4525 6034
563 581 1256 661 Jldosslssnanunul.
1519 583 1594 658 337
1770 698 1775 705 ι

222 772 277 865 qni
304 772 498 842 innomine
527 781 584 843 tuo
611 768 777 861 refugium
809 772 957 863 queant,
991 778 1026 842 et
1058 768 1199 843 salntem
1233 780 1322 842 tuam
1356 780 1534 867 expectat,
1560 783 1595 845 ct

220 887 397 980 unicuique
424 885 581 957 auxilium
606 895 642 958 et
666 883 829 958 beneficia
855 883 1014 958 concede.

325 1000 476 1073 literana
500 1023 627 1072 rocem.
679 999 723 1071 Et
749 1004 884 1096 suscipe
910 1001 1053 1074 Domine
1072 1001 1167 1073 Dens
1193 1001 1390 1075 sacrificinm
1418 1012 1596 1075 servornm

221 1127 352 1189 tuorum
379 1119 412 1187 in
439 1117 577 1189 odorem
605 1118 796 1188 suavitatis:
821 1115 948 1207 largire
964 1115 1028 1187 illis
1054 1138 1117 1211 per
1135 1115 1342 1189 clementiam
1370 1128 1477 1207 mam,
1503 1129 1594 1191 um-

220 1254 305 1327 pora
332 1230 431 1319 bona,
459 1242 493 1303 et
518 1231 616 1326 plena
632 1222 779 1323 gaudio,
807 1231 996 1303 concedens
1022 1253 1084 1325 per
1110 1236 1253 1324 gratiam
1285 1243 1374 1304 tuam
1400 1233 1535 1307 infirmis
1561 1244 1596 1305 et

221 1347 348 1419 alllictis
375 1350 560 1437 sanitatem,
588 1356 622 1418 et
648 1345 930 1420 consolationem:
957 1350 990 1418 in
1016 1350 1220 1421 necessitate
1247 1352 1449 1437 conscionis,
1477 1370 1594 1421 arma-

220 1471 328 1533 turam
354 1461 496 1535 bonam:
523 1466 644 1534 vinctis
671 1472 705 1533 ct
731 1464 873 1555 captivis
898 1459 1103 1534 libertatem:
1129 1462 1381 1557 peccatoribus,
1417 1475 1451 1535 et
1476 1468 1621 1537 enimi-¹

220 1598 298 1649 num
319 1580 399 1661 reis,
425 1580 669 1667 remissionem,
695 1579 806 1672 qniaa
832 1586 866 1648 te
893 1586 946 1649 est
961 1599 1061 1649 omne
1081 1577 1203 1650 donum
1221 1576 1357 1664 bonum,
1384 1589 1418 1650 et
1436 1580 1495 1652 tihi
1510 1580 1594 1672 glo-

224 1695 307 1762 riam
335 1691 523 1781 referimus,
543 1702 606 1764 etc.

324 1808 486 1900 Populus.
537 1810 658 1881 Amen.

325 1922 501 1995 Sacerdos
539 1923 732 1994 inclinatur.
769 1917 783 1958 ⁵
835 1924 1003 1996 Memento
1041 1924 1185 1996 Domine
1222 1945 1284 2018 per
1321 1927 1463 2015 gratiam
1507 1933 1594 1994 tuam

222 2061 309 2133 qnae
336 2038 488 2112 omnibus
516 2039 644 2128 sufficit,
670 2037 801 2131 Regum
830 2041 1030 2132 quiveram
1056 2037 1269 2131 Religionem
1295 2040 1502 2133 profitentur,
1539 2044 1596 2134 qui

221 2175 335 2225 curam
367 2164 488 2245 gerunt
510 2142 698 2225 'Ecclesiae
738 2162 816 2225 tnae
849 2163 885 2224 et
914 2154 1195 2228 lllonasteriorum
1228 2164 1358 2227 tuorum
1392 2164 1595 2243 sanctorum,

220 2270 438 2362 victoriisque
465 2265 622 2365 perfectis
648 2288 774 2340 corona
800 2269 886 2342 illos.

323 2384 475 2456 Eleoarca
499 2407 626 2455 vocem.
679 2383 815 2477 Adjnva
842 2387 941 2455 etiam
967 2383 1043 2456 illos
1071 2386 1186 2479 quiin
1213 2385 1380 2473 maribus,
1408 2393 1465 2455 ant
1489 2383 1595 2456 labo-

218 2502 321 2572 riosis
346 2500 518 2572 itineribus
545 2509 633 2588 sunt,
660 2500 820 2587 Domine,
857 2509 892 2571 et
924 2521 986 2573 eos
1019 2503 1076 2593 quii
1110 2522 1130 2572 a
1157 2499 1312 2592 malignis
1338 2499 1508 2594 spiritibus
1535 2502 1597 2570 in-

219 2614 394 2705 festantur,
419 2614 536 2687 libera.
585 2616 774 2688 Potentiam
799 2614 932 2708 Regum
957 2614 1193 2710 Tyrannorum
1218 2620 1414 2712 comprime,
1441 2624 1477 2686 et
1502 2612 1596 2697 libe-

218 2732 383 2802 rationem
410 2729 594 2826 perfectam
622 2729 664 2803 ah
698 2728 850 2802 omnibns
885 2728 1146 2826 quibuscumque
1177 2732 1317 2804 inimicis
1349 2729 1448 2802 nobis
1475 2726 1595 2816 tribue,

222 2847 299 2940 qnia
325 2856 360 2918 tn
387 2844 549 2933 salvator,
577 2854 611 2916 et
636 2844 799 2918 liberator
832 2848 977 2919 omnium
1004 2867 1062 2936 es,
1093 2855 1128 2916 et
1153 2843 1212 2917 tibi
1238 2844 1380 2939 gloriam
1407 2842 1595 2931 referimus,

222 2969 256 3031 et
282 2963 453 3052 unigenito
480 2959 567 3031 Filio
594 2969 663 3047 tuo,
690 2970 754 3031 eto.

326 3075 489 3168 Populos.
542 3075 662 3147 Amen.

325 3190 502 3262 Sacerdos
527 3190 720 3261 inclinatur.
761 3188 930 3262 Memento
957 3190 1112 3277 Domine,
1138 3188 1203 3263 hoc
1228 3196 1381 3283 tempore
1407 3187 1503 3280 hnjns
1530 3209 1598 3260 sa-

197 3305 358 3395 crificii,
386 3307 532 3377 omnium
558 3313 771 3394 sanctorum,
806 3308 862 3400 qui
886 3302 1019 3376 fuerunt
1054 3327 1074 3375 a
1109 3303 1263 3377 saeculo:
1295 3306 1476 3400 praecipue
1511 3323 1596 3375 vero

221 3442 357 3517 semper
382 3420 532 3511 Virginis
560 3429 697 3493 sanctae
723 3421 893 3512 genitricis
914 3419 977 3491 Dei
991 3420 1132 3509 lllariue,
1158 3417 1411 3514 Prophetarum,
1437 3418 1595 3513 Aposto-

220 3533 343 3626 lorum,
368 3535 565 3630 Martprum,
592 3534 840 3622 solitariorum,
875 3545 909 3605 et
933 3534 1135 3629 reliquorum
1168 3536 1409 3626 Agonistarum
1434 3531 1597 3629 praecla-

221 3672 334 3722 rorum
359 3671 422 3746 pro
450 3672 534 3722 vera
561 3648 751 3742 Religione.

326 3765 477 3836 Electrae
509 3786 636 3835 vocem.
689 3763 735 3836 Ut
765 3785 828 3859 per
861 3767 1030 3837 orationes
1065 3785 1182 3837 eorum
1210 3762 1455 3859 acceptabiles,
1482 3769 1597 3837 susci·
1662 3744 1666 3755 “

220 3882 331 3974 piatur
356 3879 554 3951 sacrificirnn
580 3878 645 3951 hoc
671 3881 836 3950 tenuitatis
850 3889 999 3966 nostrae,
1019 3889 1135 3951 coram
1150 3881 1325 3970 majestate
1351 3889 1420 3968 tna,
1447 3890 1482 3951 et
1504 3879 1596 3972 digni

222 3995 401 4068 efficiamur
426 4016 503 4083 nos,
530 4005 564 4065 et
591 3997 645 4087 qui
671 4016 718 4065 ex
743 3993 842 4066 nobis
871 3991 1017 4064 defuncti
1042 4001 1129 4082 sunt,
1156 3995 1229 4088 pari
1251 4016 1327 4064 cum
1354 3996 1404 4065 eis
1432 4003 1537 4082 sorte,
1563 4003 1599 4064 et

223 4108 350 4182 deliciis
378 4111 573 4204 quaeipsis
599 4120 821 4203 praeparatae
848 4117 942 4196 sunt,
971 4110 1047 4201 quia
1074 4117 1109 4178 tn
1136 4117 1272 4180 sanctus
1299 4130 1357 4195 es,
1390 4116 1425 4179 ct
1450 4111 1485 4179 in
1511 4129 1596 4180 san-

221 4228 286 4297 ctis
310 4224 549 4319 beneplacens,
576 4235 610 4295 et
636 4223 693 4296 tibi
705 4223 847 4316 gloriam
872 4220 1062 4312 referimus,
1089 4233 1123 4293 et
1148 4224 1319 4314 unigenito
1335 4221 1421 4295 Filio
1447 4232 1517 4311 tuo,
1533 4232 1596 4292 etc.

325 4338 488 4432 Populus.
543 4341 663 4411 Amen.

326 4452 502 4527 Sacerdos
536 4455 729 4525 inclinatur.
781 4453 951 4525 Memento
987 4452 1130 4525 Domina
1166 4454 1311 4525 omnium
1348 4452 1524 4524 Pastorum
1563 4457 1598 4522 ct

220 4570 405 4642 Doctorum
439 4568 617 4642 Ecclesiae
651 4566 888 4652 Orthodoxae,
923 4589 1038 4641 eorum
1067 4569 1122 4661 qni
1154 4590 1174 4637 a
1199 4567 1301 4638 Petro
1329 4577 1362 4637 et
1392 4563 1496 4637 Panlo
1531 4563 1597 4636 lnuc

220 4683 632 4779 usqnepraedicaverunt
656 4681 898 4774 Evangelicam
924 4679 1204 4776 praedicationem
1239 4683 1274 4751 in
1306 4678 1390 4752 orbe
1421 4684 1596 4768 universo,

220 4802 401 4893 praecipue
427 4820 512 4870 vcro
539 4798 575 4870 S.
602 4795 723 4869 iacobi
753 4790 768 4831 ⁶
794 4796 950 4869 Bordaei.

327 4913 479 4984 Eleoarac
504 4932 630 4983 uocem.
681 4909 807 4985 Eorum
843 4913 897 5003 qui
932 4914 965 4981 in
1000 4932 1199 5004 unaquaque
1239 4912 1459 5000 generatione
1491 4929 1597 5004 prae-

221 5026 356 5100 fuerunt
388 5025 513 5122 populo
548 5036 606 5099 tuo
638 5026 747 5117 fideli,
763 5097 766 5102 ,
783 5028 905 5120 quique
939 5025 1061 5096 lumine
1095 5022 1273 5120 praeclaro
1313 5024 1484 5095 doctrinae
1516 5044 1597 5095 suae
