4525 6034
520 585 605 662 SIVE
632 582 764 660 GANDN
789 582 1036 660 UNllh'llShhlS
1063 582 1296 661 ΑΕΤΗΙΟΡΠΜ.
1520 583 1598 659 teo

215 792 359 861 corum,
384 771 538 859 Maximi,
565 771 738 859 Demetrii,
764 769 897 865 Moysis
923 772 1028 865 patris
1055 771 1175 859 sancti,
1202 778 1237 842 et
1263 769 1483 865 quadraginta
1497 769 1599 842 hiar-

214 897 349 983 tyrum:
376 895 412 958 et
436 889 545 960 Patris
571 888 678 959 nostri
704 883 1065 974 'iscla-Haimauoth,
1091 895 1126 957 et
1152 885 1262 959 Patris
1280 889 1388 959 nostri
1413 885 1600 959 venerandi

214 1002 436 1076 Patriarchae
462 1005 567 1076 nostri
593 1001 635 1074 N.
663 1005 835 1094 Regisque
861 1003 968 1073 nostri
994 998 1143 1089 Claudii,
1170 1008 1205 1072 et
1234 1003 1380 1072 omnium
1411 1023 1512 1074 cruce
1546 1004 1600 1073 si-

212 1129 400 1210 gnatorum
422 1122 587 1212 justorum
614 1127 649 1189 et
674 1118 878 1206 electonrm,
905 1126 938 1188 et
963 1114 1090 1208 Angeli
1116 1115 1181 1188 diei
1196 1113 1293 1208 hujus
1320 1126 1467 1188 sanctae.
1504 1114 1598 1187 Dra-

211 1237 331 1308 tiones
357 1257 493 1323 eorum,
520 1233 837 1327 henedictionesque
865 1241 898 1303 et
924 1233 1184 1304 intercessiones
1213 1253 1346 1319 eorum,
1373 1241 1408 1303 et
1433 1252 1504 1325 pax
1531 1253 1598 1304 eo-

210 1372 310 1441 rum,
339 1362 374 1423 et
400 1354 522 1422 caritas
549 1352 614 1422 Dei
640 1353 705 1422 sint
730 1346 905 1421 nohiscum
931 1349 964 1418 in
991 1345 1127 1419 saecula
1154 1346 1376 1421 saeculorum.
1428 1348 1548 1421 Amen.

324 1466 510 1538 Sacerdos.
536 1464 644 1539 Nobis
672 1476 705 1537 et
732 1463 885 1537 omnihus
920 1465 975 1556 qui
1011 1465 1156 1556 quietem
1189 1473 1392 1559 acceperunt
1425 1466 1600 1555 miserere,

211 1591 249 1653 tu
278 1585 340 1678 qui
366 1584 482 1654 misisti
509 1581 627 1653 Filimn
653 1592 743 1653 tunm
770 1583 804 1652 in
831 1582 937 1651 sinum
963 1575 1124 1670 Virginis.

323 1697 514 1769 Diaconos.
543 1697 607 1783 Qui
633 1696 758 1769 sedetis
785 1697 922 1786 surgite.

324 1811 509 1884 Sacerdos.
538 1810 694 1885 Gestatus
720 1820 772 1882 est
798 1813 833 1882 in
858 1818 972 1894 utero,
1000 1816 1036 1880 et
1061 1831 1144 1881 caro
1171 1807 1279 1883 lactus
1307 1821 1360 1884 est
1380 1811 1485 1885 Filius
1502 1805 1597 1910 tuus,

210 1927 519 2023 manifestatusque
545 1938 598 1999 est
625 1951 644 1999 a
671 1927 796 2024 Spiritu
823 1935 951 1998 sancto.
1441 1904 1449 1917 ⁰

328 2040 515 2114 Wmonas.
541 2042 597 2115 Ad
625 2042 795 2115 Orientem
822 2042 972 2137 aspicite.

322 2158 509 2232 Sacerdos.
545 2156 669 2231 Coram
703 2168 737 2229 te
770 2167 858 2229 stant
892 2153 982 2228 mille
1017 2153 1137 2228 millies
1169 2154 1294 2248 Augeli
1328 2167 1362 2229 et
1392 2155 1599 2251 Archangeli

211 2279 339 2348 sancti.

325 2391 513 2462 Diacosrts.
538 2387 769 2461 Attendamus.

323 2504 508 2578 Sacerdos.
535 2503 736 2576 Veneranda
763 2501 916 2573 animalia
943 2522 1009 2573 sex
1034 2500 1105 2573 alas
1141 2499 1315 2591 haheotia,
1356 2498 1533 2596 Seraphim
1565 2513 1599 2576 et

210 2618 418 2711 Cherubim,
448 2623 504 2715 qui
530 2617 657 2692 duahus
684 2617 806 2690 faciem
832 2638 927 2690 suam
953 2626 1084 2708 tegunt,
1112 2614 1240 2690 duabus
1258 2616 1363 2713 pedes
1380 2639 1479 2691 suos:
1507 2617 1597 2690 dua-

208 2734 349 2830 busque
381 2735 499 2810 volant
525 2758 544 2827 a
571 2733 689 2809 finibus
721 2755 828 2827 usque
862 2732 905 2803 ad
939 2731 1023 2804 lines
1057 2732 1184 2804 muudi:
1217 2742 1255 2803 et
1286 2734 1371 2805 sicut
1404 2754 1538 2829 semper
1564 2744 1598 2807 te

208 2850 353 2923 landant
377 2860 411 2922 et
437 2850 651 2938 sanctificant,
680 2853 725 2921 ita
759 2850 893 2944 suscipe
926 2844 986 2919 has
1019 2847 1317 2941 sanctificationes,
1345 2870 1427 2944 quas
1455 2848 1513 2921 tihi
1540 2849 1597 2921 di-

210 2969 341 3039 cimus:
369 2966 531 3056 Saoctus,
558 2966 722 3053 Sanctus,
750 2963 904 3037 Sanctus.

323 3082 513 3152 morra.
541 3080 768 3177 Respondete.

323 3196 486 3289 Populus.
519 3197 682 3284 Sanctus,
718 3196 880 3282 Sanctus,
918 3192 1082 3283 Sanctus,
1119 3195 1283 3271 Dominus
1318 3195 1411 3267 Deus
1438 3193 1596 3269 Sabaoth.

210 3313 313 3385 Pleni
341 3322 416 3384 sunt
442 3310 529 3384 coeli
556 3322 590 3383 et
616 3321 706 3383 terra
732 3312 906 3385 sanctitate
933 3308 1064 3403 gloriae
1090 3313 1172 3404 ejus.

323 3427 508 3499 Sacerdos.
535 3427 628 3500 Vere
654 3426 743 3523 pleni
770 3435 846 3499 sunt
871 3426 958 3497 coeli
985 3437 1019 3497 et
1045 3437 1134 3498 terra
1160 3430 1336 3498 sanctitate
1353 3425 1484 3520 gloriae
1506 3438 1597 3519 tuae,

210 3564 278 3639 per
305 3542 502 3632 Dominum,
530 3552 565 3615 et
590 3541 795 3617 salvatorem
820 3551 969 3615 nostrum
995 3541 1112 3614 lesum
1147 3542 1331 3630 Christum,
1363 3566 1446 3614 cum·
1471 3542 1599 3640 Spiritu

212 3667 352 3746 sancto,
379 3658 574 3732 insaecula
601 3658 822 3732 saeculorum.
848 3660 968 3731 Amen.
1007 3656 1152 3730 Sanctus
1174 3657 1278 3732 Filius
1306 3668 1393 3749 tuus,
1420 3663 1476 3755 qui
1500 3665 1597 3734 veuit

212 3783 250 3846 et
277 3784 377 3846 natus
404 3785 456 3847 est
483 3796 529 3845 ex
556 3773 715 3867 Virgine,
742 3784 779 3845 ut
804 3773 1009 3845 voluntatem
1037 3785 1124 3847 mam
1152 3774 1346 3869 perficeret,
1373 3774 1599 3871 populumque

211 3899 370 3963 sanctum
396 3891 454 3963 tihi
481 3892 706 3962 constitueret.

323 4003 391 4074 Hic
417 4003 594 4077 Sacerdos
619 4028 738 4077 manus
762 4026 844 4075 scos
869 4007 1019 4097 importet
1044 4003 1232 4092 thuribulo,
1266 4025 1413 4099 auosque
1439 4027 1501 4075 cas
1527 4028 1597 4076 es-

213 4118 334 4190 tendet
360 4142 463 4213 super
491 4119 650 4193 oblatam.

325 4234 487 4328 Papulas.
515 4235 707 4309 Secundum
733 4232 997 4308 misericordiam
1023 4245 1112 4307 tuam
1131 4236 1235 4323 Deus,
1262 4245 1296 4306 et
1323 4256 1389 4306 uon
1417 4234 1597 4307 secondum

220 4353 391 4444 nequitias
418 4363 572 4429 nostras.
600 4353 648 4423 Et
673 4351 799 4422 dicilrrr
826 4356 889 4421 ter.
1213 4428 1224 4443 ⁰

326 4464 511 4539 Sacerdos.
538 4467 698 4540 Extendit
724 4488 841 4538 manos
876 4489 954 4539 suas
987 4466 1028 4538 ad
1054 4469 1263 4562 passionem,
1296 4485 1418 4561 passus
1451 4473 1520 4553 est,
1560 4472 1597 4534 ut

216 4582 400 4676 passiones
427 4583 594 4677 solveret,
621 4605 737 4656 eorum
765 4586 984 4677 quisperant
1014 4585 1046 4652 in
1080 4590 1130 4654 te:
1171 4585 1225 4677 qui
1256 4580 1388 4653 tradidit
1421 4600 1460 4651 se
1491 4581 1600 4673 ipsum

216 4694 395 4768 voluntate
426 4701 582 4794 propria,
617 4697 659 4770 ad
694 4697 904 4794 patiendum,
937 4707 972 4768 ut
1005 4706 1144 4769 mortem
1178 4696 1364 4770 destrueret
1397 4703 1431 4765 et
1466 4690 1599 4765 vincula
1670 4738 1674 4745 ·

216 4822 360 4884 satanae
387 4812 600 4901 dissolveret,
628 4812 790 4885 infernum
812 4812 975 4885 calcaret:
1002 4822 1235 4885 testamentum
1251 4834 1345 4886 suum
1368 4812 1598 4899 constitueret,

216 4935 254 4996 et
280 4932 562 5002 resurrectionem
590 4952 682 5004 suam
709 4927 947 5001 mamtestaret.
1000 4926 1051 5000 Ea
1078 4932 1153 5023 ipsa
1178 4936 1278 5000 noete
1308 4930 1339 4998 in
1368 4949 1433 5022 qua
1459 4923 1598 4997 traditus

215 5050 293 5129 est,
324 5041 371 5113 13
400 5046 530 5140 accepit
556 5050 676 5140 panem
703 5047 737 5116 in
763 5065 880 5118 manus
908 5065 987 5116 suas
1014 5053 1164 5131 sanctas,
1191 5040 1309 5117 heatas
1336 5052 1371 5115 et
1397 5039 1590 5114 immacula-
