4525 6034
685 575 746 695 18,
1069 572 1683 653 ossoooonnurtls

789 761 907 857 Operti
934 770 1011 835 sunt
1037 760 1125 834 coeli
1152 759 1331 856 splendore
1358 762 1432 850 ejus
1459 758 1625 853 glorioso,
1652 771 1688 833 et
1711 760 1810 834 laude
1838 764 1911 855 ejas
1936 762 2052 858 repleta

683 886 736 951 est
761 888 862 950 terra.
1694 946 1696 955 .

787 993 915 1087 Incipit
940 992 1087 1064 Sedram
1112 991 1319 1087 qeneralem,
1345 994 1553 1086 imponitque
1580 991 1667 1081 thar,
1695 998 1730 1064 et
1754 993 1848 1064 dicit.

786 1108 843 1183 Ad
870 1108 1002 1181 laudem
1028 1118 1063 1179 et
1086 1107 1251 1180 honorem
1277 1108 1448 1179 Trinitatis
1476 1117 1615 1179 sanctae
1641 1117 1675 1179 et
1701 1108 1886 1200 gloriosae,
1914 1119 2053 1180 aromata

683 1229 895 1320 imponuntur
921 1247 982 1319 per
1007 1245 1125 1296 manus
1151 1242 1245 1294 meas
1272 1226 1494 1317 peccatrices:
1527 1245 1661 1295 oremus
1694 1245 1830 1315 omnes,
1866 1235 1900 1295 et
1925 1226 2052 1296 miseri-

685 1340 847 1432 cordiam,
874 1348 909 1411 et
934 1341 1076 1431 gratiam
1103 1363 1123 1410 a
1150 1340 1295 1410 Domino
1321 1337 1538 1434 postulemus.

790 1455 1035 1550 imponensque
1061 1460 1231 1541 aromata,
1259 1458 1382 1548 incipit
1406 1453 1555 1525 Sedram
1579 1457 1783 1548 qeneralem.
1810 1457 2030 1528 Prooemimn.

792 1570 883 1642 Laus
914 1568 1035 1641 fructui
1062 1569 1109 1641 illi
1135 1568 1364 1658 desiderabili,
1397 1572 1452 1664 qui
1485 1593 1532 1641 ex
1559 1572 1634 1643 sinu
1664 1571 1822 1664 virginali
1847 1575 2055 1662 germinavit:

685 1697 720 1759 et
746 1690 943 1760 memoriam
970 1688 1141 1779 genitricis
1169 1684 1502 1777 suaemagnificavit,
1528 1708 1778 1783 perennemque
1802 1686 1901 1758 iecit:
1927 1686 1971 1757 illi
1984 1689 2055 1759 Do-

685 1805 774 1875 mino
803 1802 991 1890 adorando,
1027 1803 1122 1892 cujus
1155 1801 1318 1893 gloriam,
1354 1801 1476 1874 festum
1509 1811 1699 1873 sanctorum
1733 1824 1867 1874 suorum
1905 1813 1939 1873 et
1972 1802 2056 1875 chori

686 1941 802 1991 eoram
833 1920 919 1990 inter
955 1927 1128 1989 creaturas
1162 1916 1353 1989 celebrant:
1393 1916 1438 1987 illi
1473 1921 1555 1989 vivo
1590 1927 1624 1989 et
1656 1918 1855 2005 vivificanti,
1896 1922 1951 2012 qui
1976 1940 2054 1989 voce

575 2048 578 2063 ·
686 2056 749 2107 sua
774 2032 922 2126 benigna
947 2044 1098 2105 mortuos
1125 2035 1274 2122 suscitat,
1302 2042 1336 2103 ct
1362 2053 1476 2104 secum
1503 2035 1536 2103 in
1563 2030 1672 2124 gloria
1699 2055 1760 2107 sua
1783 2034 1952 2126 Jucunda,
1985 2035 2055 2107 lae-

684 2149 804 2239 tificat3
842 2171 941 2243 quem
974 2149 1086 2236 decet,
1122 2157 1190 2219 etc.

790 2265 915 2336 Sadra.
942 2264 1135 2338 Adoramus
1161 2273 1208 2355 te,
1235 2272 1270 2334 et
1296 2263 1492 2335 confitemur
1516 2261 1576 2334 tihi
1603 2275 1737 2337 creator
1763 2265 1886 2354 mundi,
1915 2277 1949 2338 et
1975 2290 2054 2339 con-

684 2380 772 2452 ditor
783 2390 1022 2469 creaturarum,
1039 2380 1138 2452 radix
1152 2378 1341 2471 benedicta,
1357 2403 1443 2475 quae
1460 2383 1662 2472 germinavit
1680 2390 1715 2453 et
1730 2381 1879 2454 ascendit
1906 2382 1957 2483 ἀει
1974 2393 2054 2453 terra
2079 2372 2084 2385 ’

686 2500 808 2570 sitienti
839 2494 963 2583 Maria,
997 2503 1031 2567 et
1064 2495 1194 2591 repleta
1226 2506 1279 2568 est
1310 2499 1418 2568 omnis
1450 2505 1604 2568 creatura
1645 2496 1752 2569 odore
1784 2501 1960 2570 suavitatis
1989 2501 2053 2591 ejus

686 2609 896 2709 praeclarae,
923 2614 979 2707 qui
1005 2609 1134 2707 expulit
1158 2609 1323 2683 foetorem
1350 2620 1471 2682 tetrum
1484 2614 1672 2706 impietatis,
1700 2635 1746 2684 ex
1766 2617 1856 2684 omni
1866 2623 1976 2708 parte,
2000 2635 2055 2709 per

688 2727 872 2799 doctrinam
898 2750 994 2800 suam
1018 2726 1239 2822 praeclaram.
1266 2727 1469 2800 'Ollarimus
1501 2748 1614 2799 coram
1647 2736 1681 2800 te
1714 2733 1885 2799 incensum
1918 2729 1982 2801 hoc
2018 2727 2055 2799 ud

687 2843 931 2918 similitudinem
956 2844 1076 2915 Aaron
1102 2841 1298 2915 Sacerdotis
1323 2842 1527 2932 venerandi,
1563 2846 1618 2937 qui
1650 2841 1766 2914 obtulit
1798 2842 1858 2914 tibi
1893 2847 2055 2917 incensum

685 2980 804 3053 puram
830 2962 864 3030 ia
891 2957 1108 3031 tabernaculo
1140 2957 1328 3054 temporali,
1360 2970 1394 3030 et
1424 2958 1591 3053 prohibuit
1621 2958 1855 3031 mortalitatem
1888 2984 1910 3031 a
1941 2960 2054 3056 populo

684 3073 802 3148 lsrael.
854 3072 949 3146 Ecce
980 3073 1199 3148 obsecramus
1234 3084 1267 3145 te
1300 3073 1444 3146 Domine
1475 3075 1580 3162 Deus,
1613 3076 1748 3169 suscipe
1780 3077 1954 3147 incensum
1978 3074 2055 3148 ishrd

590 3230 591 3233 π
686 3200 871 3261 aromatum
898 3189 988 3285 quod
1015 3190 1111 3262 offert
1143 3188 1202 3262 tibi
1233 3194 1376 3262 tenuitas
1407 3200 1539 3277 nostra,
1573 3212 1635 3284 pro
1667 3200 1783 3262 sancta
1810 3195 1975 3282 genitrice
1997 3193 2054 3262 Dei

690 3303 816 3377 Maria:
844 3328 906 3401 pro
933 3315 1028 3402 patre
1054 3316 1172 3379 nostro
1198 3306 1344 3394 Adamo,
1371 3314 1405 3376 et
1430 3315 1538 3377 matre
1564 3315 1682 3377 nostra
1695 3303 1787 3378 Eva:
1813 3328 1876 3402 pro
1905 3307 2054 3402 Prophe-

687 3423 731 3494 tis
758 3432 793 3493 et
817 3420 1008 3518 Apostolis:
1035 3444 1099 3518 pro
1124 3425 1190 3519 piis
1217 3433 1251 3493 et
1273 3424 1387 3513 justis:
1413 3442 1477 3516 pro
1503 3419 1708 3517 Martyribus
1723 3431 1757 3492 et
1783 3420 2053 3497 Couiessoribus:

687 3558 751 3633 pro
783 3536 938 3611 Patribus
971 3541 1113 3628 sanctis,
1148 3537 1343 3611 Pastoribus
1384 3540 1497 3627 veris,
1532 3546 1567 3607 et
1596 3535 1799 3612 Doctoribus
1841 3537 2054 3611 Orthodoris:

686 3674 749 3748 pro
776 3652 932 3727 divitibus
959 3665 994 3725 et
1018 3652 1236 3751 pauperibus:
1269 3675 1332 3748 pro
1359 3651 1514 3747 orphanis
1547 3662 1580 3724 et
1611 3651 1734 3723 viduis:
1766 3675 1829 3748 pro
1865 3654 2052 3745 angustiatis

688 3777 722 3841 et
758 3768 906 3842 afflictis:
939 3793 1002 3866 pro
1034 3770 1171 3842 infirmis
1209 3777 1244 3839 et
1279 3767 1396 3840 dolore
1428 3772 1620 3863 oppressis,
1654 3777 1688 3838 et
1719 3790 1781 3863 pro
1815 3769 1971 3842 omnihus
2005 3769 2052 3861 qui

688 3883 843 3956 dixerunt
869 3895 904 3956 et
928 3894 1172 3980 praeceperunt
1197 3883 1309 3972 nohis,
1334 3893 1371 3955 ut
1397 3906 1513 3955 eoram
1540 3904 1708 3955 memores
1736 3904 1888 3955 essemus
1918 3886 1951 3955 in
1977 3905 2051 3956 ora·

687 3999 830 4074 tionibus
857 4009 891 4072 et
917 3999 1090 4074 sacrificiis
1117 4000 1161 4072 ad
1186 4008 1233 4091 to,
1260 3998 1394 4072 Christe
1420 3999 1514 4070 Deus
1541 4007 1666 4071 noster.
1693 3998 1803 4070 Etiam
1829 4021 1893 4094 pro
1915 4000 2000 4070 vivis
2024 4005 2052 4066 et

688 4114 869 4207 defunctis,
905 4125 939 4189 et
972 4139 1036 4214 pro
1076 4120 1193 4211 requie
1225 4118 1407 4187 animarum
1442 4114 1573 4187 illorum
1611 4117 1645 4185 in
1679 4112 1868 4185 Jerusalem
1906 4113 2050 4185 coelesti:

687 4231 897 4328 gloriamque
923 4242 958 4304 et
988 4232 1150 4304 honorem
1191 4242 1225 4303 et
1266 4230 1495 4303 adorationem
1533 4228 1718 4302 referemus
1750 4229 1808 4300 tibi
1839 4230 2052 4317 Domine,ct

687 4346 779 4420 Patri
805 4338 864 4419 tuo
891 4359 925 4420 et
950 4349 1086 4445 Spiritui
1111 4357 1169 4420 tuo
1197 4357 1327 4438 sancto,
1353 4368 1452 4435 uuna,
1480 4355 1542 4417 etc.

792 4465 935 4557 Accipit
958 4469 1140 4552 incensum,
1167 4470 1203 4534 et
1228 4464 1384 4534 ascendit
1408 4463 1455 4532 ad
1479 4462 1622 4557 pradum
1643 4461 1776 4548 attaris,
1804 4467 1839 4531 et
1865 4460 1976 4531 elevat
1999 4461 2051 4527 im

688 4603 834 4669 aemam
859 4602 963 4673 saper
987 4583 1150 4673 mysteria
1175 4602 1294 4650 aerem
1321 4578 1504 4665 Orientem,
1532 4579 1689 4669 dicitque.
1734 4666 1740 4671 ἢ

792 4695 903 4791 Super
929 4697 1100 4766 incensum
1126 4704 1320 4782 aromatum,
1348 4697 1391 4766 sit
1417 4696 1578 4765 memoria
1595 4693 1743 4784 Virginis
1763 4690 1892 4762 Mariae
1919 4688 2050 4782 genitri-

688 4813 738 4883 cis
764 4812 838 4882 Dei.
892 4811 951 4901 Ad
978 4810 1228 4880 Occidentem·
1256 4809 1367 4905 Super
1393 4812 1565 4881 incensum
1591 4818 1792 4895 aromatum,
1827 4809 1870 4879 sit
1903 4804 2050 4876 memoria

688 4924 948 5021 Prophetarum,
981 4924 1244 5022 Apostolorum,
1279 4936 1313 4997 et
1344 4925 1531 5022 Martyrum
1562 4932 1761 4996 sanctorum.
1818 4923 1878 4992 Ad
1908 4920 2049 5013 Septen-

688 5045 843 5111 trionem.
895 5042 1006 5137 Super
1031 5045 1204 5114 iaccnsum
1231 5051 1435 5132 aromatum,
1462 5045 1505 5113 sit
1526 5042 1686 5112 memoria
1701 5041 1904 5128 Doctorum,
1931 5036 2048 5108 Sacer-
