4525 6034
713 558 791 634 412
1220 543 1580 642 irrorari

714 747 910 822 cessabunt:
936 772 1040 844 parce
1065 749 1183 842 nobis,
1209 749 1374 841 Domine,
1401 762 1435 824 et
1461 751 1606 825 extende
1632 765 1764 827 manum
1789 763 1879 825 tuam
1894 776 2057 849 supernos

714 887 841 938 omnes.
893 865 970 941 Non
995 869 1100 940 inires
1126 870 1160 939 in
1184 865 1340 959 judicium
1367 867 1558 956 nobiseum,
1591 892 1635 942 ne
1660 872 1778 942 venias
1810 873 1844 941 in
1869 870 2058 942 recordabo-

714 1005 790 1053 uem
823 986 1026 1079 iniquitatum
1064 994 1270 1075 nostrarum,
1305 1006 1372 1056 non
1408 983 1449 1056 ad
1484 997 1674 1058 accuratum
1710 1008 1854 1058 examen
1887 1007 2005 1072 voees,
2033 997 2060 1058 et

714 1103 896 1173 constituos
922 1123 1007 1190 nos,
1032 1123 1096 1171 nee
1123 1103 1226 1173 simus
1254 1099 1382 1195 depulsi
1409 1124 1429 1173 a
1455 1104 1564 1193 gratia
1590 1112 1659 1174 bra:
1687 1125 1754 1174 non
1781 1104 1884 1174 simus
1915 1100 2059 1174 abeniab

713 1215 918 1288 haereditate
946 1226 1019 1303 tua,
1046 1239 1114 1288 non
1147 1214 1373 1289 acerbissimis
1407 1217 1576 1313 suppliciis
1608 1218 1789 1291 tradamur:
1822 1240 1890 1290 non
1921 1215 1961 1288 ad
1990 1240 2062 1289 ver-

713 1355 799 1403 mem
827 1331 1020 1404 stridentem
1047 1331 1218 1423 dentibus,
1245 1356 1319 1405 eum
1350 1335 1458 1429 impiis
1492 1356 1556 1406 nos
1588 1334 1766 1407 amandes:
1799 1357 1868 1407 non
1902 1335 1936 1404 in
1965 1356 2062 1405 eorum

712 1458 808 1544 parte
836 1451 891 1542 qui
917 1457 951 1519 te
978 1446 1215 1520 crucifixerunt
1238 1471 1464 1521 numeremur:
1490 1473 1559 1523 non
1586 1473 1660 1523 eum
1675 1454 1784 1546 impiis
1799 1459 1992 1524 statuemur:
2008 1470 2062 1520 nou

713 1567 796 1637 socii
822 1568 1008 1659 iniquorum
1035 1567 1154 1653 simne,
1181 1587 1249 1636 non
1276 1568 1309 1636 in
1336 1565 1414 1638 lletu
1440 1577 1474 1638 et
1506 1567 1651 1639 stridore
1685 1567 1828 1640 dentium
1859 1568 2063 1662 projiciamur.

713 1680 767 1752 Ne
795 1681 947 1774 abneges
973 1705 1053 1756 nos:
1081 1685 1123 1753 'ut
1158 1703 1219 1754 eos
1256 1685 1311 1777 qui
1344 1693 1377 1753 te
1408 1703 1474 1754 non
1509 1694 1690 1771 noverunt,
1725 1705 1834 1778 neque
1866 1682 1985 1777 perdas
2013 1703 2064 1752 nos

713 1820 788 1870 eum
814 1797 879 1870 illis
906 1801 962 1894 qui
988 1801 1021 1870 in
1048 1808 1082 1869 te
1107 1819 1176 1870 non
1202 1797 1434 1888 erediderunt,
1461 1798 1523 1871 sed
1540 1802 1622 1872 oriri
1638 1800 1694 1871 lac
1710 1797 1809 1872 nobis
1825 1797 1964 1871 salutem
1981 1807 2064 1886 tuam
2201 1877 2202 1882 η

713 1913 881 1988 danobis
910 1918 1044 1987 veniam
1071 1914 1253 1987 seeundum
1280 1937 1430 1988 amorem
1456 1925 1545 1986 tuum
1572 1938 1655 2009 erga
1682 1914 1847 1989 homines:
1876 1918 1966 1986 mitte
1984 1913 2049 1986 nob·
2201 1929 2202 1936 ’

713 2030 846 2104 divitias
873 2032 1070 2105 elementiae
1097 2042 1190 2119 tuae,
1218 2041 1253 2103 et
1278 2034 1442 2104 constitue
1470 2054 1532 2104 nos
1568 2030 1610 2103 ad
1644 2032 1816 2104 dexteram
1850 2043 1951 2103 tuam.
1999 2030 2065 2101 lle-

712 2157 824 2220 mento
852 2151 997 2222 omnium
1022 2156 1172 2221 nosbum
1199 2169 1260 2243 per
1287 2151 1518 2222 miserationes
1552 2157 1643 2237 tuas,
1678 2148 1774 2222 salva
1806 2170 1871 2220 nos
1906 2145 2066 2219 seeundum

711 2263 947 2338 multitudinem
973 2262 1130 2338 bonitatis
1157 2275 1250 2336 tuoe:
1278 2264 1400 2359 adjuva
1414 2286 1477 2339 nos
1499 2287 1562 2360 per
1579 2263 1787 2337 elementiam
1806 2275 1916 2352 tuam;
1942 2263 2066 2356 adjunge

711 2401 775 2452 nos
802 2385 901 2474 gregi
927 2392 1003 2471 tuo,
1030 2392 1065 2454 et
1096 2404 1235 2454 numera
1268 2403 1331 2455 nos
1364 2385 1398 2452 in
1431 2379 1557 2453 ordine
1575 2381 1768 2454 dilectorum
1803 2393 1958 2468 tuorum;
1990 2379 2067 2451 edice

712 2517 775 2569 nos
802 2496 922 2590 dignos
953 2520 1061 2592 regno
1095 2506 1169 2585 tuo,
1204 2498 1353 2571 introduc
1378 2520 1441 2571 nos
1468 2501 1501 2568 in
1534 2497 1710 2570 thalamum
1742 2509 1840 2571 tuum
1897 2496 2067 2593 Eapropter

711 2611 866 2688 Ecclesia
894 2626 967 2705 tua,
994 2624 1028 2687 et
1054 2636 1144 2707 grex
1170 2623 1245 2690 tuus
1272 2614 1471 2711 deprecatur
1497 2625 1543 2707 te,
1570 2625 1604 2687 et
1629 2638 1691 2711 per
1708 2627 1753 2707 te,
1771 2626 1805 2688 et
1823 2625 1938 2687 tecum
1954 2615 2066 2686 Patren

712 2738 820 2819 tuum,
847 2732 972 2804 dicens.

816 2847 979 2941 Populea.
1031 2848 1197 2922 Miserere
1222 2852 1338 2922 nostri.

816 2963 1001 3036 Sacerdos.
1054 2965 1128 3038 Nos
1156 2988 1299 3061 quoque.

814 3081 1004 3153 Diaconos.
1058 3081 1167 3169 Quam
1192 3081 1336 3155 timenda
1364 3091 1417 3153 est
1441 3080 1524 3153 baec
1551 3079 1644 3153 bora.

840 3357 1023 3429 Sacerdos·
1047 3357 1231 3430 inclinatae
1257 3359 1343 3428 dicit
1376 3356 1633 3428 lanceationem
1658 3355 1811 3451 Spiritus
1837 3361 1961 3428 carecti.
2081 3359 2086 3374 ’

421 3561 562 3617 nondecim
585 3563 698 3631 spato
815 3549 980 3621 Miserere
1005 3550 1083 3636 mei‚
1110 3548 1266 3638 Domine,
1293 3558 1327 3619 et
1354 3547 1473 3618 exaudi
1501 3570 1554 3619 me
1581 3545 1644 3619 boe
1671 3556 1835 3642 tompore,
1864 3557 1900 3618 et
1926 3550 2012 3617 mitte
2035 3542 2067 3612 de

388 3647 479 3704 lorum·

711 3663 816 3737 coelis
842 3668 906 3738 tuis
934 3664 1081 3738 excelsis
1095 3664 1254 3760 Spiritum
1281 3674 1368 3736 tuum
1397 3675 1558 3752 sanction,
1585 3674 1618 3733 et
1644 3663 1826 3734 sanctificet
1842 3662 2067 3736 Eueiansuan

711 3775 796 3852 han'e
814 3782 1035 3876 spiritualem:
1063 3784 1213 3877 spiritum
1226 3778 1396 3866 Sanctum,
1413 3777 1471 3850 tibi
1489 3777 1673 3874 aequalem,
1692 3779 1890 3868 substantia,
1912 3791 1947 3852 et
1961 3780 2066 3871 gloria:
2199 3839 2200 3842 ,

711 3901 767 3991 qui
793 3920 895 3993 super
920 3900 1125 3991 unigenitum
1141 3896 1260 3970 Filium
1287 3905 1376 3969 tuum
1401 3899 1435 3967 in
1455 3895 1603 3968 Jordane
1629 3893 1762 3967 llumine
1789 3900 1946 3991 apparuit
1972 3897 2068 3990 specie

710 4013 903 4088 columbae:
931 4025 965 4087 et
991 4036 1093 4111 super
1117 4012 1305 4109 Apostolos
1333 4025 1407 4086 tuos
1435 4021 1584 4100 sanctos,
1610 4015 1643 4083 in
1669 4012 1789 4104 linguis
1816 4016 1931 4104 igneis
1949 4014 1980 4082 in
1995 4032 2067 4083 coe-

709 4132 831 4204 naculo
858 4133 1042 4227 requievit3
1067 4153 1123 4202 me
1150 4151 1282 4225 quoque
1308 4130 1457 4224 perficiat
1482 4151 1544 4226 per
1569 4131 1713 4220 gretiam
1739 4138 1827 4201 suam
1851 4152 1917 4202 vas
1935 4129 2067 4212 siecum

712 4259 746 4320 et
772 4260 883 4346 aptum
911 4250 1093 4321 ministerio
1120 4246 1251 4340 gloriae
1278 4257 1364 4319 tuae.

814 4365 966 4436 Eleeuce
991 4387 1118 4436 aecem.
1171 4363 1304 4437 Exaudi
1330 4387 1402 4454 me,
1428 4364 1581 4436 Domine.

776 4515 782 4526 ·
813 4481 976 4575 Populus.
1029 4482 1137 4578 llyrie
1167 4480 1304 4554 eleison.

813 4597 999 4670 Sacerdos.
1038 4598 1084 4670 Ut
1108 4602 1183 4694 ipse
1209 4596 1362 4686 illabens,
1390 4605 1424 4668 et
1449 4594 1672 4684 sanctificans,
1697 4592 1798 4664 faeiat
1810 4614 1935 4688 panem
1957 4588 2067 4688 quiden

710 4719 824 4806 istum,
858 4738 981 4810 eorpus
1016 4726 1183 4804 sanetum,
1216 4736 1339 4810 corpus
1370 4714 1548 4810 purificans
1582 4723 1615 4784 et
1646 4714 1932 4808 propitiatorium,
1964 4725 2066 4800 eorpus

709 4842 886 4927 praestans
914 4829 1273 4927 incorruptibilitatem:
1305 4853 1428 4926 eorpus
1454 4829 1588 4902 Domini
1615 4830 1678 4902 Dei
1714 4838 1747 4900 et
1773 4826 1955 4901 salvatoris
1981 4821 2067 4894 nosni

710 4950 793 5021 lesu
821 4948 959 5037 consu,
987 4948 1029 5020 ad
1055 4951 1287 5021 remissionem
1313 4958 1546 5042 peecatorum,
1579 4948 1746 5052 etlvitam
1772 4955 1945 5016 aeternam
1972 4938 2065 5014 susei-

710 5065 876 5163 pientibus
902 5064 991 5138 illud.
1201 5064 1363 5158 Papulae.
1415 5064 1535 5135 Amen
