<?xml version="1.0" encoding="UTF-8"?>
<!DOCTYPE html PUBLIC "-//W3C//DTD XHTML 1.0 Transitional//EN"
    "http://www.w3.org/TR/xhtml1/DTD/xhtml1-transitional.dtd">
<html xmlns="http://www.w3.org/1999/xhtml" xml:lang="en" lang="en">
 <head>
  <title>
</title>
<meta http-equiv="Content-Type" content="text/html;charset=utf-8" />
  <meta name='ocr-system' content='tesseract 3.04.00' />
  <meta name='ocr-capabilities' content='ocr_page ocr_carea ocr_par ocr_line ocrx_word'/>
</head>
<body>
  <div class='ocr_page' id='page_1' title='image "./liturgiarumorie00unkngoog/liturgiarumorie00unkngoog_0839.png"; bbox 0 0 4525 6034; ppageno 0'>
   <div class='ocr_carea' id='block_1_1' title="bbox 544 552 1570 634">
    <p class='ocr_par' dir='ltr' id='par_1_1' title="bbox 544 552 1570 634">
     <span class='ocr_line' id='line_1_1' title="bbox 544 552 1570 634; baseline 0.003 -5"><span class='ocrx_word' id='word_1_1' title='bbox 544 552 595 632; x_wconf 81' lang='lat' dir='ltr'><strong>ln</strong></span> <span class='ocrx_word' id='word_1_2' title='bbox 627 552 929 634; x_wconf 73' lang='lat' dir='ltr'><strong>attitulas</strong></span> <span class='ocrx_word' id='word_1_3' title='bbox 961 552 1240 633; x_wconf 77' lang='lat' dir='ltr'><strong>stainans.</strong></span> <span class='ocrx_word' id='word_1_4' title='bbox 1458 554 1570 632; x_wconf 81' lang='grc'><strong>,125</strong></span> 
     </span>
    </p>
   </div>
   <div class='ocr_carea' id='block_1_2' title="bbox 212 736 1571 1116">
    <p class='ocr_par' dir='ltr' id='par_1_2' title="bbox 212 736 1571 1116">
     <span class='ocr_line' id='line_1_2' title="bbox 215 736 1570 819; baseline 0.003 -19"><span class='ocrx_word' id='word_1_5' title='bbox 215 736 249 800; x_wconf 82' lang='lat' dir='ltr'><strong>ad</strong></span> <span class='ocrx_word' id='word_1_6' title='bbox 269 736 469 817; x_wconf 73' lang='lat' dir='ltr'><strong>disciplinam,</strong></span> <span class='ocrx_word' id='word_1_7' title='bbox 498 744 560 801; x_wconf 85' lang='lat' dir='ltr'><strong>tuan</strong></span> <span class='ocrx_word' id='word_1_8' title='bbox 582 738 620 802; x_wconf 87' lang='lat' dir='ltr'><strong>ad</strong></span> <span class='ocrx_word' id='word_1_9' title='bbox 643 737 730 802; x_wconf 80' lang='lat' dir='ltr'><strong>fidem</strong></span> <span class='ocrx_word' id='word_1_10' title='bbox 752 738 939 819; x_wconf 75' lang='lat' dir='ltr'><strong>spectabant</strong></span> <span class='ocrx_word' id='word_1_11' title='bbox 984 737 1116 802; x_wconf 77' lang='lat' dir='ltr'><strong>Tandem</strong></span> <span class='ocrx_word' id='word_1_12' title='bbox 1138 756 1244 804; x_wconf 85' lang='lat' dir='ltr'><strong>omnes</strong></span> <span class='ocrx_word' id='word_1_13' title='bbox 1266 741 1419 805; x_wconf 88' lang='lat' dir='ltr'><strong>orationes</strong></span> <span class='ocrx_word' id='word_1_14' title='bbox 1442 746 1474 802; x_wconf 87' lang='lat' dir='ltr'><strong>at</strong></span> <span class='ocrx_word' id='word_1_15' title='bbox 1495 758 1570 804; x_wconf 86' lang='lat' dir='ltr'><strong>cae·</strong></span> 
     </span>
     <span class='ocr_line' id='line_1_3' title="bbox 212 835 1571 924; baseline 0 -24"><span class='ocrx_word' id='word_1_16' title='bbox 212 838 364 914; x_wconf 70' lang='lat' dir='ltr'><strong>monins,</strong></span> <span class='ocrx_word' id='word_1_17' title='bbox 386 835 494 917; x_wconf 83' lang='lat' dir='ltr'><strong>quibus</strong></span> <span class='ocrx_word' id='word_1_18' title='bbox 515 836 585 901; x_wconf 87' lang='lat' dir='ltr'><strong>illae</strong></span> <span class='ocrx_word' id='word_1_19' title='bbox 608 856 732 919; x_wconf 74' lang='lat' dir='ltr'><strong>arrarum</strong></span> <span class='ocrx_word' id='word_1_20' title='bbox 754 836 1032 918; x_wconf 79' lang='lat' dir='ltr'><strong>interpretationem</strong></span> <span class='ocrx_word' id='word_1_21' title='bbox 1054 836 1157 900; x_wconf 81' lang='lat' dir='ltr'><strong>damus</strong></span> <span class='ocrx_word' id='word_1_22' title='bbox 1172 837 1326 924; x_wconf 78' lang='lat' dir='ltr'><strong>Liturgiae</strong></span> <span class='ocrx_word' id='word_1_23' title='bbox 1348 845 1496 918; x_wconf 86' lang='lat' dir='ltr'><strong>constant,</strong></span> <span class='ocrx_word' id='word_1_24' title='bbox 1520 845 1571 901; x_wconf 87' lang='lat' dir='ltr'><strong>ant</strong></span> 
     </span>
     <span class='ocr_line' id='line_1_4' title="bbox 213 936 1571 1020; baseline 0.001 -21"><span class='ocrx_word' id='word_1_25' title='bbox 213 936 338 1017; x_wconf 84' lang='lat' dir='ltr'><strong>explicat</strong></span> <span class='ocrx_word' id='word_1_26' title='bbox 361 943 411 998; x_wconf 89' lang='lat' dir='ltr'><strong>ant</strong></span> <span class='ocrx_word' id='word_1_27' title='bbox 433 936 571 1020; x_wconf 83' lang='lat' dir='ltr'><strong>designat</strong></span> <span class='ocrx_word' id='word_1_28' title='bbox 592 938 644 1000; x_wconf 85' lang='lat' dir='ltr'><strong>itta</strong></span> <span class='ocrx_word' id='word_1_29' title='bbox 666 936 854 1018; x_wconf 71' lang='lat' dir='ltr'><strong>theologus:</strong></span> <span class='ocrx_word' id='word_1_30' title='bbox 881 936 1017 1017; x_wconf 84' lang='lat' dir='ltr'><strong>adeoque</strong></span> <span class='ocrx_word' id='word_1_31' title='bbox 1040 955 1143 1000; x_wconf 85' lang='lat' dir='ltr'><strong>veram</strong></span> <span class='ocrx_word' id='word_1_32' title='bbox 1166 938 1260 1002; x_wconf 83' lang='lat' dir='ltr'><strong>Officii</strong></span> <span class='ocrx_word' id='word_1_33' title='bbox 1283 938 1480 1002; x_wconf 82' lang='lat' dir='ltr'><strong>Eucharistici</strong></span> <span class='ocrx_word' id='word_1_34' title='bbox 1502 937 1571 1003; x_wconf 87' lang='lat' dir='ltr'><strong>ior-</strong></span> 
     </span>
     <span class='ocr_line' id='line_1_5' title="bbox 212 1035 942 1116; baseline 0.005 -20"><span class='ocrx_word' id='word_1_35' title='bbox 212 1052 283 1096; x_wconf 85' lang='lat' dir='ltr'><strong>nuun</strong></span> <span class='ocrx_word' id='word_1_36' title='bbox 306 1035 337 1098; x_wconf 91' lang='lat' dir='ltr'><strong>in</strong></span> <span class='ocrx_word' id='word_1_37' title='bbox 359 1035 417 1099; x_wconf 89' lang='lat' dir='ltr'><strong>illis</strong></span> <span class='ocrx_word' id='word_1_38' title='bbox 440 1037 587 1101; x_wconf 83' lang='lat' dir='ltr'><strong>contineri</strong></span> <span class='ocrx_word' id='word_1_39' title='bbox 610 1044 726 1116; x_wconf 67' lang='lat' dir='ltr'><strong>certam</strong></span> <span class='ocrx_word' id='word_1_40' title='bbox 747 1054 818 1099; x_wconf 80' lang='lat' dir='ltr'><strong>ease</strong></span> <span class='ocrx_word' id='word_1_41' title='bbox 842 1035 942 1100; x_wconf 86' lang='lat' dir='ltr'><strong>debet.</strong></span> 
     </span>
    </p>
   </div>
   <div class='ocr_carea' id='block_1_3' title="bbox 404 1907 1523 2338">
    <p class='ocr_par' dir='ltr' id='par_1_3' title="bbox 404 1907 1523 2338">
     <span class='ocr_line' id='line_1_6' title="bbox 404 1907 1523 2105; baseline 0.002 -17"><span class='ocrx_word' id='word_1_42' title='bbox 404 1996 482 2088; x_wconf 85' lang='lat' dir='ltr'><strong>nn</strong></span> <span class='ocrx_word' id='word_1_43' title='bbox 526 1994 982 2105; x_wconf 73' lang='lat' dir='ltr'><strong>sinnaritanus</strong></span> <span class='ocrx_word' id='word_1_44' title='bbox 1023 1996 1375 2091; x_wconf 75' lang='lat' dir='ltr'><strong>intonans</strong></span> <span class='ocrx_word' id='word_1_45' title='bbox 1518 1907 1523 1918; x_wconf 29' lang='lat'>¹</span> 
     </span>
     <span class='ocr_line' id='line_1_7' title="bbox 651 2219 1128 2338; baseline 0.004 -3"><span class='ocrx_word' id='word_1_46' title='bbox 651 2219 694 2335; x_wconf 88' lang='grc' dir='ltr'><strong>Μ</strong></span> <span class='ocrx_word' id='word_1_47' title='bbox 729 2219 765 2337; x_wconf 86' lang='lat'>0</span> <span class='ocrx_word' id='word_1_48' title='bbox 799 2219 842 2338; x_wconf 87' lang='lat' dir='ltr'>N</span> <span class='ocrx_word' id='word_1_49' title='bbox 876 2219 899 2335; x_wconf 92' lang='grc' dir='ltr'>Ι</span> <span class='ocrx_word' id='word_1_50' title='bbox 934 2220 966 2336; x_wconf 84' lang='grc' dir='ltr'>Τ</span> <span class='ocrx_word' id='word_1_51' title='bbox 1000 2220 1040 2337; x_wconf 87' lang='lat' dir='ltr'><strong>tt</strong></span> <span class='ocrx_word' id='word_1_52' title='bbox 1073 2219 1128 2337; x_wconf 89' lang='grc' dir='ltr'><strong>Μ.</strong></span> 
     </span>
    </p>
   </div>
   <div class='ocr_carea' id='block_1_4' title="bbox 198 2532 1660 4167">
    <p class='ocr_par' dir='ltr' id='par_1_4' title="bbox 198 2532 1660 4167">
     <span class='ocr_line' id='line_1_8' title="bbox 280 2532 1573 2655; baseline 0.002 -26"><span class='ocrx_word' id='word_1_53' title='bbox 280 2532 485 2651; x_wconf 66' lang='lat' dir='ltr'><strong>Iriturqiaa</strong></span> <span class='ocrx_word' id='word_1_54' title='bbox 515 2579 603 2650; x_wconf 82' lang='lat' dir='ltr'><strong>quae</strong></span> <span class='ocrx_word' id='word_1_55' title='bbox 633 2563 817 2651; x_wconf 76' lang='lat' dir='ltr'><strong>aequantur</strong></span> <span class='ocrx_word' id='word_1_56' title='bbox 851 2562 888 2630; x_wconf 86' lang='lat' dir='ltr'><strong>in</strong></span> <span class='ocrx_word' id='word_1_57' title='bbox 920 2561 1074 2632; x_wconf 83' lang='lat' dir='ltr'><strong>ordinem</strong></span> <span class='ocrx_word' id='word_1_58' title='bbox 1108 2567 1236 2632; x_wconf 84' lang='lat' dir='ltr'><strong>certum</strong></span> <span class='ocrx_word' id='word_1_59' title='bbox 1274 2559 1479 2632; x_wconf 85' lang='lat' dir='ltr'><strong>diatribuere</strong></span> <span class='ocrx_word' id='word_1_60' title='bbox 1512 2563 1573 2655; x_wconf 83' lang='lat' dir='ltr'><strong>qai</strong></span> 
     </span>
     <span class='ocr_line' id='line_1_9' title="bbox 203 2674 1569 2772; baseline 0.002 -26"><span class='ocrx_word' id='word_1_61' title='bbox 203 2675 257 2747; x_wconf 87' lang='lat' dir='ltr'><strong>oet</strong></span> <span class='ocrx_word' id='word_1_62' title='bbox 283 2682 468 2768; x_wconf 84' lang='lat' dir='ltr'><strong>temporum</strong></span> <span class='ocrx_word' id='word_1_63' title='bbox 493 2674 624 2744; x_wconf 90' lang='lat' dir='ltr'><strong>rationi</strong></span> <span class='ocrx_word' id='word_1_64' title='bbox 648 2674 881 2767; x_wconf 82' lang='lat' dir='ltr'><strong>rerponderet,</strong></span> <span class='ocrx_word' id='word_1_65' title='bbox 906 2675 962 2750; x_wconf 85' lang='lat' dir='ltr'><strong>oet</strong></span> <span class='ocrx_word' id='word_1_66' title='bbox 980 2699 1096 2748; x_wconf 79' lang='lat' dir='ltr'><strong>eunoun</strong></span> <span class='ocrx_word' id='word_1_67' title='bbox 1110 2676 1278 2769; x_wconf 71' lang='lat' dir='ltr'><strong>dianitati,</strong></span> <span class='ocrx_word' id='word_1_68' title='bbox 1305 2700 1393 2771; x_wconf 81' lang='lat' dir='ltr'><strong>quae</strong></span> <span class='ocrx_word' id='word_1_69' title='bbox 1419 2701 1465 2749; x_wconf 81' lang='lat' dir='ltr'><strong>ea</strong></span> <span class='ocrx_word' id='word_1_70' title='bbox 1486 2681 1569 2772; x_wconf 72' lang='lat' dir='ltr'><strong>sre-</strong></span> 
     </span>
     <span class='ocr_line' id='line_1_10' title="bbox 206 2790 1569 2888; baseline -0.002 -23"><span class='ocrx_word' id='word_1_71' title='bbox 206 2796 378 2888; x_wconf 80' lang='lat' dir='ltr'><strong>quentiori</strong></span> <span class='ocrx_word' id='word_1_72' title='bbox 403 2815 465 2862; x_wconf 81' lang='lat' dir='ltr'><strong>uara</strong></span> <span class='ocrx_word' id='word_1_73' title='bbox 490 2790 688 2880; x_wconf 84' lang='lat' dir='ltr'><strong>duceretur,</strong></span> <span class='ocrx_word' id='word_1_74' title='bbox 722 2812 790 2861; x_wconf 91' lang='lat' dir='ltr'><strong>non</strong></span> <span class='ocrx_word' id='word_1_75' title='bbox 812 2792 920 2886; x_wconf 72' lang='lat' dir='ltr'><strong>facite</strong></span> <span class='ocrx_word' id='word_1_76' title='bbox 953 2799 1014 2865; x_wconf 83' lang='lat' dir='ltr'><strong>eat.</strong></span> <span class='ocrx_word' id='word_1_77' title='bbox 1068 2791 1228 2864; x_wconf 80' lang='lat' dir='ltr'><strong>Codicum</strong></span> <span class='ocrx_word' id='word_1_78' title='bbox 1258 2792 1338 2865; x_wconf 75' lang='lat' dir='ltr'><strong>Mra.</strong></span> <span class='ocrx_word' id='word_1_79' title='bbox 1372 2795 1474 2864; x_wconf 86' lang='lat' dir='ltr'><strong>etiam</strong></span> <span class='ocrx_word' id='word_1_80' title='bbox 1499 2816 1569 2863; x_wconf 90' lang='lat' dir='ltr'><strong>an-</strong></span> 
     </span>
     <span class='ocr_line' id='line_1_11' title="bbox 204 2905 1660 3006; baseline -0.003 -25"><span class='ocrx_word' id='word_1_81' title='bbox 204 2912 476 3006; x_wconf 78' lang='lat' dir='ltr'><strong>tiquiorimorum,</strong></span> <span class='ocrx_word' id='word_1_82' title='bbox 503 2913 601 2978; x_wconf 87' lang='lat' dir='ltr'><strong>certa</strong></span> <span class='ocrx_word' id='word_1_83' title='bbox 626 2907 803 3001; x_wconf 81' lang='lat' dir='ltr'><strong>diapoaitio</strong></span> <span class='ocrx_word' id='word_1_84' title='bbox 829 2905 922 2978; x_wconf 85' lang='lat' dir='ltr'><strong>uuita</strong></span> <span class='ocrx_word' id='word_1_85' title='bbox 949 2915 1020 2997; x_wconf 82' lang='lat' dir='ltr'><strong>eat,</strong></span> <span class='ocrx_word' id='word_1_86' title='bbox 1052 2932 1126 2980; x_wconf 88' lang='lat' dir='ltr'><strong>cum</strong></span> <span class='ocrx_word' id='word_1_87' title='bbox 1157 2908 1265 2980; x_wconf 75' lang='lat' dir='ltr'><strong>undar</strong></span> <span class='ocrx_word' id='word_1_88' title='bbox 1295 2912 1385 2981; x_wconf 88' lang='lat' dir='ltr'><strong>inter</strong></span> <span class='ocrx_word' id='word_1_89' title='bbox 1405 2909 1571 3004; x_wconf 78' lang='lat' dir='ltr'><strong>plurimun</strong></span> <span class='ocrx_word' id='word_1_90' title='bbox 1657 2965 1660 2976; x_wconf 90' lang='lat'>.</span> 
     </span>
     <span class='ocr_line' id='line_1_12' title="bbox 204 3024 1569 3122; baseline 0.001 -25"><span class='ocrx_word' id='word_1_91' title='bbox 204 3050 288 3121; x_wconf 80' lang='lat' dir='ltr'><strong>quoa</strong></span> <span class='ocrx_word' id='word_1_92' title='bbox 315 3027 547 3114; x_wconf 71' lang='lat' dir='ltr'><strong>tractavimus,</strong></span> <span class='ocrx_word' id='word_1_93' title='bbox 574 3046 696 3112; x_wconf 81' lang='lat' dir='ltr'><strong>omnen,</strong></span> <span class='ocrx_word' id='word_1_94' title='bbox 725 3046 865 3119; x_wconf 84' lang='lat' dir='ltr'><strong>quarum</strong></span> <span class='ocrx_word' id='word_1_95' title='bbox 889 3029 1080 3098; x_wconf 70' lang='lat' dir='ltr'><strong>versionem</strong></span> <span class='ocrx_word' id='word_1_96' title='bbox 1105 3025 1241 3116; x_wconf 55' lang='lat' dir='ltr'><strong>domm</strong></span> <span class='ocrx_word' id='word_1_97' title='bbox 1273 3024 1451 3122; x_wconf 68' lang='lat' dir='ltr'><strong>Liturqiaa</strong></span> <span class='ocrx_word' id='word_1_98' title='bbox 1481 3050 1569 3099; x_wconf 88' lang='lat' dir='ltr'><strong>con-</strong></span> 
     </span>
     <span class='ocr_line' id='line_1_13' title="bbox 203 3140 1571 3238; baseline 0.001 -25"><span class='ocrx_word' id='word_1_99' title='bbox 203 3147 323 3215; x_wconf 89' lang='lat' dir='ltr'><strong>tiueat.</strong></span> <span class='ocrx_word' id='word_1_100' title='bbox 376 3144 435 3214; x_wconf 75' lang='lat' dir='ltr'><strong>Ee</strong></span> <span class='ocrx_word' id='word_1_101' title='bbox 460 3147 616 3213; x_wconf 80' lang='lat' dir='ltr'><strong>autumem</strong></span> <span class='ocrx_word' id='word_1_102' title='bbox 642 3162 782 3235; x_wconf 84' lang='lat' dir='ltr'><strong>quorum</strong></span> <span class='ocrx_word' id='word_1_103' title='bbox 807 3141 995 3215; x_wconf 87' lang='lat' dir='ltr'><strong>nominidua</strong></span> <span class='ocrx_word' id='word_1_104' title='bbox 1020 3140 1264 3231; x_wconf 77' lang='lat' dir='ltr'><strong>inscribuntur,</strong></span> <span class='ocrx_word' id='word_1_105' title='bbox 1290 3145 1495 3238; x_wconf 83' lang='lat' dir='ltr'><strong>antiquitate</strong></span> <span class='ocrx_word' id='word_1_106' title='bbox 1516 3143 1571 3214; x_wconf 88' lang='lat' dir='ltr'><strong>oet</strong></span> 
     </span>
     <span class='ocr_line' id='line_1_14' title="bbox 204 3257 1570 3353; baseline 0.001 -24"><span class='ocrx_word' id='word_1_107' title='bbox 204 3261 383 3353; x_wconf 69' lang='lat' dir='ltr'><strong>diurnitate,</strong></span> <span class='ocrx_word' id='word_1_108' title='bbox 410 3263 608 3350; x_wconf 69' lang='lat' dir='ltr'><strong>conjectura</strong></span> <span class='ocrx_word' id='word_1_109' title='bbox 634 3260 714 3350; x_wconf 79' lang='lat' dir='ltr'><strong>cupi</strong></span> <span class='ocrx_word' id='word_1_110' title='bbox 739 3257 832 3328; x_wconf 86' lang='lat' dir='ltr'><strong>uuita</strong></span> <span class='ocrx_word' id='word_1_111' title='bbox 853 3263 985 3350; x_wconf 79' lang='lat' dir='ltr'><strong>potent,</strong></span> <span class='ocrx_word' id='word_1_112' title='bbox 1018 3281 1090 3329; x_wconf 88' lang='lat' dir='ltr'><strong>cum</strong></span> <span class='ocrx_word' id='word_1_113' title='bbox 1125 3257 1296 3329; x_wconf 81' lang='lat' dir='ltr'><strong>titutorrun</strong></span> <span class='ocrx_word' id='word_1_114' title='bbox 1322 3260 1409 3352; x_wconf 76' lang='lat' dir='ltr'><strong>fidae</strong></span> <span class='ocrx_word' id='word_1_115' title='bbox 1442 3262 1570 3352; x_wconf 69' lang='lat' dir='ltr'><strong>caiana</strong></span> 
     </span>
     <span class='ocr_line' id='line_1_15' title="bbox 203 3372 1570 3469; baseline 0 -22"><span class='ocrx_word' id='word_1_116' title='bbox 203 3379 263 3464; x_wconf 82' lang='lat' dir='ltr'><strong>ait,</strong></span> <span class='ocrx_word' id='word_1_117' title='bbox 297 3382 333 3446; x_wconf 88' lang='lat' dir='ltr'><strong>et</strong></span> <span class='ocrx_word' id='word_1_118' title='bbox 365 3375 500 3469; x_wconf 78' lang='lat' dir='ltr'><strong>aliquan</strong></span> <span class='ocrx_word' id='word_1_119' title='bbox 533 3395 621 3468; x_wconf 81' lang='lat' dir='ltr'><strong>quae</strong></span> <span class='ocrx_word' id='word_1_120' title='bbox 646 3372 904 3467; x_wconf 79' lang='lat' dir='ltr'><strong>Apoatotorum,</strong></span> <span class='ocrx_word' id='word_1_121' title='bbox 937 3381 996 3445; x_wconf 90' lang='lat' dir='ltr'><strong>aut</strong></span> <span class='ocrx_word' id='word_1_122' title='bbox 1025 3380 1221 3446; x_wconf 77' lang='lat' dir='ltr'><strong>sanctorum</strong></span> <span class='ocrx_word' id='word_1_123' title='bbox 1254 3374 1398 3446; x_wconf 87' lang='lat' dir='ltr'><strong>Patrum</strong></span> <span class='ocrx_word' id='word_1_124' title='bbox 1434 3379 1570 3447; x_wconf 75' lang='lat' dir='ltr'><strong>nondun</strong></span> 
     </span>
     <span class='ocr_line' id='line_1_16' title="bbox 198 3490 1566 3585; baseline 0.001 -25"><span class='ocrx_word' id='word_1_125' title='bbox 198 3495 424 3585; x_wconf 74' lang='lat' dir='ltr'><strong>praeferunt,</strong></span> <span class='ocrx_word' id='word_1_126' title='bbox 457 3492 670 3561; x_wconf 73' lang='lat' dir='ltr'><strong>recentiores</strong></span> <span class='ocrx_word' id='word_1_127' title='bbox 702 3512 777 3562; x_wconf 83' lang='lat' dir='ltr'><strong>eoae</strong></span> <span class='ocrx_word' id='word_1_128' title='bbox 812 3497 952 3562; x_wconf 81' lang='lat' dir='ltr'><strong>coartet.</strong></span> <span class='ocrx_word' id='word_1_129' title='bbox 1005 3490 1126 3584; x_wconf 84' lang='lat' dir='ltr'><strong>Itaque</strong></span> <span class='ocrx_word' id='word_1_130' title='bbox 1155 3494 1266 3582; x_wconf 86' lang='lat' dir='ltr'><strong>primo</strong></span> <span class='ocrx_word' id='word_1_131' title='bbox 1300 3495 1472 3585; x_wconf 80' lang='lat' dir='ltr'><strong>reseretur</strong></span> <span class='ocrx_word' id='word_1_132' title='bbox 1498 3492 1566 3562; x_wconf 68' lang='lat' dir='ltr'><strong>Isi-</strong></span> 
     </span>
     <span class='ocr_line' id='line_1_17' title="bbox 202 3593 1582 3703; baseline 0.003 -27"><span class='ocrx_word' id='word_1_133' title='bbox 202 3611 321 3703; x_wconf 70' lang='lat' dir='ltr'><strong>turqiu</strong></span> <span class='ocrx_word' id='word_1_134' title='bbox 346 3606 472 3679; x_wconf 82' lang='lat' dir='ltr'><strong>Jaoodi</strong></span> <span class='ocrx_word' id='word_1_135' title='bbox 497 3606 636 3678; x_wconf 84' lang='lat' dir='ltr'><strong>breoior</strong></span> <span class='ocrx_word' id='word_1_136' title='bbox 661 3631 685 3677; x_wconf 87' lang='lat' dir='ltr'><strong>a</strong></span> <span class='ocrx_word' id='word_1_137' title='bbox 713 3608 883 3700; x_wconf 70' lang='lat' dir='ltr'><strong>Greaorio</strong></span> <span class='ocrx_word' id='word_1_138' title='bbox 910 3608 1054 3702; x_wconf 82' lang='lat' dir='ltr'><strong>quodam</strong></span> <span class='ocrx_word' id='word_1_139' title='bbox 1081 3606 1259 3678; x_wconf 80' lang='lat' dir='ltr'><strong>Catdotico</strong></span> <span class='ocrx_word' id='word_1_140' title='bbox 1280 3609 1451 3696; x_wconf 84' lang='lat' dir='ltr'><strong>ordinata,</strong></span> <span class='ocrx_word' id='word_1_141' title='bbox 1479 3610 1569 3703; x_wconf 83' lang='lat' dir='ltr'><strong>quod</strong></span> <span class='ocrx_word' id='word_1_142' title='bbox 1581 3593 1582 3596; x_wconf 22' lang='lat'>¹</span> 
     </span>
     <span class='ocr_line' id='line_1_18' title="bbox 202 3722 1567 3819; baseline 0 -24"><span class='ocrx_word' id='word_1_143' title='bbox 202 3747 277 3795; x_wconf 86' lang='lat' dir='ltr'><strong>oum</strong></span> <span class='ocrx_word' id='word_1_144' title='bbox 303 3727 437 3816; x_wconf 83' lang='lat' dir='ltr'><strong>majori,</strong></span> <span class='ocrx_word' id='word_1_145' title='bbox 464 3747 551 3818; x_wconf 82' lang='lat' dir='ltr'><strong>quae</strong></span> <span class='ocrx_word' id='word_1_146' title='bbox 577 3726 719 3794; x_wconf 89' lang='lat' dir='ltr'><strong>omnium</strong></span> <span class='ocrx_word' id='word_1_147' title='bbox 744 3727 968 3796; x_wconf 83' lang='lat' dir='ltr'><strong>aetrntiraima</strong></span> <span class='ocrx_word' id='word_1_148' title='bbox 994 3729 1060 3812; x_wconf 81' lang='lat' dir='ltr'><strong>eat,</strong></span> <span class='ocrx_word' id='word_1_149' title='bbox 1092 3726 1273 3793; x_wconf 75' lang='lat' dir='ltr'><strong>maximum</strong></span> <span class='ocrx_word' id='word_1_150' title='bbox 1293 3722 1420 3797; x_wconf 77' lang='lat' dir='ltr'><strong>tabeat</strong></span> <span class='ocrx_word' id='word_1_151' title='bbox 1445 3729 1567 3819; x_wconf 72' lang='lat' dir='ltr'><strong>affini-</strong></span> 
     </span>
     <span class='ocr_line' id='line_1_19' title="bbox 202 3839 1568 3938; baseline 0.002 -27"><span class='ocrx_word' id='word_1_152' title='bbox 202 3847 317 3912; x_wconf 87' lang='lat' dir='ltr'><strong>tatem.</strong></span> <span class='ocrx_word' id='word_1_153' title='bbox 370 3841 539 3936; x_wconf 84' lang='lat' dir='ltr'><strong>Sequetur</strong></span> <span class='ocrx_word' id='word_1_154' title='bbox 565 3840 724 3936; x_wconf 73' lang='lat' dir='ltr'><strong>Liturqia</strong></span> <span class='ocrx_word' id='word_1_155' title='bbox 749 3839 850 3932; x_wconf 80' lang='lat' dir='ltr'><strong>Xyati</strong></span> <span class='ocrx_word' id='word_1_156' title='bbox 883 3841 1048 3928; x_wconf 85' lang='lat' dir='ltr'><strong>Rornuni,</strong></span> <span class='ocrx_word' id='word_1_157' title='bbox 1080 3842 1163 3934; x_wconf 80' lang='lat' dir='ltr'><strong>quia</strong></span> <span class='ocrx_word' id='word_1_158' title='bbox 1193 3841 1230 3910; x_wconf 87' lang='lat' dir='ltr'><strong>in</strong></span> <span class='ocrx_word' id='word_1_159' title='bbox 1264 3839 1395 3935; x_wconf 73' lang='lat' dir='ltr'><strong>aliquot</strong></span> <span class='ocrx_word' id='word_1_160' title='bbox 1420 3845 1568 3938; x_wconf 77' lang='lat' dir='ltr'><strong>antiquio</strong></span> 
     </span>
     <span class='ocr_line' id='line_1_20' title="bbox 202 3955 1568 4050; baseline 0.003 -23"><span class='ocrx_word' id='word_1_161' title='bbox 202 3957 389 4046; x_wconf 87' lang='lat' dir='ltr'><strong>codicibua,</strong></span> <span class='ocrx_word' id='word_1_162' title='bbox 416 3963 453 4027; x_wconf 91' lang='lat' dir='ltr'><strong>ut</strong></span> <span class='ocrx_word' id='word_1_163' title='bbox 478 3958 514 4026; x_wconf 88' lang='lat' dir='ltr'><strong>in</strong></span> <span class='ocrx_word' id='word_1_164' title='bbox 539 3956 698 4028; x_wconf 86' lang='lat' dir='ltr'><strong>Romana</strong></span> <span class='ocrx_word' id='word_1_165' title='bbox 722 3956 874 4027; x_wconf 81' lang='lat' dir='ltr'><strong>Miaaatir</strong></span> <span class='ocrx_word' id='word_1_166' title='bbox 907 3955 1086 4026; x_wconf 83' lang='lat' dir='ltr'><strong>Cdaddaici</strong></span> <span class='ocrx_word' id='word_1_167' title='bbox 1118 3956 1268 4027; x_wconf 87' lang='lat' dir='ltr'><strong>editione</strong></span> <span class='ocrx_word' id='word_1_168' title='bbox 1290 3959 1434 4050; x_wconf 87' lang='lat' dir='ltr'><strong>primum</strong></span> <span class='ocrx_word' id='word_1_169' title='bbox 1459 3958 1568 4030; x_wconf 85' lang='lat' dir='ltr'><strong>iocum</strong></span> 
     </span>
     <span class='ocr_line' id='line_1_21' title="bbox 201 4071 1316 4167; baseline 0 -24"><span class='ocrx_word' id='word_1_170' title='bbox 201 4073 307 4162; x_wconf 87' lang='lat' dir='ltr'><strong>tenet,</strong></span> <span class='ocrx_word' id='word_1_171' title='bbox 335 4073 441 4145; x_wconf 89' lang='lat' dir='ltr'><strong>etad</strong></span> <span class='ocrx_word' id='word_1_172' title='bbox 467 4095 541 4144; x_wconf 92' lang='lat' dir='ltr'><strong>eam</strong></span> <span class='ocrx_word' id='word_1_173' title='bbox 568 4073 724 4167; x_wconf 76' lang='lat' dir='ltr'><strong>Officium</strong></span> <span class='ocrx_word' id='word_1_174' title='bbox 749 4095 918 4143; x_wconf 88' lang='lat' dir='ltr'><strong>commune</strong></span> <span class='ocrx_word' id='word_1_175' title='bbox 944 4071 1230 4143; x_wconf 86' lang='lat' dir='ltr'><strong>accommodatum</strong></span> <span class='ocrx_word' id='word_1_176' title='bbox 1256 4075 1316 4143; x_wconf 83' lang='lat' dir='ltr'><strong>ert.</strong></span> 
     </span>
    </p>
   </div>
   <div class='ocr_carea' id='block_1_5' title="bbox 0 0 2268 6034">
    <p class='ocr_par' dir='ltr' id='par_1_5' title="bbox 0 0 2268 6034">
     <span class='ocr_line' id='line_1_22' title="bbox 0 0 2268 6034; baseline 0 1"><span class='ocrx_word' id='word_1_177' title='bbox 0 0 2268 6034; x_wconf 95' lang='lat' dir='ltr'><strong> </strong></span> 
     </span>
    </p>
   </div>
  </div>
 </body>
</html>
