4525 6034
708 596 759 683 ει
850 547 854 553 ’
1083 594 1293 673 cainonis
1318 596 1366 672 ιιι
1392 593 1698 673 uumoronoms.

708 786 763 881 qui
789 788 986 878 sanguninem
1010 785 1180 881 proprium
1207 781 1347 855 effudisti
1372 793 1428 855 tua
1454 783 1626 857 voluntate
1651 805 1713 880 pro
1733 794 1886 856 creatma
1911 794 1977 875 tua,
2003 788 2066 857 ιιιι-

707 923 797 998 pone
823 923 956 973 manum
975 910 1073 974 ¹tuam
1099 900 1242 972 divinam
1270 921 1371 996 super
1395 898 1482 972 bunc
1508 900 1667 991 calicem,
1693 898 1861 975 sanctifica
1889 910 1924 973 et
1937 900 2067 996 purifica

708 1040 800 1107 eum,
826 1029 863 1090 ut
887 1016 1014 1089 feratur
1038 1020 1072 1088 ιιι
1099 1039 1141 1089 eo
1169 1017 1307 1107 sanguis
1332 1015 1389 1088 ille
1414 1018 1601 1112 pretiosus,
1627 1026 1662 1089 ct
1687 1019 1731 1089 sit
1754 1015 1937 1089 remedium
1954 1026 1987 1089 et
2007 1040 2066 1088 rc-

708 1136 823 1206 missio
849 1137 890 1207 iis
917 1132 1069 1207 omnibus
1097 1135 1151 1228 qui
1179 1154 1225 1203 ex
1260 1153 1302 1203 eo
1335 1154 1420 1204 vere
1450 1129 1574 1204 bibent
1628 1131 1743 1205 Gloria
1773 1131 1831 1204 libi
1864 1155 1939 1205 cnm
1972 1133 2066 1206 Patre

709 1260 766 1323 tuo
793 1249 905 1341 bono,
933 1260 967 1322 et
993 1248 1116 1346 Spiritu
1143 1258 1260 1321 sancto
1285 1268 1373 1321 nunc
1400 1257 1433 1320 et
1459 1270 1601 1344 semper.

813 1367 976 1459 Accipiet
1011 1365 1166 1436 Cbricmn
1204 1387 1271 1459 qno
1306 1369 1409 1458 unpct
1440 1364 1531 1434 ιιιιιιιι
1562 1367 1653 1437 intua
1693 1371 1727 1436 ci
1757 1367 1866 1458 soris,
1902 1369 1938 1435 ci
1972 1365 2065 1435 dicei.

710 1481 891 1572 Sanctitas,
917 1484 1056 1577 puritas,
1081 1479 1283 1569 benedictin,
1310 1490 1344 1551 ct
1367 1483 1530 1575 protectio
1558 1482 1598 1554 iis
1625 1479 1777 1555 omnibns
1804 1484 1859 1575 qui
1884 1479 2000 1553 bibent
2023 1502 2065 1551 ex

710 1600 872 1689 sanguine
898 1608 973 1689 tuo,
998 1620 1103 1689 vero,
1129 1608 1165 1669 ct
1190 1598 1351 1691 pretioso.
1403 1597 1523 1671 Amen.

1179 1802 1300 1874 Oratio
1322 1825 1391 1896 pro
1419 1801 1608 1874 Cocbleari.

1229 1956 1334 2028 Dicet
1358 1957 1558 2052 Episcopus.

811 2132 904 2205 Deus
932 2130 988 2227 qui
1014 2151 1150 2205 servum
1176 2138 1266 2201 tunm
1291 2128 1412 2201 Isaiam
1439 2128 1574 2222 dignum
1598 2128 1707 2202 fecisti
1732 2129 1867 2203 videndi
1894 2128 2069 2205 Cherubim

706 2248 741 2318 in
768 2250 862 2339 qu'us
888 2268 987 2319 manu
1011 2245 1147 2342 forceps
1174 2254 1267 2335 erat,
1293 2267 1358 2341 quio
1391 2250 1520 2343 accepit
1553 2246 1733 2319 carbonem
1763 2268 1810 2318 ex
1830 2248 1934 2327 ,altari
1975 2259 2009 2321 et
2039 2252 2070 2320 in

708 2385 748 2437 os
775 2365 848 2454 ejus
871 2362 954 2457 illud
979 2365 1108 2455 injecit:
1142 2385 1230 2434 nuuc
1264 2363 1364 2455 etiam
1388 2364 1499 2454 Deus,
1530 2363 1632 2435 Pater
1665 2367 1891 2460 omnipotenS,
1928 2365 2069 2438 extende

707 2500 841 2553 manum
866 2489 955 2551 mam
981 2501 1082 2576 super
1106 2476 1172 2550 boc
1204 2474 1375 2569 cochlear,
1408 2482 1442 2550 ιιι
1479 2503 1545 2576 quo
1580 2480 1791 2576 suscipienda
1818 2491 1894 2553 sunt
1923 2480 2070 2554 membra

707 2597 862 2690 corporis
889 2598 1012 2687 sancti,
1039 2593 1127 2691 quod
1153 2604 1206 2666 est
1238 2615 1360 2689 corpus
1386 2592 1461 2665 Filii
1486 2598 1533 2666 tui
1557 2598 1717 2690 unigeniti
1742 2598 1897 2688 Domini,
1931 2599 2015 2690 Dei,
2040 2608 2071 2670 et

706 2710 893 2784 Salvatoris
919 2714 1024 2784 nostri
1049 2710 1131 2785 Jesu
1147 2706 1288 2781 -cmistt
1339 2709 1488 2783 Benedic
1513 2710 1612 2802 illud,
1639 2712 1807 2786 sanctifica
1833 2712 1930 2804 illud,
1962 2715 2003 2786 da
2026 2714 2069 2786 illi

616 2918 622 2929 Ι
664 2882 669 2887 .
708 2831 864 2900 virtutem
889 2839 922 2900 ct
947 2829 1088 2922 gloriam
1113 2827 1273 2924 forcipis,
1300 2829 1354 2922 qni
1380 2830 1490 2902 estin
1523 2828 1641 2900 dextra
1675 2827 1870 2917 Chembim,
1904 2833 1986 2925 quia
2015 2830 2069 2902 tibi

707 2953 760 3017 est
784 2952 952 3039 potestas,
978 2944 1108 3038 gloria,
1136 2953 1170 3015 et
1194 2944 1321 3033 honor,
1349 2966 1423 3014 cum
1449 2943 1534 3017 Filio
1561 2956 1618 3017 tuo
1638 2947 1807 3037 unigenito
1823 2944 1906 3017 lesu
1924 2945 2067 3035 Christo,

705 3061 848 3133 Domino
875 3073 1007 3152 nostro,
1034 3057 1068 3134 et
1093 3059 1218 3157 Spiritu
1244 3069 1381 3150 sancto,
1405 3082 1494 3132 nunc
1520 3072 1554 3134 ct
1579 3083 1721 3158 semper.

808 3192 970 3286 Sipuabit
993 3193 1077 3265 illud
1102 3199 1138 3265 ct
1163 3193 1262 3264 dicet.
1296 3192 1489 3283 Fortitudo,
1515 3192 1643 3286 gloria,
1667 3190 1791 3283 honor,
1818 3203 1852 3266 et
1879 3194 2068 3267 sanctifica·

704 3310 751 3381 tio
779 3309 930 3383 Trinitati
956 3320 1110 3401 sauctae,
1137 3312 1171 3380 in
1195 3306 1350 3383 Ecclesia
1376 3332 1442 3381 una
1469 3318 1585 3383 sancta
1612 3312 1756 3384 civitatis
1781 3308 1823 3382 N.

909 3480 1037 3588 Oratio⁸
1053 3538 1120 3610 pro
1146 3516 1277 3609 anpa
1301 3518 1403 3609 nipra
1429 3537 1517 3611 quac
1543 3523 1595 3587 est
1618 3539 1721 3610 saepes
1746 3516 1868 3587 citare.

1224 3670 1330 3743 Dicet
1353 3672 1554 3765 Episcopus.

807 3825 1020 3916 Dominator,
1054 3826 1215 3914 Domine,
1248 3824 1332 3898 lesu
1367 3806 1534 3915 Christe,
1549 3828 1705 3922 princeps
1741 3824 1844 3916 lucis,
1878 3830 2066 3914 miserator,

709 3942 766 4035 qui
790 3940 881 4014 bona
907 3940 1039 4033 largiris
1066 3939 1275 4037 sperantibus
1301 3945 1334 4012 in
1361 3951 1411 4031 te,
1438 3943 1494 4036 qui
1520 3942 1636 4015 coelos
1663 3941 1839 4015 extendisti
1862 3963 1939 4013 cum
1962 3943 2067 4016 subti-

705 4052 815 4147 litate,
841 4059 1023 4152 variosque
1049 4055 1183 4131 colores
1207 4059 1242 4128 ιιι
1269 4055 1366 4130 coelo
1394 4068 1427 4129 et
1452 4056 1593 4131 nubibus
1609 4060 1820 4155 impressisti,
1848 4062 2003 4153 quamvis
2029 4081 2065 4129 rc

704 4173 778 4266 ipsa
809 4170 985 4246 diversitas
1011 4194 1080 4245 non
1106 4174 1157 4246 sit.
1208 4170 1306 4245 Nunc
1329 4175 1448 4265 igitur,
1473 4174 1633 4266 Domine,
1660 4185 1788 4246 amator
1813 4171 2002 4265 bominum,
2029 4178 2068 4247 sit

704 4291 853 4382 potentia
878 4298 934 4359 tua
961 4288 1073 4363 divim
1098 4286 1208 4363 iubis
1234 4290 1478 4380 instrumentis,
1504 4295 1632 4387 mappis
1660 4289 1787 4362 scilicet
1806 4287 1925 4384 qrribus
1954 4289 2067 4363 inuol-

703 4416 825 4475 vuntur
856 4405 1024 4495 membra,
1057 4426 1118 4477 seu
1150 4403 1311 4501 reliquiae
1345 4410 1497 4502 corporis
1530 4408 1576 4478 ιιιι
1608 4408 1729 4493 sancti,
1764 4415 1800 4477 ut
1825 4407 1936 4476 mittas
1970 4427 2067 4502 super

705 4541 765 4592 cas
791 4524 947 4593 virtutem
978 4521 1154 4592 linteorum
1187 4543 1272 4617 quae
1303 4520 1519 4595 involvebant
1553 4542 1675 4617 corpus
1708 4531 1797 4593 tunm
1831 4525 2067 4613 sanctum,iu

704 4635 880 4731 sepulcro,
908 4647 942 4709 et
968 4635 1272 4732 supercoelestibus
1299 4640 1364 4712 sint
1389 4639 1523 4714 similes
1576 4637 1661 4723 Quia
1687 4637 1744 4710 tibi
1770 4647 1822 4712 est
1845 4647 2011 4733 potestas,
2037 4643 2068 4708 et

703 4749 830 4844 bonor,
856 4764 919 4825 etc.

810 4867 970 4974 Sipnubit
994 4893 1069 4941 cam
1101 4893 1215 4963 myro,
1241 4875 1276 4941 ct
1301 4870 1401 4942 dicei
1455 4870 1548 4945 Unus
1573 4870 1674 4943 Pater
1700 4879 1854 4961 ειιιιοιιιε,
1888 4891 1975 4941 uuus
2007 4867 2066 4938 Fi-

704 4981 769 5055 lius
796 4995 951 5076 sanctus,
977 5007 1061 5061 uuus
1088 4986 1230 5084 Spiritus
1258 4997 1409 5079 sanctus,
1434 4989 1498 5082 ipsi
1489 4986 1680 5080 fortitudo,
1706 4985 1833 5079 gloria,
1860 4996 1894 5057 et
1915 4994 2065 5082 potestas

704 5099 778 5175 Dei.
829 5099 949 5175 Amen.
