4525 6034
674 548 749 622 350
1054 549 1130 625 DE
1183 547 1658 626 PATRIARCHA

671 736 844 807 triarchas.
898 735 971 806 Etsi
997 757 1082 807 vero
1111 740 1337 831 antiquitatum
1364 734 1677 810 Ecclesiasticarum
1698 740 1875 825 memoria,
1903 738 2043 815 inlibris

672 851 894 925 Orientalibus
922 851 1029 940 nulla,
1056 854 1119 924 nisi
1145 850 1267 925 fabulis
1295 856 1518 924 contaminata
1545 856 1610 941 sit,
1645 876 1755 948 eaque
1785 854 1889 944 longe
1923 860 2042 928 certius

671 991 717 1038 ex
745 966 886 1041 Graecis
912 968 1108 1064 Latinisque
1135 971 1368 1061 monumentis,
1396 992 1495 1063 quam
1522 992 1569 1041 ex
1593 970 1750 1043 Arabicis
1770 968 1943 1062 habeatur,
1968 994 2041 1043 num

672 1083 813 1179 Coptica
841 1095 1018 1180 supersunt
1045 1087 1178 1156 omnino
1206 1083 1312 1171 nulla,
1341 1095 1450 1156 tumen
1479 1089 1556 1180 quia
1582 1089 1617 1156 in
1643 1088 1716 1181 ipsa
1742 1086 1822 1157 licet
1846 1109 1915 1157 non
1947 1088 2042 1183 plane

670 1196 802 1294 limpida
838 1201 1014 1274 traditione
1048 1209 1163 1272 extant
1198 1199 1375 1293 aliqnando
1407 1205 1553 1291 vestigia
1586 1205 1713 1273 veteris
1750 1200 1963 1298 disciplinae,
2003 1226 2042 1275 ca

670 1337 809 1408 prorsus
837 1341 904 1391 non
931 1315 1172 1389 contemnenda
1200 1319 1272 1387 visa
1300 1325 1383 1387 sont.

380 1437 577 1492 otrmmnuan
591 1439 656 1507 Epi·
774 1434 850 1505 XX.
897 1436 951 1508 Ae
977 1436 1083 1529 primo
1112 1430 1242 1525 quidem
1268 1430 1346 1503 illud
1372 1452 1434 1526 pro
1462 1442 1555 1502 certo
1581 1431 1759 1503 tenendum
1786 1443 1853 1521 est,
1885 1434 2041 1507 Alexan-

343 1524 656 1594 ⁸⁰⁰l¹³‘⁶¹⁰¹⁰⁰²¹‘¹⁰¹'⁰·
671 1550 798 1621 drinam
824 1550 1012 1623 Ecclesiam
1037 1550 1204 1619 communi
1230 1569 1306 1618 cum
1340 1545 1475 1641 reliquis
1510 1546 1661 1619 omuibus
1690 1553 1768 1641 Jure
1801 1571 1895 1621 usam
1928 1550 2042 1641 fuisse,

670 1669 761 1738 eirca
786 1664 1033 1759 Episcopomm
1060 1686 1196 1736 suorum
1224 1661 1432 1735 electionem.
1482 1661 1631 1756 Nempe,
1659 1662 1747 1758 quod
1775 1662 1817 1735 ab
1844 1667 1936 1737 initio
1963 1666 2040 1738 ubi-

670 1805 754 1877 que,
782 1780 848 1852 illic
874 1780 960 1851 idem
987 1801 1119 1875 quoque
1146 1777 1361 1850 observatum
1389 1788 1462 1865 est,
1495 1789 1530 1849 ut
1563 1777 1753 1873 Episcopus
1786 1778 1966 1871 eligeretur
2000 1781 2041 1854 ab

668 1898 868 1994 Episcopis,
897 1897 999 1970 Clero
1027 1907 1060 1967 et
1086 1895 1205 1991 plebe,
1233 1904 1332 1988 atque
1359 1892 1400 1964 ab
1428 1893 1608 1989 Episcopis
1634 1917 1697 1988 per
1722 1917 1875 1966 manuum
1898 1901 2040 1993 imposi-

601 2041 604 2044 ⁴
667 2018 792 2087 tionem
826 2014 1043 2087 ordinaretur.
1096 2010 1206 2085 Aliter
1240 2014 1270 2083 si
1305 2009 1428 2081 lactum
1461 2009 1594 2097 fuisset,
1629 2015 1852 2083 recessissent
1882 2012 2040 2086 Alexan-

668 2131 752 2202 drini
779 2155 799 2200 a
826 2132 992 2202 communi
1019 2130 1164 2200 omnium
1191 2124 1453 2199 Christianomm
1479 2125 1670 2220 disciplina,
1698 2130 1813 2218 cujus,
1847 2138 1883 2198 ut
1917 2137 1952 2199 et
1979 2151 2039 2201 ore

667 2246 838 2318 tbndoxae
864 2245 953 2334 fidei,
979 2246 1228 2316 retinentissimi
1256 2253 1359 2314 erant.
1395 2241 1515 2338 Neque
1541 2245 1709 2314 contraria
1732 2253 1804 2315 eret
1821 2242 2038 2332 consuetudo,

667 2366 761 2455 cnjus
788 2366 883 2434 testis
910 2372 963 2434 est
988 2362 1236 2455 Hieronymo,
1269 2357 1312 2429 de
1345 2358 1520 2430 duodecim
1551 2357 1789 2431 Alexandrinis
1816 2358 2039 2455 Presbyteris,

548 2486 552 2489 “
669 2482 796 2572 quiex
829 2500 891 2549 suo
925 2498 1062 2548 numero
1094 2498 1195 2548 unum
1231 2472 1416 2566 eligebant,
1451 2497 1549 2568 qoem
1581 2473 1786 2569 Episcopum
1819 2476 2038 2548 nominabunt

666 2592 782 2665 Verba
809 2592 1004 2688 Hieronymi
1032 2615 1078 2663 ex
1104 2589 1257 2688 Epistola
1285 2590 1345 2661 85.
1374 2588 1414 2660 ad
1442 2589 1624 2680 Evagrium
1652 2593 1696 2661 ita
1724 2611 1763 2660 se
1789 2587 1920 2662 habent.
1953 2591 2042 2660 Nam

667 2717 702 2780 et
727 2709 969 2781 Ateuaudriae
996 2733 1019 2778 a
1044 2709 1169 2779 Marco
1195 2706 1419 2801 Ecaupelista
1445 2728 1550 2799 usque
1582 2707 1629 2776 ad
1658 2704 1845 2776 Heraclam
1877 2712 1913 2777 et
1945 2706 2038 2777 Dio-

665 2829 794 2919 upsium
819 2826 1032 2918 Episcopus,
1059 2822 1262 2915 Presbyteri
1288 2844 1419 2915 semper
1446 2845 1544 2892 uuum
1575 2844 1622 2892 eu
1652 2844 1690 2893 se
1724 2820 1866 2892 electum
1899 2825 1936 2893 in
1972 2846 2038 2893 ea-

666 2941 805 3014 eetsiori
829 2941 941 3034 produ
967 2940 1170 3012 collocatum
1196 2939 1404 3032 Episcopum
1428 2937 1664 3025 uominabaut,
1692 2937 1857 3030 quomado
1879 2942 1911 3011 si
1931 2961 2039 3009 euer-

665 3063 752 3130 eitus
777 3057 1023 3150 Imperatorem
1046 3059 1178 3149 saciat,
1205 3061 1266 3125 aut
1286 3054 1440 3125 Diacoui
1462 3053 1590 3146 eliquat
1611 3053 1654 3123 de
1670 3074 1708 3123 se
1726 3075 1823 3146 quem
1837 3055 2041 3126 iudustriam

663 3178 836 3263 uocatur,
865 3179 900 3245 et
925 3173 1219 3244 Arcbidiaconuru
1244 3177 1376 3241 nocent.
1420 3168 1509 3254 nuta
1534 3172 1735 3262 euimsatit
1762 3174 1911 3263 exceptu
1939 3169 2038 3239 ordi·

663 3294 805 3362 audoue
830 3290 1040 3383 Episcopus,
1075 3288 1166 3382 quod
1198 3287 1388 3379 Rresbpter
1427 3307 1495 3355 non
1526 3287 1669 3378 saciat?
1710 3283 1825 3356 Verba
1851 3283 1909 3356 illa
1948 3289 2038 3358 miris

664 3409 908 3478 commentariis
948 3415 1093 3492 vexata,
1136 3407 1234 3476 toties
1277 3407 1310 3474 in
1352 3400 1493 3472 medium
1533 3400 1763 3495 produxerrmt
1797 3401 2038 3489 recusantes,

601 3550 606 3561 ³
665 3523 794 3616 quoties
822 3519 864 3592 de
882 3519 1127 3616 Episcoporum
1156 3528 1190 3590 et
1207 3516 1487 3614 Presbyteromm
1514 3515 1715 3612 aequalitate
1742 3515 1945 3611 disputatum
1971 3526 2038 3589 est:

664 3639 728 3708 etsi
754 3637 904 3728 Anglos,
934 3638 1083 3731 quinon
1116 3634 1259 3737 ipfimum
1293 3637 1326 3705 in
1360 3631 1630 3705 Reformatorem
1662 3634 1895 3704 commuuione
1931 3629 2040 3703 locum

663 3762 795 3841 tenent,
830 3775 849 3822 a
883 3756 1050 3825 eontrmia
1087 3754 1250 3826 sententia
1290 3772 1470 3822 removere
1502 3771 1668 3845 nunquam
1709 3751 1885 3843 potuerint
1945 3747 2039 3820 Hanc

664 3872 894 3962 quaestionem
927 3890 1012 3962 quae
1044 3868 1144 3964 plane
1175 3866 1384 3958 Theologica
1420 3877 1492 3956 est,
1525 3868 1720 3938 examinare
1751 3887 1820 3937 non
1857 3872 1909 3937 est
1945 3862 2038 3954 hujus

662 3982 753 4072 loci,
775 3988 913 4079 jamque
939 3984 973 4056 id
1000 4007 1019 4055 a
1046 3983 1155 4057 multis
1184 3982 1369 4076 Theologis
1395 3985 1587 4078 praestitum
1615 3989 1675 4053 est.
1718 3980 1884 4074 Adjunxit
1908 3978 2037 4050 Hiero-

661 4100 754 4195 uymi
781 4103 948 4172 autoritati
973 4099 1139 4173 Seldenus
1165 4098 1319 4191 Auglus,
1345 4103 1431 4170 inter
1447 4095 1728 4194 Presbyterianos
1745 4098 2036 4181 nominatissimus,

661 4203 825 4287 leviorem
853 4219 1005 4305 omniuo,
1033 4214 1090 4288 vel
1115 4219 1227 4312 potius
1253 4213 1375 4287 nullam
1401 4213 1557 4309 Eutychii
1582 4211 1803 4286 Alexandrini
1822 4209 2036 4283 Patriarclroe

663 4337 882 4406 autoritatem.
934 4333 968 4404 ls
994 4336 1028 4403 iu
1054 4333 1125 4403 vita
1151 4331 1257 4403 Marci
1283 4334 1330 4402 itu
1356 4328 1479 4406 scribit
1534 4327 1716 4400 Constituit
1745 4329 1887 4399 Marcus
1911 4328 2035 4398 Eamu-

662 4449 787 4544 pelista
822 4448 999 4519 duodecim
1032 4445 1261 4539 Presbyterns
1293 4469 1367 4516 curn
1401 4445 1582 4532 Hmuaaia,
1619 4447 1678 4536 qui
1711 4466 1830 4537 serape
1861 4444 2037 4514 manerem

664 4587 738 4635 eum
780 4564 1011 4652 Patriarcba,
1053 4565 1142 4634 adeo
1181 4568 1218 4634 ut
1251 4586 1325 4633 cum
1364 4567 1510 4633 uacaret
1543 4559 1830 4649 Patriarcbutus,
1871 4559 2036 4651 eriperent
2069 4568 2072 4573 “

662 4703 764 4750 uuam
788 4703 809 4751 e
835 4681 1012 4752 mouentia
1037 4677 1273 4772 Presbyter-is,
1307 4683 1404 4770 crpus
1434 4678 1543 4769 capiti
1575 4673 1701 4769 reliqui
1731 4674 1888 4747 undecim
1919 4694 2035 4743 marrus
2069 4656 2075 4661 ⁶

661 4799 887 4887 imponerent,
916 4817 1056 4889 eumque
1082 4794 1326 4865 beuedicerent
1351 4799 1386 4865 et
1410 4791 1659 4864 Putriarcbam
1684 4813 1761 4862 eum
1785 4795 1951 4862 crearent
1966 4842 1993 4859 ..
2008 4837 2033 4857 ..

661 4912 784 5012 Neque
809 4911 1052 4981 Alexandriae
1078 4911 1181 4980 desiit
1206 4913 1392 4981 institutum
1417 4909 1482 4980 boa
1509 4906 1553 4979 de
1578 4906 1813 4999 Presbyteris,
1841 4914 1878 4978 ut
1904 4905 2035 4978 radicet

661 5026 893 5097 Patriarcbas
924 5032 1087 5098 crearent
1118 5049 1165 5097 ex
1190 5025 1409 5118 Presbyteris
1441 5024 1632 5113 duodecim,
1666 5046 1772 5118 usque
1802 5022 1849 5093 ad
1882 5028 2034 5114 terpora
