<?xml version="1.0" encoding="UTF-8"?>
<!DOCTYPE html PUBLIC "-//W3C//DTD XHTML 1.0 Transitional//EN"
    "http://www.w3.org/TR/xhtml1/DTD/xhtml1-transitional.dtd">
<html xmlns="http://www.w3.org/1999/xhtml" xml:lang="en" lang="en">
 <head>
  <title>
</title>
<meta http-equiv="Content-Type" content="text/html;charset=utf-8" />
  <meta name='ocr-system' content='tesseract 3.04.00' />
  <meta name='ocr-capabilities' content='ocr_page ocr_carea ocr_par ocr_line ocrx_word'/>
</head>
<body>
  <div class='ocr_page' id='page_1' title='image "./liturgiarumorie00unkngoog/liturgiarumorie00unkngoog_0515.png"; bbox 0 0 4525 6034; ppageno 0'>
   <div class='ocr_carea' id='block_1_1' title="bbox 688 609 1628 688">
    <p class='ocr_par' dir='ltr' id='par_1_1' title="bbox 688 609 1628 688">
     <span class='ocr_line' id='line_1_1' title="bbox 688 609 1628 688; baseline 0 -3"><span class='ocrx_word' id='word_1_1' title='bbox 688 609 1224 688; x_wconf 78' lang='lat' dir='ltr'>ntnxnnonlno.</span> <span class='ocrx_word' id='word_1_2' title='bbox 1556 609 1628 685; x_wconf 82' lang='lat'>351</span> 
     </span>
    </p>
   </div>
   <div class='ocr_carea' id='block_1_2' title="bbox 217 795 1958 5189">
    <p class='ocr_par' dir='ltr' id='par_1_2' title="bbox 217 795 1633 1940">
     <span class='ocr_line' id='line_1_2' title="bbox 243 795 1632 895; baseline 0 -26"><span class='ocrx_word' id='word_1_3' title='bbox 243 797 396 891; x_wconf 71' lang='lat' dir='ltr'>bylouia,</span> <span class='ocrx_word' id='word_1_4' title='bbox 424 797 467 869; x_wconf 88' lang='lat' dir='ltr'>ad</span> <span class='ocrx_word' id='word_1_5' title='bbox 493 795 741 889; x_wconf 82' lang='lat' dir='ltr'>significandam</span> <span class='ocrx_word' id='word_1_6' title='bbox 769 806 921 870; x_wconf 85' lang='lat' dir='ltr'>veterem</span> <span class='ocrx_word' id='word_1_7' title='bbox 946 796 1063 870; x_wconf 90' lang='lat' dir='ltr'>urbem</span> <span class='ocrx_word' id='word_1_8' title='bbox 1097 821 1194 894; x_wconf 84' lang='lat' dir='ltr'>quam</span> <span class='ocrx_word' id='word_1_9' title='bbox 1221 795 1355 871; x_wconf 81' lang='lat' dir='ltr'><strong>Arabes</strong></span> <span class='ocrx_word' id='word_1_10' title='bbox 1386 798 1482 871; x_wconf 80' lang='lat' dir='ltr'>Merr</span> <span class='ocrx_word' id='word_1_11' title='bbox 1508 797 1632 895; x_wconf 89' lang='lat' dir='ltr'>appel-</span> 
     </span>
     <span class='ocr_line' id='line_1_3' title="bbox 242 912 1632 1012; baseline 0.002 -27"><span class='ocrx_word' id='word_1_12' title='bbox 242 912 338 986; x_wconf 85' lang='lat' dir='ltr'>lant:</span> <span class='ocrx_word' id='word_1_13' title='bbox 365 935 441 1003; x_wconf 89' lang='lat' dir='ltr'>nos,</span> <span class='ocrx_word' id='word_1_14' title='bbox 467 923 504 985; x_wconf 88' lang='grc' dir='ltr'>ιιι</span> <span class='ocrx_word' id='word_1_15' title='bbox 529 917 628 986; x_wconf 89' lang='lat' dir='ltr'>etiam</span> <span class='ocrx_word' id='word_1_16' title='bbox 657 912 845 987; x_wconf 86' lang='lat' dir='ltr'>Orientales</span> <span class='ocrx_word' id='word_1_17' title='bbox 872 937 940 987; x_wconf 89' lang='lat' dir='ltr'>nou</span> <span class='ocrx_word' id='word_1_18' title='bbox 966 917 1077 1010; x_wconf 91' lang='lat' dir='ltr'>pauci,</span> <span class='ocrx_word' id='word_1_19' title='bbox 1104 914 1260 988; x_wconf 79' lang='lat' dir='ltr'>Cabirum</span> <span class='ocrx_word' id='word_1_20' title='bbox 1285 924 1451 988; x_wconf 90' lang='lat' dir='ltr'>veterem.</span> <span class='ocrx_word' id='word_1_21' title='bbox 1500 915 1632 1012; x_wconf 81' lang='lat' dir='ltr'>Nempe</span> 
     </span>
     <span class='ocr_line' id='line_1_4' title="bbox 249 1029 1631 1127; baseline 0.001 -25"><span class='ocrx_word' id='word_1_22' title='bbox 249 1033 487 1125; x_wconf 86' lang='lat' dir='ltr'>antiquissima</span> <span class='ocrx_word' id='word_1_23' title='bbox 524 1040 578 1104; x_wconf 89' lang='lat' dir='ltr'>est</span> <span class='ocrx_word' id='word_1_24' title='bbox 606 1030 734 1102; x_wconf 88' lang='lat' dir='ltr'>illarum</span> <span class='ocrx_word' id='word_1_25' title='bbox 767 1029 917 1120; x_wconf 89' lang='lat' dir='ltr'>urbium,</span> <span class='ocrx_word' id='word_1_26' title='bbox 949 1031 1008 1103; x_wconf 87' lang='lat' dir='ltr'>vel</span> <span class='ocrx_word' id='word_1_27' title='bbox 1039 1035 1149 1127; x_wconf 89' lang='lat' dir='ltr'>potius</span> <span class='ocrx_word' id='word_1_28' title='bbox 1182 1034 1346 1126; x_wconf 88' lang='lat' dir='ltr'>partium,</span> <span class='ocrx_word' id='word_1_29' title='bbox 1379 1054 1465 1126; x_wconf 86' lang='lat' dir='ltr'>quae</span> <span class='ocrx_word' id='word_1_30' title='bbox 1498 1041 1631 1104; x_wconf 87' lang='lat' dir='ltr'>vastam</span> 
     </span>
     <span class='ocr_line' id='line_1_5' title="bbox 243 1145 1632 1243; baseline 0.001 -25"><span class='ocrx_word' id='word_1_31' title='bbox 243 1147 356 1236; x_wconf 89' lang='lat' dir='ltr'>illam,</span> <span class='ocrx_word' id='word_1_32' title='bbox 384 1145 527 1219; x_wconf 81' lang='lat' dir='ltr'>Gabinae</span> <span class='ocrx_word' id='word_1_33' title='bbox 553 1149 720 1219; x_wconf 91' lang='lat' dir='ltr'>communi</span> <span class='ocrx_word' id='word_1_34' title='bbox 752 1149 887 1218; x_wconf 90' lang='lat' dir='ltr'>nomine</span> <span class='ocrx_word' id='word_1_35' title='bbox 918 1146 1137 1239; x_wconf 86' lang='lat' dir='ltr'>significatam</span> <span class='ocrx_word' id='word_1_36' title='bbox 1169 1157 1378 1243; x_wconf 89' lang='lat' dir='ltr'>componunt</span> <span class='ocrx_word' id='word_1_37' title='bbox 1432 1146 1484 1219; x_wconf 89' lang='lat' dir='ltr'>Ea</span> <span class='ocrx_word' id='word_1_38' title='bbox 1510 1149 1632 1242; x_wconf 87' lang='lat' dir='ltr'>partim</span> 
     </span>
     <span class='ocr_line' id='line_1_6' title="bbox 244 1262 1632 1359; baseline 0 -24"><span class='ocrx_word' id='word_1_39' title='bbox 244 1263 437 1349; x_wconf 86' lang='lat' dir='ltr'>destructa,</span> <span class='ocrx_word' id='word_1_40' title='bbox 464 1262 525 1334; x_wconf 92' lang='lat' dir='ltr'>sed</span> <span class='ocrx_word' id='word_1_41' title='bbox 550 1272 661 1333; x_wconf 75' lang='lat' dir='ltr'>mmen</span> <span class='ocrx_word' id='word_1_42' title='bbox 679 1266 830 1335; x_wconf 86' lang='lat' dir='ltr'>restituta</span> <span class='ocrx_word' id='word_1_43' title='bbox 856 1273 926 1335; x_wconf 88' lang='lat' dir='ltr'>ost:</span> <span class='ocrx_word' id='word_1_44' title='bbox 954 1274 989 1335; x_wconf 90' lang='lat' dir='ltr'>et</span> <span class='ocrx_word' id='word_1_45' title='bbox 1014 1286 1060 1335; x_wconf 85' lang='lat' dir='ltr'>ex</span> <span class='ocrx_word' id='word_1_46' title='bbox 1087 1264 1193 1336; x_wconf 90' lang='lat' dir='ltr'>altera</span> <span class='ocrx_word' id='word_1_47' title='bbox 1215 1262 1280 1335; x_wconf 90' lang='lat' dir='ltr'>Nili</span> <span class='ocrx_word' id='word_1_48' title='bbox 1307 1274 1415 1359; x_wconf 85' lang='lat' dir='ltr'>parte,</span> <span class='ocrx_word' id='word_1_49' title='bbox 1442 1286 1507 1358; x_wconf 82' lang='lat' dir='ltr'>qua</span> <span class='ocrx_word' id='word_1_50' title='bbox 1534 1264 1632 1336; x_wconf 90' lang='lat' dir='ltr'>Ara-</span> 
     </span>
     <span class='ocr_line' id='line_1_7' title="bbox 243 1376 1633 1474; baseline 0.001 -24"><span class='ocrx_word' id='word_1_51' title='bbox 243 1379 332 1451; x_wconf 82' lang='lat' dir='ltr'>biae</span> <span class='ocrx_word' id='word_1_52' title='bbox 358 1380 512 1468; x_wconf 88' lang='lat' dir='ltr'>vicinior,</span> <span class='ocrx_word' id='word_1_53' title='bbox 539 1380 686 1449; x_wconf 82' lang='lat' dir='ltr'>Foetatn</span> <span class='ocrx_word' id='word_1_54' title='bbox 704 1376 746 1450; x_wconf 90' lang='lat' dir='ltr'>ab</span> <span class='ocrx_word' id='word_1_55' title='bbox 764 1379 869 1450; x_wconf 90' lang='lat' dir='ltr'>Amro</span> <span class='ocrx_word' id='word_1_56' title='bbox 882 1378 1066 1469; x_wconf 87' lang='lat' dir='ltr'>aedificata,</span> <span class='ocrx_word' id='word_1_57' title='bbox 1094 1378 1319 1474; x_wconf 81' lang='lat' dir='ltr'>qnaeidcirco</span> <span class='ocrx_word' id='word_1_58' title='bbox 1334 1380 1633 1452; x_wconf 78' lang='lat' dir='ltr'>FoetataMearue</span> 
     </span>
     <span class='ocr_line' id='line_1_8' title="bbox 244 1493 1633 1590; baseline 0.002 -24"><span class='ocrx_word' id='word_1_59' title='bbox 244 1495 343 1566; x_wconf 83' lang='lat' dir='ltr'>dicta</span> <span class='ocrx_word' id='word_1_60' title='bbox 369 1505 433 1585; x_wconf 90' lang='lat' dir='ltr'>est,</span> <span class='ocrx_word' id='word_1_61' title='bbox 461 1498 537 1590; x_wconf 89' lang='lat' dir='ltr'>quia</span> <span class='ocrx_word' id='word_1_62' title='bbox 563 1516 671 1590; x_wconf 80' lang='lat' dir='ltr'>prope</span> <span class='ocrx_word' id='word_1_63' title='bbox 697 1505 848 1567; x_wconf 90' lang='lat' dir='ltr'>veterem</span> <span class='ocrx_word' id='word_1_64' title='bbox 874 1493 991 1567; x_wconf 90' lang='lat' dir='ltr'>urbem</span> <span class='ocrx_word' id='word_1_65' title='bbox 1018 1506 1053 1567; x_wconf 89' lang='lat' dir='ltr'>ot</span> <span class='ocrx_word' id='word_1_66' title='bbox 1079 1498 1111 1566; x_wconf 93' lang='lat' dir='ltr'>iu</span> <span class='ocrx_word' id='word_1_67' title='bbox 1140 1500 1212 1589; x_wconf 88' lang='lat' dir='ltr'>ejus</span> <span class='ocrx_word' id='word_1_68' title='bbox 1240 1498 1410 1568; x_wconf 89' lang='lat' dir='ltr'>territorio</span> <span class='ocrx_word' id='word_1_69' title='bbox 1444 1507 1526 1568; x_wconf 89' lang='lat' dir='ltr'>erat.</span> <span class='ocrx_word' id='word_1_70' title='bbox 1579 1496 1633 1569; x_wconf 88' lang='lat' dir='ltr'>Ea</span> 
     </span>
     <span class='ocr_line' id='line_1_9' title="bbox 243 1608 1631 1708; baseline 0.001 -26"><span class='ocrx_word' id='word_1_71' title='bbox 243 1633 340 1682; x_wconf 87' lang='lat' dir='ltr'>vero</span> <span class='ocrx_word' id='word_1_72' title='bbox 367 1634 453 1707; x_wconf 89' lang='lat' dir='ltr'>quae</span> <span class='ocrx_word' id='word_1_73' title='bbox 481 1610 602 1684; x_wconf 86' lang='lat' dir='ltr'>Cabira</span> <span class='ocrx_word' id='word_1_74' title='bbox 629 1611 842 1703; x_wconf 78' lang='lat' dir='ltr'>singulariter</span> <span class='ocrx_word' id='word_1_75' title='bbox 868 1610 1033 1708; x_wconf 85' lang='lat' dir='ltr'>appellata</span> <span class='ocrx_word' id='word_1_76' title='bbox 1060 1610 1132 1703; x_wconf 82' lang='lat' dir='ltr'>luit,</span> <span class='ocrx_word' id='word_1_77' title='bbox 1160 1634 1179 1683; x_wconf 90' lang='lat' dir='ltr'>a</span> <span class='ocrx_word' id='word_1_78' title='bbox 1207 1611 1375 1684; x_wconf 85' lang='lat' dir='ltr'>Gieubaro</span> <span class='ocrx_word' id='word_1_79' title='bbox 1393 1608 1631 1684; x_wconf 89' lang='lat' dir='ltr'>Fatimidarum</span> 
     </span>
     <span class='ocr_line' id='line_1_10' title="bbox 245 1726 1633 1821; baseline 0 -22"><span class='ocrx_word' id='word_1_80' title='bbox 245 1731 425 1800; x_wconf 85' lang='lat' dir='ltr'>exercitus</span> <span class='ocrx_word' id='word_1_81' title='bbox 453 1726 537 1799; x_wconf 91' lang='lat' dir='ltr'>duce</span> <span class='ocrx_word' id='word_1_82' title='bbox 564 1739 736 1800; x_wconf 84' lang='lat' dir='ltr'>exstructa</span> <span class='ocrx_word' id='word_1_83' title='bbox 763 1738 816 1800; x_wconf 91' lang='lat' dir='ltr'>est</span> <span class='ocrx_word' id='word_1_84' title='bbox 838 1750 924 1801; x_wconf 90' lang='lat' dir='ltr'>anno</span> <span class='ocrx_word' id='word_1_85' title='bbox 956 1728 1105 1821; x_wconf 85' lang='lat' dir='ltr'>Hegirae</span> <span class='ocrx_word' id='word_1_86' title='bbox 1132 1726 1287 1802; x_wconf 84' lang='lat' dir='ltr'>CCCIX:</span> <span class='ocrx_word' id='word_1_87' title='bbox 1315 1727 1459 1818; x_wconf 90' lang='lat' dir='ltr'>Boulac,</span> <span class='ocrx_word' id='word_1_88' title='bbox 1489 1729 1571 1802; x_wconf 84' lang='lat' dir='ltr'>Giza</span> <span class='ocrx_word' id='word_1_89' title='bbox 1599 1735 1633 1800; x_wconf 89' lang='lat' dir='ltr'>et</span> 
     </span>
     <span class='ocr_line' id='line_1_11' title="bbox 217 1843 1483 1940; baseline -0.001 -25"><span class='ocrx_word' id='word_1_90' title='bbox 217 1844 319 1915; x_wconf 53' lang='lat' dir='ltr'>‘alia</span> <span class='ocrx_word' id='word_1_91' title='bbox 346 1844 433 1934; x_wconf 84' lang='lat' dir='ltr'>loca,</span> <span class='ocrx_word' id='word_1_92' title='bbox 460 1866 503 1914; x_wconf 90' lang='lat' dir='ltr'>ea</span> <span class='ocrx_word' id='word_1_93' title='bbox 530 1866 662 1939; x_wconf 86' lang='lat' dir='ltr'>quoque</span> <span class='ocrx_word' id='word_1_94' title='bbox 689 1843 783 1931; x_wconf 89' lang='lat' dir='ltr'>urbe,</span> <span class='ocrx_word' id='word_1_95' title='bbox 810 1855 965 1939; x_wconf 85' lang='lat' dir='ltr'>tanquam</span> <span class='ocrx_word' id='word_1_96' title='bbox 993 1855 1105 1940; x_wconf 89' lang='lat' dir='ltr'>partes</span> <span class='ocrx_word' id='word_1_97' title='bbox 1134 1849 1207 1939; x_wconf 87' lang='lat' dir='ltr'>ejus</span> <span class='ocrx_word' id='word_1_98' title='bbox 1234 1843 1483 1916; x_wconf 89' lang='lat' dir='ltr'>concluduntur.</span> 
     </span>
    </p>

    <p class='ocr_par' dir='ltr' id='par_1_3' title="bbox 357 1957 1956 2051">
     <span class='ocr_line' id='line_1_12' title="bbox 357 1957 1956 2051; baseline 0.003 -21"><span class='ocrx_word' id='word_1_99' title='bbox 357 1957 430 2031; x_wconf 86' lang='grc' dir='ltr'>ΧΠ.</span> <span class='ocrx_word' id='word_1_100' title='bbox 457 1958 503 2031; x_wconf 90' lang='lat' dir='ltr'>Ut</span> <span class='ocrx_word' id='word_1_101' title='bbox 528 1959 572 2030; x_wconf 87' lang='lat' dir='ltr'>ad</span> <span class='ocrx_word' id='word_1_102' title='bbox 598 1982 654 2032; x_wconf 89' lang='lat' dir='ltr'>res</span> <span class='ocrx_word' id='word_1_103' title='bbox 681 1959 939 2033; x_wconf 85' lang='lat' dir='ltr'>Ecclesiasticus</span> <span class='ocrx_word' id='word_1_104' title='bbox 965 1961 1159 2048; x_wconf 83' lang='lat' dir='ltr'>redeamus,</span> <span class='ocrx_word' id='word_1_105' title='bbox 1191 1960 1369 2032; x_wconf 89' lang='lat' dir='ltr'>notandum</span> <span class='ocrx_word' id='word_1_106' title='bbox 1396 1970 1449 2031; x_wconf 89' lang='lat' dir='ltr'>est</span> <span class='ocrx_word' id='word_1_107' title='bbox 1475 1961 1629 2032; x_wconf 88' lang='lat' dir='ltr'>Patriar-</span> <span class='ocrx_word' id='word_1_108' title='bbox 1695 1980 1893 2051; x_wconf 74' lang='lat' dir='ltr'>archicpiscopi</span> <span class='ocrx_word' id='word_1_109' title='bbox 1914 1986 1956 2036; x_wconf 79' lang='grc' dir='ltr'>ιι-</span> 
     </span>
    </p>

    <p class='ocr_par' dir='ltr' id='par_1_4' title="bbox 243 2065 1958 3657">
     <span class='ocr_line' id='line_1_13' title="bbox 245 2065 1958 2172; baseline 0.002 -25"><span class='ocrx_word' id='word_1_110' title='bbox 245 2074 336 2147; x_wconf 90' lang='lat' dir='ltr'>chas</span> <span class='ocrx_word' id='word_1_111' title='bbox 367 2073 618 2149; x_wconf 84' lang='lat' dir='ltr'>Alexandrinos</span> <span class='ocrx_word' id='word_1_112' title='bbox 652 2077 707 2149; x_wconf 91' lang='lat' dir='ltr'>diu</span> <span class='ocrx_word' id='word_1_113' title='bbox 747 2077 820 2149; x_wconf 91' lang='lat' dir='ltr'>solo</span> <span class='ocrx_word' id='word_1_114' title='bbox 856 2077 1207 2172; x_wconf 77' lang='lat' dir='ltr'>Arctiepe&#39;acoporran</span> <span class='ocrx_word' id='word_1_115' title='bbox 1248 2077 1491 2148; x_wconf 68' lang='lat' dir='ltr'>Alexandriae</span> <span class='ocrx_word' id='word_1_116' title='bbox 1534 2077 1629 2150; x_wconf 88' lang='lat' dir='ltr'>titulo</span> <span class='ocrx_word' id='word_1_117' title='bbox 1642 2065 1817 2137; x_wconf 68' lang='lat' dir='ltr'>nmnegypu</span> <span class='ocrx_word' id='word_1_118' title='bbox 1830 2068 1958 2123; x_wconf 64' lang='lat' dir='ltr'>⁰¹¹¹ffi0‘5·</span> 
     </span>
     <span class='ocr_line' id='line_1_14' title="bbox 243 2190 1630 2291; baseline 0.002 -28"><span class='ocrx_word' id='word_1_119' title='bbox 243 2201 430 2263; x_wconf 86' lang='lat' dir='ltr'>contentos</span> <span class='ocrx_word' id='word_1_120' title='bbox 457 2190 575 2281; x_wconf 90' lang='lat' dir='ltr'>luisse,</span> <span class='ocrx_word' id='word_1_121' title='bbox 602 2196 656 2287; x_wconf 87' lang='lat' dir='ltr'>qui</span> <span class='ocrx_word' id='word_1_122' title='bbox 683 2216 801 2291; x_wconf 89' lang='lat' dir='ltr'>omnes</span> <span class='ocrx_word' id='word_1_123' title='bbox 828 2192 976 2289; x_wconf 86' lang='lat' dir='ltr'>reliquos</span> <span class='ocrx_word' id='word_1_124' title='bbox 1002 2193 1204 2266; x_wconf 86' lang='lat' dir='ltr'>continebat.</span> <span class='ocrx_word' id='word_1_125' title='bbox 1230 2193 1306 2265; x_wconf 87' lang='lat' dir='ltr'>Jam</span> <span class='ocrx_word' id='word_1_126' title='bbox 1332 2192 1453 2265; x_wconf 91' lang='lat' dir='ltr'>dndum</span> <span class='ocrx_word' id='word_1_127' title='bbox 1481 2190 1630 2266; x_wconf 83' lang='lat' dir='ltr'>enimin</span> 
     </span>
     <span class='ocr_line' id='line_1_15' title="bbox 245 2307 1628 2399; baseline 0.001 -18"><span class='ocrx_word' id='word_1_128' title='bbox 245 2307 408 2381; x_wconf 84' lang='lat' dir='ltr'>Concilio</span> <span class='ocrx_word' id='word_1_129' title='bbox 435 2307 586 2380; x_wconf 90' lang='lat' dir='ltr'>Nicaeno</span> <span class='ocrx_word' id='word_1_130' title='bbox 614 2317 768 2381; x_wconf 86' lang='lat' dir='ltr'>statutum</span> <span class='ocrx_word' id='word_1_131' title='bbox 795 2309 924 2399; x_wconf 86' lang='lat' dir='ltr'>fuerat,</span> <span class='ocrx_word' id='word_1_132' title='bbox 959 2319 995 2382; x_wconf 88' lang='lat' dir='ltr'>ut</span> <span class='ocrx_word' id='word_1_133' title='bbox 1029 2311 1173 2381; x_wconf 91' lang='lat' dir='ltr'>omniurn</span> <span class='ocrx_word' id='word_1_134' title='bbox 1207 2307 1436 2383; x_wconf 87' lang='lat' dir='ltr'>Ecclesiamm</span> <span class='ocrx_word' id='word_1_135' title='bbox 1468 2309 1628 2383; x_wconf 84' lang='lat' dir='ltr'>Alexan-</span> 
     </span>
     <span class='ocr_line' id='line_1_16' title="bbox 248 2423 1629 2522; baseline 0.002 -26"><span class='ocrx_word' id='word_1_136' title='bbox 248 2426 371 2496; x_wconf 88' lang='lat' dir='ltr'>drinae</span> <span class='ocrx_word' id='word_1_137' title='bbox 399 2424 469 2495; x_wconf 90' lang='lat' dir='ltr'>sedi</span> <span class='ocrx_word' id='word_1_138' title='bbox 497 2423 721 2517; x_wconf 87' lang='lat' dir='ltr'>subjectarum</span> <span class='ocrx_word' id='word_1_139' title='bbox 747 2425 1128 2522; x_wconf 88' lang='lat' dir='ltr'>haberentpotestatem.</span> <span class='ocrx_word' id='word_1_140' title='bbox 1155 2424 1282 2498; x_wconf 84' lang='lat' dir='ltr'>Verum</span> <span class='ocrx_word' id='word_1_141' title='bbox 1310 2447 1356 2497; x_wconf 83' lang='lat' dir='ltr'>ex</span> <span class='ocrx_word' id='word_1_142' title='bbox 1383 2440 1449 2521; x_wconf 75' lang='lat' dir='ltr'>quo</span> <span class='ocrx_word' id='word_1_143' title='bbox 1467 2427 1629 2499; x_wconf 83' lang='lat' dir='ltr'>Alexan-</span> 
     </span>
     <span class='ocr_line' id='line_1_17' title="bbox 249 2540 1630 2640; baseline 0.004 -28"><span class='ocrx_word' id='word_1_144' title='bbox 249 2541 328 2612; x_wconf 91' lang='lat' dir='ltr'>dria</span> <span class='ocrx_word' id='word_1_145' title='bbox 360 2550 456 2635; x_wconf 87' lang='lat' dir='ltr'>capta</span> <span class='ocrx_word' id='word_1_146' title='bbox 489 2564 509 2612; x_wconf 93' lang='lat' dir='ltr'>a</span> <span class='ocrx_word' id='word_1_147' title='bbox 545 2540 815 2629; x_wconf 84' lang='lat' dir='ltr'>Muhamedanis,</span> <span class='ocrx_word' id='word_1_148' title='bbox 851 2551 952 2637; x_wconf 87' lang='lat' dir='ltr'>capnt</span> <span class='ocrx_word' id='word_1_149' title='bbox 982 2545 1130 2634; x_wconf 83' lang='lat' dir='ltr'>regionis</span> <span class='ocrx_word' id='word_1_150' title='bbox 1168 2540 1321 2637; x_wconf 73' lang='lat' dir='ltr'>Aegypti</span> <span class='ocrx_word' id='word_1_151' title='bbox 1359 2553 1394 2614; x_wconf 90' lang='lat' dir='ltr'>et</span> <span class='ocrx_word' id='word_1_152' title='bbox 1434 2542 1630 2640; x_wconf 79' lang='lat' dir='ltr'>Metropolis</span> 
     </span>
     <span class='ocr_line' id='line_1_18' title="bbox 250 2655 1631 2758; baseline 0.004 -30"><span class='ocrx_word' id='word_1_153' title='bbox 250 2656 438 2728; x_wconf 87' lang='lat' dir='ltr'>saecularis</span> <span class='ocrx_word' id='word_1_154' title='bbox 470 2677 549 2728; x_wconf 91' lang='lat' dir='ltr'>esse</span> <span class='ocrx_word' id='word_1_155' title='bbox 581 2655 696 2747; x_wconf 90' lang='lat' dir='ltr'>desiit,</span> <span class='ocrx_word' id='word_1_156' title='bbox 731 2657 925 2751; x_wconf 83' lang='lat' dir='ltr'>adjecerunt</span> <span class='ocrx_word' id='word_1_157' title='bbox 960 2656 1178 2730; x_wconf 88' lang='lat' dir='ltr'>Patriarchae</span> <span class='ocrx_word' id='word_1_158' title='bbox 1218 2656 1444 2730; x_wconf 88' lang='lat' dir='ltr'>Jacobitarum</span> <span class='ocrx_word' id='word_1_159' title='bbox 1482 2664 1631 2758; x_wconf 81' lang='lat' dir='ltr'>pristinis</span> 
     </span>
     <span class='ocr_line' id='line_1_19' title="bbox 250 2770 1630 2870; baseline 0.005 -28"><span class='ocrx_word' id='word_1_160' title='bbox 250 2770 357 2844; x_wconf 89' lang='lat' dir='ltr'>titulis</span> <span class='ocrx_word' id='word_1_161' title='bbox 383 2774 452 2844; x_wconf 90' lang='lat' dir='ltr'>suis</span> <span class='ocrx_word' id='word_1_162' title='bbox 479 2770 566 2844; x_wconf 86' lang='lat' dir='ltr'>hanc</span> <span class='ocrx_word' id='word_1_163' title='bbox 591 2776 839 2868; x_wconf 86' lang='lat' dir='ltr'>provinciamm</span> <span class='ocrx_word' id='word_1_164' title='bbox 865 2772 929 2844; x_wconf 92' lang='lat' dir='ltr'>sibi</span> <span class='ocrx_word' id='word_1_165' title='bbox 964 2770 1170 2844; x_wconf 89' lang='lat' dir='ltr'>subditarum</span> <span class='ocrx_word' id='word_1_166' title='bbox 1205 2777 1508 2866; x_wconf 75' lang='lat' dir='ltr'>enumerationem,</span> <span class='ocrx_word' id='word_1_167' title='bbox 1536 2779 1630 2870; x_wconf 90' lang='lat' dir='ltr'>cujus</span> 
     </span>
     <span class='ocr_line' id='line_1_20' title="bbox 254 2887 1629 2987; baseline 0.004 -28"><span class='ocrx_word' id='word_1_168' title='bbox 254 2888 345 2982; x_wconf 88' lang='lat' dir='ltr'>apud</span> <span class='ocrx_word' id='word_1_169' title='bbox 373 2887 524 2960; x_wconf 86' lang='lat' dir='ltr'>Graecos</span> <span class='ocrx_word' id='word_1_170' title='bbox 551 2897 688 2962; x_wconf 88' lang='lat' dir='ltr'>veteres</span> <span class='ocrx_word' id='word_1_171' title='bbox 722 2888 864 2979; x_wconf 88' lang='lat' dir='ltr'>nullum,</span> <span class='ocrx_word' id='word_1_172' title='bbox 895 2898 932 2959; x_wconf 88' lang='lat' dir='ltr'>nt</span> <span class='ocrx_word' id='word_1_173' title='bbox 964 2891 1212 2978; x_wconf 85' lang='lat' dir='ltr'>existimamus,</span> <span class='ocrx_word' id='word_1_174' title='bbox 1253 2893 1400 2961; x_wconf 87' lang='lat' dir='ltr'>occurrit</span> <span class='ocrx_word' id='word_1_175' title='bbox 1430 2891 1629 2987; x_wconf 84' lang='lat' dir='ltr'>exemplum.</span> 
     </span>
     <span class='ocr_line' id='line_1_21' title="bbox 251 3003 1631 3103; baseline 0.004 -28"><span class='ocrx_word' id='word_1_176' title='bbox 251 3003 438 3103; x_wconf 81' lang='lat' dir='ltr'>Dicebatur</span> <span class='ocrx_word' id='word_1_177' title='bbox 470 3015 580 3077; x_wconf 86' lang='lat' dir='ltr'>antem</span> <span class='ocrx_word' id='word_1_178' title='bbox 610 3005 916 3101; x_wconf 87' lang='lat' dir='ltr'>Archiepiscopus,</span> <span class='ocrx_word' id='word_1_179' title='bbox 949 3025 1014 3076; x_wconf 92' lang='lat' dir='ltr'>non</span> <span class='ocrx_word' id='word_1_180' title='bbox 1041 3004 1269 3076; x_wconf 82' lang='lat' dir='ltr'>Alexandriae</span> <span class='ocrx_word' id='word_1_181' title='bbox 1295 3005 1409 3096; x_wconf 92' lang='lat' dir='ltr'>modo,</span> <span class='ocrx_word' id='word_1_182' title='bbox 1442 3005 1503 3079; x_wconf 90' lang='lat' dir='ltr'>sed</span> <span class='ocrx_word' id='word_1_183' title='bbox 1530 3012 1631 3080; x_wconf 86' lang='lat' dir='ltr'>totius</span> 
     </span>
     <span class='ocr_line' id='line_1_22' title="bbox 249 3119 1630 3218; baseline 0.002 -24"><span class='ocrx_word' id='word_1_184' title='bbox 249 3122 419 3215; x_wconf 68' lang='lat' dir='ltr'>Aegppti,</span> <span class='ocrx_word' id='word_1_185' title='bbox 446 3124 521 3214; x_wconf 86' lang='lat' dir='ltr'>quia</span> <span class='ocrx_word' id='word_1_186' title='bbox 549 3143 655 3216; x_wconf 86' lang='lat' dir='ltr'>usque</span> <span class='ocrx_word' id='word_1_187' title='bbox 688 3121 732 3194; x_wconf 91' lang='lat' dir='ltr'>ad</span> <span class='ocrx_word' id='word_1_188' title='bbox 762 3120 972 3194; x_wconf 89' lang='lat' dir='ltr'>undecimum</span> <span class='ocrx_word' id='word_1_189' title='bbox 1004 3132 1061 3192; x_wconf 91' lang='lat' dir='ltr'>aut</span> <span class='ocrx_word' id='word_1_190' title='bbox 1093 3119 1325 3218; x_wconf 84' lang='lat' dir='ltr'>duodecimum</span> <span class='ocrx_word' id='word_1_191' title='bbox 1358 3121 1511 3195; x_wconf 84' lang='lat' dir='ltr'>fortassis</span> <span class='ocrx_word' id='word_1_192' title='bbox 1545 3146 1630 3196; x_wconf 90' lang='lat' dir='ltr'>sae-</span> 
     </span>
     <span class='ocr_line' id='line_1_23' title="bbox 251 3235 1631 3333; baseline 0.006 -27"><span class='ocrx_word' id='word_1_193' title='bbox 251 3235 376 3325; x_wconf 91' lang='lat' dir='ltr'>culum,</span> <span class='ocrx_word' id='word_1_194' title='bbox 402 3236 534 3331; x_wconf 73' lang='lat' dir='ltr'>prando</span> <span class='ocrx_word' id='word_1_195' title='bbox 561 3239 784 3311; x_wconf 89' lang='lat' dir='ltr'>Damiateusis</span> <span class='ocrx_word' id='word_1_196' title='bbox 815 3236 1038 3333; x_wconf 84' lang='lat' dir='ltr'>Episcopatus</span> <span class='ocrx_word' id='word_1_197' title='bbox 1064 3235 1311 3332; x_wconf 86' lang='lat' dir='ltr'>Metropolitani</span> <span class='ocrx_word' id='word_1_198' title='bbox 1341 3239 1534 3332; x_wconf 85' lang='lat' dir='ltr'>dignitatem</span> <span class='ocrx_word' id='word_1_199' title='bbox 1561 3242 1631 3314; x_wconf 90' lang='lat' dir='ltr'>ob-</span> 
     </span>
     <span class='ocr_line' id='line_1_24' title="bbox 251 3351 1633 3453; baseline 0.004 -29"><span class='ocrx_word' id='word_1_200' title='bbox 251 3355 361 3439; x_wconf 79' lang='lat' dir='ltr'>tinuit,</span> <span class='ocrx_word' id='word_1_201' title='bbox 392 3351 500 3424; x_wconf 91' lang='lat' dir='ltr'>nullus</span> <span class='ocrx_word' id='word_1_202' title='bbox 533 3353 620 3449; x_wconf 92' lang='lat' dir='ltr'>apud</span> <span class='ocrx_word' id='word_1_203' title='bbox 651 3352 840 3441; x_wconf 87' lang='lat' dir='ltr'>Jacobitas,</span> <span class='ocrx_word' id='word_1_204' title='bbox 873 3366 1009 3450; x_wconf 88' lang='lat' dir='ltr'>praeter</span> <span class='ocrx_word' id='word_1_205' title='bbox 1040 3352 1266 3426; x_wconf 88' lang='lat' dir='ltr'>Patriarcham</span> <span class='ocrx_word' id='word_1_206' title='bbox 1299 3356 1333 3425; x_wconf 91' lang='lat' dir='ltr'>in</span> <span class='ocrx_word' id='word_1_207' title='bbox 1363 3357 1525 3453; x_wconf 78' lang='lat' dir='ltr'>Aegypto</span> <span class='ocrx_word' id='word_1_208' title='bbox 1560 3368 1633 3430; x_wconf 90' lang='lat' dir='ltr'>erat</span> 
     </span>
     <span class='ocr_line' id='line_1_25' title="bbox 252 3466 1632 3568; baseline 0.004 -28"><span class='ocrx_word' id='word_1_209' title='bbox 252 3466 557 3565; x_wconf 89' lang='lat' dir='ltr'>Archicpiscopns,</span> <span class='ocrx_word' id='word_1_210' title='bbox 593 3472 656 3542; x_wconf 91' lang='lat' dir='ltr'>etsi</span> <span class='ocrx_word' id='word_1_211' title='bbox 682 3492 824 3563; x_wconf 88' lang='lat' dir='ltr'>magnus</span> <span class='ocrx_word' id='word_1_212' title='bbox 851 3481 942 3543; x_wconf 87' lang='lat' dir='ltr'>esset</span> <span class='ocrx_word' id='word_1_213' title='bbox 969 3494 1011 3543; x_wconf 89' lang='lat' dir='ltr'>ea</span> <span class='ocrx_word' id='word_1_214' title='bbox 1037 3472 1071 3541; x_wconf 89' lang='lat' dir='ltr'>in</span> <span class='ocrx_word' id='word_1_215' title='bbox 1097 3472 1271 3565; x_wconf 89' lang='lat' dir='ltr'>provincia</span> <span class='ocrx_word' id='word_1_216' title='bbox 1291 3468 1535 3568; x_wconf 90' lang='lat' dir='ltr'>Episcoporum</span> <span class='ocrx_word' id='word_1_217' title='bbox 1556 3480 1632 3545; x_wconf 81' lang='lat' dir='ltr'>&#39;uu-</span> 
     </span>
     <span class='ocr_line' id='line_1_26' title="bbox 252 3606 378 3657; baseline -0.04 -1"><span class='ocrx_word' id='word_1_218' title='bbox 252 3606 378 3657; x_wconf 91' lang='lat' dir='ltr'>merus.</span> 
     </span>
    </p>

    <p class='ocr_par' dir='ltr' id='par_1_5' title="bbox 252 3694 1956 5189">
     <span class='ocr_line' id='line_1_27' title="bbox 321 3694 1956 3803; baseline 0.002 -31"><span class='ocrx_word' id='word_1_219' title='bbox 321 3694 328 3713; x_wconf 76' lang='grc'><strong>“</strong></span> <span class='ocrx_word' id='word_1_220' title='bbox 359 3701 447 3772; x_wconf 88' lang='grc' dir='ltr'><strong>ΧΙΠ.</strong></span> <span class='ocrx_word' id='word_1_221' title='bbox 482 3699 533 3771; x_wconf 90' lang='lat' dir='ltr'>Ea</span> <span class='ocrx_word' id='word_1_222' title='bbox 565 3699 720 3773; x_wconf 79' lang='lat' dir='ltr'>fortassis</span> <span class='ocrx_word' id='word_1_223' title='bbox 747 3703 833 3774; x_wconf 90' lang='lat' dir='ltr'>ratio</span> <span class='ocrx_word' id='word_1_224' title='bbox 867 3701 928 3774; x_wconf 90' lang='lat' dir='ltr'>luit</span> <span class='ocrx_word' id='word_1_225' title='bbox 962 3725 1022 3774; x_wconf 91' lang='lat' dir='ltr'>cur</span> <span class='ocrx_word' id='word_1_226' title='bbox 1060 3701 1237 3775; x_wconf 87' lang='lat' dir='ltr'>Jacobitac</span> <span class='ocrx_word' id='word_1_227' title='bbox 1265 3708 1437 3799; x_wconf 90' lang='lat' dir='ltr'>coeperint</span> <span class='ocrx_word' id='word_1_228' title='bbox 1468 3707 1630 3803; x_wconf 90' lang='lat' dir='ltr'>appellari</span> <span class='ocrx_word' id='word_1_229' title='bbox 1662 3718 1716 3773; x_wconf 77' lang='lat' dir='ltr'>oar</span> <span class='ocrx_word' id='word_1_230' title='bbox 1730 3719 1956 3790; x_wconf 63' lang='lat' dir='ltr'>contempnen-</span> 
     </span>
     <span class='ocr_line' id='line_1_28' title="bbox 252 3806 1956 3921; baseline 0.001 -32"><span class='ocrx_word' id='word_1_231' title='bbox 252 3815 525 3912; x_wconf 87' lang='lat' dir='ltr'>Archiepiscopi,</span> <span class='ocrx_word' id='word_1_232' title='bbox 552 3839 619 3889; x_wconf 90' lang='lat' dir='ltr'>non</span> <span class='ocrx_word' id='word_1_233' title='bbox 647 3815 739 3889; x_wconf 91' lang='lat' dir='ltr'>urbis</span> <span class='ocrx_word' id='word_1_234' title='bbox 767 3818 874 3890; x_wconf 91' lang='lat' dir='ltr'>solum</span> <span class='ocrx_word' id='word_1_235' title='bbox 906 3818 1178 3921; x_wconf 84' lang='lat' dir='ltr'>Alexandrinae,</span> <span class='ocrx_word' id='word_1_236' title='bbox 1213 3818 1273 3893; x_wconf 88' lang='lat' dir='ltr'>sed</span> <span class='ocrx_word' id='word_1_237' title='bbox 1304 3821 1432 3894; x_wconf 88' lang='lat' dir='ltr'>Misrae</span> <span class='ocrx_word' id='word_1_238' title='bbox 1465 3806 1956 3918; x_wconf 58' lang='lat' dir='ltr'>totiusquel’f&#39;ffli&#39;m&#39;ll‘l&#39;ll‘·</span> 
     </span>
     <span class='ocr_line' id='line_1_29' title="bbox 253 3900 1702 4029; baseline 0.006 -24"><span class='ocrx_word' id='word_1_239' title='bbox 253 3934 416 4027; x_wconf 74' lang='lat' dir='ltr'>Aegypti.</span> <span class='ocrx_word' id='word_1_240' title='bbox 471 3931 541 4004; x_wconf 86' lang='lat' dir='ltr'>Cur</span> <span class='ocrx_word' id='word_1_241' title='bbox 579 3955 664 4019; x_wconf 82' lang='lat' dir='ltr'>vero</span> <span class='ocrx_word' id='word_1_242' title='bbox 704 3931 913 4029; x_wconf 74' lang='lat' dir='ltr'>Babyloniae</span> <span class='ocrx_word' id='word_1_243' title='bbox 951 3957 1012 4005; x_wconf 88' lang='lat' dir='ltr'>scu</span> <span class='ocrx_word' id='word_1_244' title='bbox 1046 3933 1189 4006; x_wconf 88' lang='lat' dir='ltr'>Cabirae</span> <span class='ocrx_word' id='word_1_245' title='bbox 1229 3939 1428 4010; x_wconf 88' lang='lat' dir='ltr'>mentionem</span> <span class='ocrx_word' id='word_1_246' title='bbox 1469 3939 1629 4028; x_wconf 82' lang='lat' dir='ltr'>lacerent,</span> <span class='ocrx_word' id='word_1_247' title='bbox 1643 3900 1702 3945; x_wconf 48' lang='grc' dir='ltr'>’Μ</span> 
     </span>
     <span class='ocr_line' id='line_1_30' title="bbox 254 4048 1628 4145; baseline 0.007 -27"><span class='ocrx_word' id='word_1_248' title='bbox 254 4058 373 4119; x_wconf 91' lang='lat' dir='ltr'>contra</span> <span class='ocrx_word' id='word_1_249' title='bbox 402 4052 567 4143; x_wconf 88' lang='lat' dir='ltr'>antiquam</span> <span class='ocrx_word' id='word_1_250' title='bbox 599 4048 824 4143; x_wconf 90' lang='lat' dir='ltr'>disciplinam,</span> <span class='ocrx_word' id='word_1_251' title='bbox 861 4073 947 4145; x_wconf 86' lang='lat' dir='ltr'>quae</span> <span class='ocrx_word' id='word_1_252' title='bbox 980 4072 1047 4122; x_wconf 89' lang='lat' dir='ltr'>uon</span> <span class='ocrx_word' id='word_1_253' title='bbox 1079 4053 1201 4145; x_wconf 88' lang='lat' dir='ltr'>patitur</span> <span class='ocrx_word' id='word_1_254' title='bbox 1234 4061 1269 4122; x_wconf 87' lang='lat' dir='ltr'>ut</span> <span class='ocrx_word' id='word_1_255' title='bbox 1300 4073 1385 4123; x_wconf 89' lang='lat' dir='ltr'>unns</span> <span class='ocrx_word' id='word_1_256' title='bbox 1418 4053 1628 4127; x_wconf 86' lang='lat' dir='ltr'>diversarum</span> 
     </span>
     <span class='ocr_line' id='line_1_31' title="bbox 252 4161 1629 4261; baseline 0.004 -24"><span class='ocrx_word' id='word_1_257' title='bbox 252 4161 386 4237; x_wconf 88' lang='lat' dir='ltr'>urbium</span> <span class='ocrx_word' id='word_1_258' title='bbox 414 4164 600 4259; x_wconf 90' lang='lat' dir='ltr'>appelletur</span> <span class='ocrx_word' id='word_1_259' title='bbox 614 4165 817 4261; x_wconf 87' lang='lat' dir='ltr'>Episcopus,</span> <span class='ocrx_word' id='word_1_260' title='bbox 845 4165 921 4256; x_wconf 85' lang='lat' dir='ltr'>alia,</span> <span class='ocrx_word' id='word_1_261' title='bbox 949 4176 1104 4261; x_wconf 86' lang='lat' dir='ltr'>qnantum</span> <span class='ocrx_word' id='word_1_262' title='bbox 1124 4170 1293 4258; x_wconf 89' lang='lat' dir='ltr'>conjicere</span> <span class='ocrx_word' id='word_1_263' title='bbox 1306 4188 1498 4261; x_wconf 86' lang='lat' dir='ltr'>possumus,</span> <span class='ocrx_word' id='word_1_264' title='bbox 1525 4194 1629 4244; x_wconf 91' lang='lat' dir='ltr'>causa</span> 
     </span>
     <span class='ocr_line' id='line_1_32' title="bbox 253 4278 1630 4375; baseline 0.007 -25"><span class='ocrx_word' id='word_1_265' title='bbox 253 4278 332 4366; x_wconf 68' lang='lat' dir='ltr'>init,</span> <span class='ocrx_word' id='word_1_266' title='bbox 366 4301 487 4375; x_wconf 89' lang='lat' dir='ltr'>nempe</span> <span class='ocrx_word' id='word_1_267' title='bbox 528 4303 601 4352; x_wconf 93' lang='lat' dir='ltr'>cum</span> <span class='ocrx_word' id='word_1_268' title='bbox 644 4302 711 4353; x_wconf 90' lang='lat' dir='ltr'>non</span> <span class='ocrx_word' id='word_1_269' title='bbox 743 4280 988 4371; x_wconf 86' lang='lat' dir='ltr'>Alexandriae,</span> <span class='ocrx_word' id='word_1_270' title='bbox 1027 4280 1088 4353; x_wconf 92' lang='lat' dir='ltr'>sed</span> <span class='ocrx_word' id='word_1_271' title='bbox 1115 4280 1275 4367; x_wconf 87' lang='lat' dir='ltr'>Cahirae,</span> <span class='ocrx_word' id='word_1_272' title='bbox 1311 4282 1630 4360; x_wconf 85' lang='lat' dir='ltr'>Muhamedanorum</span> 
     </span>
     <span class='ocr_line' id='line_1_33' title="bbox 256 4394 1630 4493; baseline 0.007 -27"><span class='ocrx_word' id='word_1_273' title='bbox 256 4394 422 4491; x_wconf 87' lang='lat' dir='ltr'>Satrapae</span> <span class='ocrx_word' id='word_1_274' title='bbox 449 4396 563 4466; x_wconf 89' lang='lat' dir='ltr'>sedem</span> <span class='ocrx_word' id='word_1_275' title='bbox 587 4395 839 4469; x_wconf 87' lang='lat' dir='ltr'>Praelectorum</span> <span class='ocrx_word' id='word_1_276' title='bbox 864 4399 1015 4493; x_wconf 63' lang='lat' dir='ltr'>Aegppti</span> <span class='ocrx_word' id='word_1_277' title='bbox 1041 4399 1301 4487; x_wconf 86' lang='lat' dir='ltr'>constituissent,</span> <span class='ocrx_word' id='word_1_278' title='bbox 1328 4402 1427 4470; x_wconf 88' lang='lat' dir='ltr'>veriti</span> <span class='ocrx_word' id='word_1_279' title='bbox 1453 4412 1529 4473; x_wconf 88' lang='lat' dir='ltr'>sunt</span> <span class='ocrx_word' id='word_1_280' title='bbox 1555 4403 1630 4476; x_wconf 91' lang='lat' dir='ltr'>Pa-</span> 
     </span>
     <span class='ocr_line' id='line_1_34' title="bbox 255 4496 1630 4611; baseline 0.007 -29"><span class='ocrx_word' id='word_1_281' title='bbox 255 4496 434 4582; x_wconf 77' lang='lat' dir='ltr'>triarehae&#39;</span> <span class='ocrx_word' id='word_1_282' title='bbox 448 4534 492 4582; x_wconf 91' lang='lat' dir='ltr'>ne</span> <span class='ocrx_word' id='word_1_283' title='bbox 517 4510 677 4607; x_wconf 84' lang='lat' dir='ltr'>Episcopi</span> <span class='ocrx_word' id='word_1_284' title='bbox 705 4512 790 4584; x_wconf 91' lang='lat' dir='ltr'>illins</span> <span class='ocrx_word' id='word_1_285' title='bbox 817 4511 908 4585; x_wconf 89' lang='lat' dir='ltr'>urbis</span> <span class='ocrx_word' id='word_1_286' title='bbox 934 4513 1054 4585; x_wconf 91' lang='lat' dir='ltr'>lavore</span> <span class='ocrx_word' id='word_1_287' title='bbox 1087 4516 1291 4608; x_wconf 89' lang='lat' dir='ltr'>principum,</span> <span class='ocrx_word' id='word_1_288' title='bbox 1325 4515 1412 4609; x_wconf 89' lang='lat' dir='ltr'>apud</span> <span class='ocrx_word' id='word_1_289' title='bbox 1439 4539 1523 4611; x_wconf 85' lang='lat' dir='ltr'>quos</span> <span class='ocrx_word' id='word_1_290' title='bbox 1551 4541 1630 4591; x_wconf 90' lang='lat' dir='ltr'>am-</span> 
     </span>
     <span class='ocr_line' id='line_1_35' title="bbox 255 4625 1629 4725; baseline 0.009 -28"><span class='ocrx_word' id='word_1_291' title='bbox 255 4625 383 4699; x_wconf 89' lang='lat' dir='ltr'>bitione</span> <span class='ocrx_word' id='word_1_292' title='bbox 410 4638 444 4698; x_wconf 89' lang='lat' dir='ltr'>et</span> <span class='ocrx_word' id='word_1_293' title='bbox 468 4625 646 4719; x_wconf 83' lang='lat' dir='ltr'>largitione</span> <span class='ocrx_word' id='word_1_294' title='bbox 672 4629 778 4701; x_wconf 88' lang='lat' dir='ltr'>aditus</span> <span class='ocrx_word' id='word_1_295' title='bbox 805 4629 847 4701; x_wconf 92' lang='lat' dir='ltr'>ad</span> <span class='ocrx_word' id='word_1_296' title='bbox 873 4632 983 4701; x_wconf 89' lang='lat' dir='ltr'>omnia</span> <span class='ocrx_word' id='word_1_297' title='bbox 1009 4629 1177 4702; x_wconf 89' lang='lat' dir='ltr'>molimina</span> <span class='ocrx_word' id='word_1_298' title='bbox 1197 4630 1419 4725; x_wconf 89' lang='lat' dir='ltr'>aperiebatur,</span> <span class='ocrx_word' id='word_1_299' title='bbox 1446 4654 1514 4706; x_wconf 92' lang='lat' dir='ltr'>nun</span> <span class='ocrx_word' id='word_1_300' title='bbox 1528 4636 1629 4710; x_wconf 90' lang='lat' dir='ltr'>modo</span> 
     </span>
     <span class='ocr_line' id='line_1_36' title="bbox 258 4741 1630 4842; baseline 0.008 -29"><span class='ocrx_word' id='word_1_301' title='bbox 258 4741 300 4813; x_wconf 91' lang='lat' dir='ltr'>ab</span> <span class='ocrx_word' id='word_1_302' title='bbox 335 4742 525 4815; x_wconf 88' lang='lat' dir='ltr'>obedientia</span> <span class='ocrx_word' id='word_1_303' title='bbox 557 4766 618 4816; x_wconf 90' lang='lat' dir='ltr'>sua</span> <span class='ocrx_word' id='word_1_304' title='bbox 652 4744 869 4833; x_wconf 89' lang='lat' dir='ltr'>recederent,</span> <span class='ocrx_word' id='word_1_305' title='bbox 903 4744 964 4817; x_wconf 91' lang='lat' dir='ltr'>sed</span> <span class='ocrx_word' id='word_1_306' title='bbox 995 4748 1095 4818; x_wconf 89' lang='lat' dir='ltr'>etiam</span> <span class='ocrx_word' id='word_1_307' title='bbox 1128 4745 1300 4818; x_wconf 85' lang='lat' dir='ltr'>traherent</span> <span class='ocrx_word' id='word_1_308' title='bbox 1329 4744 1371 4815; x_wconf 88' lang='lat' dir='ltr'>ad</span> <span class='ocrx_word' id='word_1_309' title='bbox 1403 4770 1442 4819; x_wconf 92' lang='lat' dir='ltr'>sc</span> <span class='ocrx_word' id='word_1_310' title='bbox 1473 4772 1630 4842; x_wconf 91' lang='lat' dir='ltr'>magnam</span> 
     </span>
     <span class='ocr_line' id='line_1_37' title="bbox 257 4859 1630 4958; baseline 0.007 -28"><span class='ocrx_word' id='word_1_311' title='bbox 257 4861 443 4931; x_wconf 86' lang='lat' dir='ltr'>autoritatis</span> <span class='ocrx_word' id='word_1_312' title='bbox 471 4869 505 4931; x_wconf 89' lang='lat' dir='ltr'>et</span> <span class='ocrx_word' id='word_1_313' title='bbox 525 4859 766 4952; x_wconf 89' lang='lat' dir='ltr'>jurisdictionis</span> <span class='ocrx_word' id='word_1_314' title='bbox 792 4860 1052 4935; x_wconf 87' lang='lat' dir='ltr'>Ecclesiasticae</span> <span class='ocrx_word' id='word_1_315' title='bbox 1075 4871 1215 4958; x_wconf 86' lang='lat' dir='ltr'>partem.</span> <span class='ocrx_word' id='word_1_316' title='bbox 1242 4862 1356 4956; x_wconf 87' lang='lat' dir='ltr'>ltaque</span> <span class='ocrx_word' id='word_1_317' title='bbox 1376 4885 1454 4935; x_wconf 92' lang='lat' dir='ltr'>raro</span> <span class='ocrx_word' id='word_1_318' title='bbox 1470 4865 1630 4939; x_wconf 86' lang='lat' dir='ltr'>Alexan-</span> 
     </span>
     <span class='ocr_line' id='line_1_38' title="bbox 257 4973 1631 5076; baseline 0.008 -32"><span class='ocrx_word' id='word_1_319' title='bbox 257 4973 350 5046; x_wconf 92' lang='lat' dir='ltr'>driae</span> <span class='ocrx_word' id='word_1_320' title='bbox 377 4974 565 5064; x_wconf 87' lang='lat' dir='ltr'>manebant,</span> <span class='ocrx_word' id='word_1_321' title='bbox 593 4975 653 5049; x_wconf 89' lang='lat' dir='ltr'>sed</span> <span class='ocrx_word' id='word_1_322' title='bbox 669 4976 813 5051; x_wconf 84' lang='lat' dir='ltr'>Cabirae</span> <span class='ocrx_word' id='word_1_323' title='bbox 841 4987 897 5049; x_wconf 88' lang='lat' dir='ltr'>aut</span> <span class='ocrx_word' id='word_1_324' title='bbox 921 4980 1089 5053; x_wconf 85' lang='lat' dir='ltr'>invicinis</span> <span class='ocrx_word' id='word_1_325' title='bbox 1114 4978 1342 5068; x_wconf 84' lang='lat' dir='ltr'>Monasteriis,</span> <span class='ocrx_word' id='word_1_326' title='bbox 1374 4989 1410 5049; x_wconf 91' lang='lat' dir='ltr'>ut</span> <span class='ocrx_word' id='word_1_327' title='bbox 1440 4984 1565 5076; x_wconf 89' lang='lat' dir='ltr'>passim</span> <span class='ocrx_word' id='word_1_328' title='bbox 1598 4986 1631 5055; x_wconf 90' lang='lat' dir='ltr'>in</span> 
     </span>
     <span class='ocr_line' id='line_1_39' title="bbox 258 5089 1631 5189; baseline 0.009 -29"><span class='ocrx_word' id='word_1_329' title='bbox 258 5100 373 5162; x_wconf 74' lang='lat' dir='ltr'>nosue</span> <span class='ocrx_word' id='word_1_330' title='bbox 401 5089 539 5163; x_wconf 88' lang='lat' dir='ltr'>historia</span> <span class='ocrx_word' id='word_1_331' title='bbox 567 5090 742 5165; x_wconf 83' lang='lat' dir='ltr'>observari</span> <span class='ocrx_word' id='word_1_332' title='bbox 768 5101 897 5189; x_wconf 87' lang='lat' dir='ltr'>potest:</span> <span class='ocrx_word' id='word_1_333' title='bbox 926 5097 1017 5165; x_wconf 90' lang='lat' dir='ltr'>etin</span> <span class='ocrx_word' id='word_1_334' title='bbox 1044 5094 1127 5166; x_wconf 89' lang='lat' dir='ltr'>urbe</span> <span class='ocrx_word' id='word_1_335' title='bbox 1152 5092 1375 5188; x_wconf 86' lang='lat' dir='ltr'>Ecclesiaque</span> <span class='ocrx_word' id='word_1_336' title='bbox 1407 5117 1469 5169; x_wconf 92' lang='lat' dir='ltr'>sua</span> <span class='ocrx_word' id='word_1_337' title='bbox 1494 5096 1631 5172; x_wconf 85' lang='lat' dir='ltr'>Metro·</span> 
     </span>
    </p>
   </div>
   <div class='ocr_carea' id='block_1_3' title="bbox 0 0 2283 6034">
    <p class='ocr_par' dir='ltr' id='par_1_6' title="bbox 0 0 2283 6034">
     <span class='ocr_line' id='line_1_40' title="bbox 0 0 2283 6034; baseline 0 0"><span class='ocrx_word' id='word_1_338' title='bbox 0 0 2283 6034; x_wconf 95' lang='lat' dir='ltr'> </span> 
     </span>
    </p>
   </div>
  </div>
 </body>
</html>
