4525 6034
728 548 803 622 602
1294 549 1527 628 NOTAE

726 735 839 798 tionem
860 742 990 816 spectat,
1013 753 1052 796 ex
1074 733 1248 798 lusitanice
1268 736 1371 818 lingua
1394 736 1484 800 latine
1507 754 1686 801 conversam
1708 736 1877 802 referemus.
1923 740 2043 822 Pastum
2157 735 2164 750 '

727 835 837 898 dictum
859 841 907 897 est
928 833 1096 897 mandatum
1118 833 1212 898 fuisse
1235 834 1272 897 ab
1295 834 1536 918 Arebiepiscopo
1553 835 1666 902 Gneusi
1681 837 1789 900 Alexio
1812 834 1944 915 Menesio,
1961 849 1988 903 ut
2003 861 2045 904 ex·

727 940 932 1016 purgarentur
955 934 1021 996 libri
1040 932 1181 997 blissales
1204 952 1308 998 omncs
1330 953 1348 997 a
1371 936 1444 997 viris
1463 934 1643 999 Chaldaicee
1665 937 1787 1020 linguae
1809 939 1917 1017 peritis,
1935 938 1995 1002 baec
2011 943 2046 1003 iu-

727 1041 774 1095 ter
803 1033 861 1095 alia
889 1033 1041 1114 proponit.
1093 1031 1167 1095 Creu
1196 1053 1237 1095 ec
1258 1034 1399 1095 doctriua
1427 1036 1466 1096 de
1494 1035 1709 1098 Eucharistiae
1736 1043 1918 1098 sacramento
1943 1042 2048 1117 apulea

726 1134 878 1212 exposita,
901 1140 1016 1194 constet
1037 1133 1227 1195 sacerdotem
1248 1153 1309 1195 uon
1330 1135 1404 1212 suis,
1427 1135 1483 1195 sed
1502 1134 1627 1196 Domiti
1645 1137 1744 1196 uerbi
1763 1134 1839 1196 Jesu
1859 1133 1959 1196 Cluuii
1974 1139 2048 1201 uerbi

725 1251 917 1307 consecrare,
940 1234 1059 1293 autoris
1081 1232 1196 1294 scilicet
1217 1233 1454 1313 institutorispue
1475 1234 1608 1313 eusdem
1621 1234 1717 1295 diuini
1730 1237 1916 1310 caecarent,
1934 1254 1984 1297 non
2000 1237 2050 1300 licet

723 1330 844 1410 somnae
871 1332 1110 1393 consecrationis
1132 1332 1213 1393 illius
1249 1332 1403 1393 claumios
1431 1332 1550 1412 aliquas
1572 1333 1749 1413 adjungere,
1779 1336 1954 1414 mteruuureis
1971 1335 2049 1413 bonu,

725 1449 802 1511 quas
825 1429 962 1491 Christus
982 1449 1042 1491 nort
1064 1430 1188 1494 diremit.
1233 1431 1301 1492 Nou
1323 1432 1542 1512 intelligendum
1564 1435 1598 1495 id
1619 1440 1718 1494 tanuen
1739 1434 1777 1495 de
1798 1452 1871 1495 eece
1891 1434 1968 1512 enim,
1985 1453 2051 1514 pean

726 1530 833 1608 adjicit
846 1528 987 1590 Ecclesia
998 1528 1138 1590 Romarm
1159 1530 1192 1590 iu
1213 1532 1442 1592 consecratione
1464 1533 1605 1610 corporis
1626 1541 1655 1594 ct
1672 1533 1838 1611 sauguinis,
1861 1534 1926 1612 guia
1940 1541 2052 1610 pacur-

724 1647 815 1708 quam
836 1628 919 1708 qrmd
937 1627 1065 1689 babetur
1086 1648 1127 1688 ee
1148 1627 1360 1708 Apostolorum
1381 1630 1556 1706 traditione,
1578 1633 1696 1693 uisae
1717 1632 1798 1692 illam
1822 1629 2053 1694 Cbristumlioui-

723 1747 794 1789 uum
816 1729 848 1789 iu
871 1728 1101 1789 consecratione
1123 1729 1273 1807 corporis,
1296 1712 1510 1808 Matbaeuspue
1539 1730 1573 1790 id
1602 1729 1699 1808 refert
1727 1730 1814 1790 circa
1841 1733 2054 1792 consecrationes

726 1828 842 1904 calicis,
865 1845 925 1888 uon
949 1833 994 1887 est
1016 1826 1153 1887 ciarmda
1174 1835 1228 1888 aut
1249 1831 1397 1890 sententia
1419 1828 1563 1889 diuersa.-
1585 1831 1640 1891 sed
1653 1830 1755 1909 jurgii
1775 1830 1944 1909 copulatquc
1962 1838 2054 1891 teutm-

725 1927 800 1986 dum
822 1944 889 1988 cum
913 1922 1028 1987 Christi
1048 1925 1149 1987 verbis
1169 1927 1309 2005 superius
1330 1926 1444 1988 relatis.
1496 1926 1545 1988 lta
1566 1947 1682 2008 quoque
1703 1947 1765 1990 occ
1787 1928 1901 1989 aeterni
1927 1929 2054 1990 ercome-

725 2027 861 2087 cratione
883 2024 1007 2087 culicis:
1038 2033 1068 2087 et
1089 2026 1178 2100 istae,
1200 2026 1373 2106 mysterium
1396 2024 1476 2103 fidei,
1499 2027 1620 2087 edauui
1640 2045 1734 2087 sacre
1754 2025 1920 2106 Eoerrgelia
1938 2011 1996 2086 illas
2012 2046 2056 2086 um

724 2124 880 2203 reserant:
908 2142 980 2185 num
1002 2131 1122 2187 emutat
1142 2144 1183 2186 ec
1205 2125 1311 2186 eadem
1331 2123 1543 2204 Apostolorum
1565 2126 1739 2203 traditione,
1764 2124 1912 2187 Christum
1930 2124 2056 2187 bombus

725 2232 862 2287 uestrum
881 2225 1095 2303 prmruutiasse
1116 2224 1187 2285 illas
1207 2226 1239 2284 iu
1261 2226 1492 2286 consecratione
1521 2225 1637 2302 calicis,
1661 2227 1733 2305 quia
1753 2233 1863 2286 sancta
1877 2224 2000 2286 Ecclesia
2017 2224 2059 2282 illu

725 2324 828 2386 utitrtr.
875 2322 983 2385 Gravis
1006 2340 1080 2385 sane
1104 2330 1135 2384 et
1158 2321 1328 2384 decretoria
1356 2323 1516 2401 sententia,
1539 2341 1617 2403 quae
1639 2332 1736 2386 tamen
1760 2342 1829 2386 cnm
1851 2323 1925 2385 ultra
1946 2324 2058 2385 terminu

726 2439 803 2504 quos
833 2421 999 2485 Tridentini
1027 2422 1134 2484 Patres
1167 2429 1351 2502 posuerunt,
1384 2420 1477 2504 longe
1511 2422 1739 2504 progrediatur,
1776 2423 1951 2486 doctissimis
1982 2422 2057 2483 multis

727 2522 904 2603 Theologis‚
927 2523 979 2603 qui
1001 2520 1088 2583 aliter
1110 2528 1284 2600 senserunt,
1306 2520 1432 2601 probata
1447 2539 1507 2584 non
1525 2521 1595 2584 luit:
1617 2521 1675 2585 illis
1698 2541 1824 2603 quorum
1847 2524 1966 2585 manime
1984 2522 2059 2582 inter-

725 2629 792 2685 erat
815 2621 992 2685 Christianis
1009 2620 1283 2698 blalabarensibus,
1313 2620 1456 2683 scandalo
1479 2623 1590 2703 potius,
1613 2640 1699 2703 quam
1721 2623 1918 2686 aedificationi
1939 2639 1997 2684 esse
2015 2637 2060 2699 pu-

726 2729 814 2788 terat.
854 2720 1010 2783 Habebunt
1033 2715 1176 2782 enim'illi
1198 2718 1341 2783 formulas
1364 2738 1435 2783 suas
1456 2723 1657 2785 vetustissima
1681 2723 1840 2787 traditione
1864 2720 2061 2792 commendatas,

726 2819 918 2903 quibusnon
941 2819 1101 2882 mediocris
1125 2819 1289 2882 accedebat
1311 2822 1465 2899 autoritas,
1489 2841 1529 2884 ex
1553 2822 1699 2884 consimili
1722 2823 1914 2902 Graecarum,
1936 2821 2058 2903 Syrorum

724 2921 994 3004 Aegyptiacarum,
1018 2919 1202 3000 aliarumque
1225 2918 1344 2981 tandem
1365 2921 1495 2983 omnium
1518 2920 1687 2985 traditione.
1709 2921 1751 2985 At
1772 2922 1893 2986 traditio
1914 2939 1969 2984 non
1990 2918 2062 2982 solius

724 3019 876 3083 Romanae
898 3018 1054 3081 Ecclesiae
1076 3026 1141 3097 est,
1172 3018 1227 3082 sed
1250 3019 1342 3081 totius
1363 3019 1522 3084 Ecclesiae
1544 3021 1776 3084 consentientis:
1810 3030 1843 3084 et
1871 3022 2018 3096 Graecum,
2036 3024 2061 3078 ut

724 3120 798 3182 alias
827 3120 996 3182 omittamus
1025 3118 1151 3180 similem
1178 3117 1219 3180 illi
1251 3135 1339 3199 quam
1367 3118 1502 3181 Lusitani
1531 3119 1678 3203 allegant,
1716 3121 1904 3183 traditionem
1932 3121 2062 3202 ignorasse

725 3228 841 3283 certum
863 3225 920 3282 est.
949 3215 1127 3280 Additiones
1150 3217 1312 3280 verborum
1336 3221 1452 3281 aeterni
1472 3227 1503 3281 et
1525 3222 1696 3302 mysterium
1714 3222 1796 3299 fidei,
1817 3221 1857 3283 ab
1880 3221 1955 3283 omni
1974 3218 2062 3280 enoris

725 3320 900 3401 suspicione
922 3318 1053 3380 vindicat
1075 3317 1298 3399 antiquissimus
1311 3317 1464 3381 Romanae
1474 3318 1631 3383 Ecclesiae
1646 3338 1727 3398 usus,
1752 3338 1819 3383 cum
1842 3320 1956 3383 interim
1974 3334 2065 3381 suunt

726 3426 809 3483 esset
828 3416 1063 3480 Occidentalium
1083 3415 1341 3498 Orientaliumque
1365 3417 1537 3483 concordia.
1559 3418 1611 3482 llla
1626 3418 1738 3482 idcirco
1760 3420 1856 3482 rerba
1879 3418 2064 3501 pronunciasse

728 3518 878 3582 Christum
900 3516 999 3580 nullus
1022 3525 1170 3595 vetenrm‚
1193 3525 1244 3579 aut
1265 3519 1466 3598 recentiorum
1495 3517 1620 3600 alicujus
1650 3520 1776 3582 nominis
1805 3517 1973 3599 theologus
1997 3515 2064 3576 dudi:

727 3617 806 3680 ratio
829 3634 904 3678 vero
928 3635 967 3678 ex
990 3634 1048 3696 qua
1071 3615 1137 3678 talis
1155 3618 1321 3698 propositio
1341 3615 1509 3690 deducitur,
1531 3635 1592 3680 non
1614 3616 1691 3681 adeo
1719 3618 1872 3699 explicata
1893 3625 1948 3696 est,
1968 3624 1997 3678 ut
2015 3630 2064 3674 ma·

724 3715 813 3777 umis
836 3713 1054 3778 difficultatibus
1077 3715 1209 3778 obnoxia
1232 3734 1292 3779 non
1315 3717 1367 3778 sit:
1392 3715 1430 3778 de
1453 3717 1560 3797 quibus
1583 3717 1653 3780 alibi
1674 3725 1831 3780 tractatum
1856 3726 1912 3783 est.

811 3813 941 3877 Additur
963 3822 1122 3895 praeterea
1146 3814 1298 3878 eradenda
1320 3834 1392 3878 esse
1414 3814 1465 3878 illa
1486 3815 1579 3879 verba
1602 3835 1679 3898 quae
1701 3816 1907 3898 sequebantur
1927 3818 1956 3879 in
1976 3829 2064 3877 conse·

725 3914 860 3976 cretione
882 3913 984 3977 calicis
1007 3914 1100 3976 veluti
1122 3914 1201 3977 dicta
1225 3933 1242 3977 a
1265 3915 1386 3978 Christo
1413 3914 1552 3978 Domino.
1596 3916 1663 3978 Hoc
1683 3918 1742 3978 erit
1762 3917 1851 3979 cebris
1873 3919 1979 3998 pigrae
2002 3915 2064 3975 ortus

724 4020 878 4077 astemoe.
923 4011 976 4075 llla
999 4020 1098 4075 autem
1119 4014 1150 4075 in
1173 4013 1335 4077 Codicibus
1364 4015 1474 4078 nostris
1500 4032 1562 4078 non
1585 4023 1765 4094 occurrunt,
1794 4034 1896 4097 neque
1926 4017 1954 4077 in
1974 4010 2063 4075 duabu

725 4112 878 4175 'lbeodori
900 4119 931 4175 et
951 4112 1084 4177 Nestorii
1105 4112 1260 4197 Liturgiis.
1313 4113 1401 4186 Quod
1423 4133 1498 4177 vero
1521 4117 1552 4177 in
1575 4114 1633 4178 line
1656 4099 1799 4177 orationis
1822 4116 1943 4192 dicitur,
1962 4116 1992 4175 in
2008 4130 2064 4173 sac·

724 4213 795 4276 cula
815 4212 1024 4275 sacrariorum:
1047 4211 1187 4275 haeresin
1216 4232 1337 4294 quoque
1360 4216 1516 4278 continere
1538 4215 1612 4277 viris
1634 4215 1904 4296 perspicacissimis
1928 4213 2064 4296 jntteum

693 4337 708 4358 ·
724 4312 791 4391 tuit,
814 4313 884 4392 quie
908 4329 979 4374 usus
1002 4313 1181 4375 sacramenti
1203 4321 1369 4393 perpetuus
1393 4332 1453 4376 non
1475 4316 1548 4378 erit:
1578 4313 1631 4377 sed
1653 4314 1683 4377 id
1705 4315 1825 4387 nimium
1849 4315 1958 4378 subtile
1977 4315 2064 4387 estet

725 4410 794 4492 syri
816 4410 857 4474 illi
880 4411 952 4473 nibil
987 4412 1082 4474 simile
1110 4412 1302 4494 cogitabant,
1331 4432 1397 4476 oum
1427 4433 1467 4477 ex
1493 4415 1615 4496 linguae
1643 4415 1735 4497 genio
1763 4423 1884 4496 tempus
1911 4412 2063 4476 indeiaituu

722 4510 801 4574 baec
821 4511 915 4573 verbe
938 4512 1117 4593 significent.

810 4608 1036 4673 Observandum
1065 4610 1185 4675 tandem
1212 4620 1260 4675 est
1289 4630 1327 4675 eo
1356 4612 1509 4697 liturgiae
1538 4614 1625 4690 loco,
1656 4613 1856 4677 elevationem
1885 4608 2064 4675 Eucharistiut

723 4708 805 4791 apud
826 4728 931 4773 omnes
954 4708 1126 4774 Orientales
1156 4728 1217 4775 non
1239 4711 1316 4789 lieri,
1338 4731 1427 4794 quam
1449 4722 1548 4776 tamen
1570 4714 1720 4795 praecipit
1746 4713 1841 4776 blisss
1870 4709 2063 4776 blalebariett
2142 4785 2146 4799 .

692 4847 697 4858 ·
724 4809 860 4872 blenesio
883 4808 1056 4874 reformata.
1100 4809 1215 4891 Nempe
1238 4812 1451 4876 existimavere
1474 4813 1526 4895 qui
1548 4812 1717 4876 recensioni
1739 4810 1952 4893 praefuerunt,
1977 4805 2063 4870 nullm

723 4908 755 4970 in
777 4907 834 4970 liae
855 4907 990 4990 Litargia
1012 4911 1224 4991 mysteriorum
1254 4909 1454 4984 elevationem
1482 4912 1559 4991 lieri,
1582 4914 1651 4994 quie
1673 4911 1771 4975 statim
1793 4911 1958 4975 verborum
1977 4901 2063 4970 coest

725 5010 995 5087 pronuntiationem
1024 5026 1085 5073 non
1110 5009 1308 5091 sequebatur:
1343 5029 1442 5093 neque
1470 5012 1590 5075 adorari
1619 5013 1687 5092 quia
1714 5028 1775 5073 non
1804 5011 1999 5076 elevarentur.
2037 5001 2062 5065 b
