<?xml version="1.0" encoding="UTF-8"?>
<!DOCTYPE html PUBLIC "-//W3C//DTD XHTML 1.0 Transitional//EN"
    "http://www.w3.org/TR/xhtml1/DTD/xhtml1-transitional.dtd">
<html xmlns="http://www.w3.org/1999/xhtml" xml:lang="en" lang="en">
 <head>
  <title>
</title>
<meta http-equiv="Content-Type" content="text/html;charset=utf-8" />
  <meta name='ocr-system' content='tesseract 3.04.00' />
  <meta name='ocr-capabilities' content='ocr_page ocr_carea ocr_par ocr_line ocrx_word'/>
</head>
<body>
  <div class='ocr_page' id='page_1' title='image "./liturgiarumorie00unkngoog/liturgiarumorie00unkngoog_0379.png"; bbox 0 0 4525 6034; ppageno 0'>
   <div class='ocr_carea' id='block_1_1' title="bbox 578 548 1611 646">
    <p class='ocr_par' dir='ltr' id='par_1_1' title="bbox 578 548 1611 646">
     <span class='ocr_line' id='line_1_1' title="bbox 578 548 1611 646; baseline 0 -18"><span class='ocrx_word' id='word_1_1' title='bbox 578 553 632 628; x_wconf 80' lang='lat' dir='ltr'>no</span> <span class='ocrx_word' id='word_1_2' title='bbox 648 551 856 630; x_wconf 80' lang='lat' dir='ltr'>innacuu</span> <span class='ocrx_word' id='word_1_3' title='bbox 871 548 1063 627; x_wconf 78' lang='lat' dir='ltr'>corncnu</span> <span class='ocrx_word' id='word_1_4' title='bbox 1078 549 1109 626; x_wconf 85' lang='lat' dir='ltr'>s</span> <span class='ocrx_word' id='word_1_5' title='bbox 1124 549 1269 627; x_wconf 75' lang='lat' dir='ltr'>nunu</span> <span class='ocrx_word' id='word_1_6' title='bbox 1532 551 1611 646; x_wconf 75' lang='grc' dir='ltr'>ιιι</span> 
     </span>
    </p>
   </div>
   <div class='ocr_carea' id='block_1_2' title="bbox 240 733 1926 5103">
    <p class='ocr_par' dir='ltr' id='par_1_2' title="bbox 240 733 1610 3901">
     <span class='ocr_line' id='line_1_2' title="bbox 245 733 1610 821; baseline 0.002 -22"><span class='ocrx_word' id='word_1_7' title='bbox 245 754 316 821; x_wconf 80' lang='lat' dir='ltr'>quos</span> <span class='ocrx_word' id='word_1_8' title='bbox 334 744 368 800; x_wconf 92' lang='lat' dir='ltr'>ut</span> <span class='ocrx_word' id='word_1_9' title='bbox 379 735 494 815; x_wconf 82' lang='lat' dir='ltr'>Latina,</span> <span class='ocrx_word' id='word_1_10' title='bbox 518 738 559 799; x_wconf 86' lang='lat' dir='ltr'>ita</span> <span class='ocrx_word' id='word_1_11' title='bbox 572 736 762 820; x_wconf 73' lang='lat' dir='ltr'>Aegyptiace</span> <span class='ocrx_word' id='word_1_12' title='bbox 777 736 879 820; x_wconf 79' lang='lat' dir='ltr'>lingum</span> <span class='ocrx_word' id='word_1_13' title='bbox 902 752 963 798; x_wconf 92' lang='lat' dir='ltr'>non</span> <span class='ocrx_word' id='word_1_14' title='bbox 984 733 1083 814; x_wconf 88' lang='lat' dir='ltr'>babet,</span> <span class='ocrx_word' id='word_1_15' title='bbox 1109 752 1166 816; x_wconf 79' lang='lat' dir='ltr'>per</span> <span class='ocrx_word' id='word_1_16' title='bbox 1178 735 1373 816; x_wconf 80' lang='lat' dir='ltr'>praeteritum</span> <span class='ocrx_word' id='word_1_17' title='bbox 1386 738 1610 820; x_wconf 82' lang='lat' dir='ltr'>interpretatur.</span> 
     </span>
     <span class='ocr_line' id='line_1_3' title="bbox 246 834 1609 920; baseline -0.001 -17"><span class='ocrx_word' id='word_1_18' title='bbox 246 838 356 903; x_wconf 79' lang='lat' dir='ltr'>Gratias</span> <span class='ocrx_word' id='word_1_19' title='bbox 370 835 560 920; x_wconf 68' lang='lat' dir='ltr'>egiqlm</span> <span class='ocrx_word' id='word_1_20' title='bbox 583 836 737 900; x_wconf 80' lang='lat' dir='ltr'><strong>benedixit</strong></span> <span class='ocrx_word' id='word_1_21' title='bbox 751 853 831 914; x_wconf 87' lang='lat' dir='ltr'>eum,</span> <span class='ocrx_word' id='word_1_22' title='bbox 845 835 950 899; x_wconf 79' lang='lat' dir='ltr'>Amen.</span> <span class='ocrx_word' id='word_1_23' title='bbox 973 834 1175 898; x_wconf 83' lang='lat' dir='ltr'>sanctificavit</span> <span class='ocrx_word' id='word_1_24' title='bbox 1188 852 1255 897; x_wconf 89' lang='lat' dir='ltr'>eum</span> <span class='ocrx_word' id='word_1_25' title='bbox 1267 835 1371 901; x_wconf 78' lang='lat' dir='ltr'>Amen.</span> <span class='ocrx_word' id='word_1_26' title='bbox 1395 837 1542 907; x_wconf 74' lang='lat' dir='ltr'>Gestavit.</span> <span class='ocrx_word' id='word_1_27' title='bbox 1565 839 1609 902; x_wconf 80' lang='lat' dir='ltr'>lts</span> 
     </span>
     <span class='ocr_line' id='line_1_4' title="bbox 246 920 1610 1020; baseline -0.001 -17"><span class='ocrx_word' id='word_1_28' title='bbox 246 939 356 1003; x_wconf 88' lang='lat' dir='ltr'>Graeca</span> <span class='ocrx_word' id='word_1_29' title='bbox 377 936 471 999; x_wconf 80' lang='lat' dir='ltr'>Marci</span> <span class='ocrx_word' id='word_1_30' title='bbox 493 937 524 999; x_wconf 83' lang='lat' dir='ltr'>in</span> <span class='ocrx_word' id='word_1_31' title='bbox 553 955 613 1017; x_wconf 94' lang='lat' dir='ltr'>qua</span> <span class='ocrx_word' id='word_1_32' title='bbox 641 937 682 1000; x_wconf 91' lang='lat' dir='ltr'>ita</span> <span class='ocrx_word' id='word_1_33' title='bbox 712 937 835 1019; x_wconf 79' lang='lat' dir='ltr'>legitur,</span> <span class='ocrx_word' id='word_1_34' title='bbox 864 921 1027 1009; x_wconf 78' lang='grc' dir='ltr'><strong><em>Ὡςαύτως</em></strong></span> <span class='ocrx_word' id='word_1_35' title='bbox 1048 928 1105 996; x_wconf 77' lang='grc' dir='ltr'>καὶ</span> <span class='ocrx_word' id='word_1_36' title='bbox 1125 920 1166 997; x_wconf 70' lang='lat' dir='ltr'>eo*</span> <span class='ocrx_word' id='word_1_37' title='bbox 1186 923 1344 1020; x_wconf 81' lang='grc' dir='ltr'><strong><em>ποτήριον</em></strong></span> <span class='ocrx_word' id='word_1_38' title='bbox 1364 925 1450 1014; x_wconf 68' lang='grc' dir='ltr'>μετὰ</span> <span class='ocrx_word' id='word_1_39' title='bbox 1471 926 1511 1001; x_wconf 78' lang='grc' dir='ltr'>τὸ</span> <span class='ocrx_word' id='word_1_40' title='bbox 1532 936 1610 1001; x_wconf 80' lang='lat' dir='ltr'>det-</span> 
     </span>
     <span class='ocr_line' id='line_1_5' title="bbox 246 1021 1608 1144; baseline 0.001 -44"><span class='ocrx_word' id='word_1_41' title='bbox 246 1037 361 1123; x_wconf 71' lang='grc' dir='ltr'><strong><em>πνήσαι</em></strong></span> <span class='ocrx_word' id='word_1_42' title='bbox 381 1024 501 1117; x_wconf 78' lang='grc' dir='ltr'><strong><em>λαβών,</em></strong></span> <span class='ocrx_word' id='word_1_43' title='bbox 522 1031 578 1099; x_wconf 80' lang='grc' dir='ltr'>καλ</span> <span class='ocrx_word' id='word_1_44' title='bbox 599 1022 740 1120; x_wconf 74' lang='grc' dir='ltr'><strong><em>κεράσας</em></strong></span> <span class='ocrx_word' id='word_1_45' title='bbox 763 1029 800 1113; x_wconf 78' lang='grc' dir='ltr'>ἐξ</span> <span class='ocrx_word' id='word_1_46' title='bbox 822 1025 913 1098; x_wconf 77' lang='lat' dir='ltr'>oimv</span> <span class='ocrx_word' id='word_1_47' title='bbox 934 1029 990 1096; x_wconf 80' lang='grc' dir='ltr'>καλ</span> <span class='ocrx_word' id='word_1_48' title='bbox 1014 1022 1149 1144; x_wconf 39' lang='grc' dir='ltr'><strong><em>ὕδατα,</em></strong></span> <span class='ocrx_word' id='word_1_49' title='bbox 1178 1021 1374 1120; x_wconf 70' lang='grc' dir='ltr'><strong><em>ἀναβλέψας</em></strong></span> <span class='ocrx_word' id='word_1_50' title='bbox 1395 1028 1444 1110; x_wconf 79' lang='grc' dir='ltr'>εἰς</span> <span class='ocrx_word' id='word_1_51' title='bbox 1463 1026 1520 1100; x_wconf 75' lang='grc' dir='ltr'>τὸν</span> <span class='ocrx_word' id='word_1_52' title='bbox 1542 1025 1608 1100; x_wconf 76' lang='grc' dir='ltr'>οὐ·</span> 
     </span>
     <span class='ocr_line' id='line_1_6' title="bbox 248 1122 1609 1227; baseline -0.001 -27"><span class='ocrx_word' id='word_1_53' title='bbox 248 1130 335 1227; x_wconf 81' lang='grc' dir='ltr'><strong><em>ραιὸι</em></strong></span> <span class='ocrx_word' id='word_1_54' title='bbox 360 1123 444 1220; x_wconf 82' lang='grc' dir='ltr'><strong><em>πρός</em></strong></span> <span class='ocrx_word' id='word_1_55' title='bbox 472 1151 511 1197; x_wconf 83' lang='grc' dir='ltr'>σε</span> <span class='ocrx_word' id='word_1_56' title='bbox 538 1125 595 1200; x_wconf 74' lang='lat' dir='ltr'>roe</span> <span class='ocrx_word' id='word_1_57' title='bbox 622 1132 709 1198; x_wconf 73' lang='lat' dir='ltr'>idios</span> <span class='ocrx_word' id='word_1_58' title='bbox 735 1126 878 1219; x_wconf 75' lang='grc' dir='ltr'><strong><em>πατέρα,</em></strong></span> <span class='ocrx_word' id='word_1_59' title='bbox 911 1122 994 1196; x_wconf 69' lang='grc' dir='ltr'>θεὸν</span> <span class='ocrx_word' id='word_1_60' title='bbox 1022 1128 1060 1198; x_wconf 79' lang='grc' dir='ltr'>δὲ</span> <span class='ocrx_word' id='word_1_61' title='bbox 1090 1129 1199 1216; x_wconf 76' lang='grc' dir='ltr'><strong><em>ήμῶν,</em></strong></span> <span class='ocrx_word' id='word_1_62' title='bbox 1234 1129 1290 1196; x_wconf 80' lang='grc' dir='ltr'>καλ</span> <span class='ocrx_word' id='word_1_63' title='bbox 1316 1123 1399 1198; x_wconf 76' lang='grc' dir='ltr'>θεὸν</span> <span class='ocrx_word' id='word_1_64' title='bbox 1426 1135 1490 1198; x_wconf 81' lang='grc' dir='ltr'>τῶν</span> <span class='ocrx_word' id='word_1_65' title='bbox 1518 1125 1609 1214; x_wconf 74' lang='grc' dir='ltr'><strong><em>ὅλων,</em></strong></span> 
     </span>
     <span class='ocr_line' id='line_1_7' title="bbox 247 1220 1610 1323; baseline 0.001 -26"><span class='ocrx_word' id='word_1_66' title='bbox 247 1224 485 1323; x_wconf 61' lang='grc' dir='ltr'><strong><em>εὐχαριστήσας,</em></strong></span> <span class='ocrx_word' id='word_1_67' title='bbox 507 1222 696 1319; x_wconf 73' lang='grc' dir='ltr'><strong><em>εὐλογήσας,</em></strong></span> <span class='ocrx_word' id='word_1_68' title='bbox 718 1221 848 1317; x_wconf 88' lang='grc' dir='ltr'><strong><em>πλήσας</em></strong></span> <span class='ocrx_word' id='word_1_69' title='bbox 873 1220 1060 1310; x_wconf 79' lang='grc' dir='ltr'><strong><em>πνεύματος</em></strong></span> <span class='ocrx_word' id='word_1_70' title='bbox 1088 1222 1198 1315; x_wconf 77' lang='grc' dir='ltr'><strong><em>αγλιιυ,</em></strong></span> <span class='ocrx_word' id='word_1_71' title='bbox 1220 1226 1384 1310; x_wconf 78' lang='grc' dir='ltr'>μετέδωκε</span> <span class='ocrx_word' id='word_1_72' title='bbox 1411 1233 1483 1308; x_wconf 82' lang='grc' dir='ltr'><strong><em>τοῖς</em></strong></span> <span class='ocrx_word' id='word_1_73' title='bbox 1503 1226 1610 1319; x_wconf 76' lang='grc' dir='ltr'><strong><em>ἆγλσις</em></strong></span> 
     </span>
     <span class='ocr_line' id='line_1_8' title="bbox 250 1317 1607 1422; baseline -0.001 -23"><span class='ocrx_word' id='word_1_74' title='bbox 250 1329 416 1422; x_wconf 71' lang='grc' dir='ltr'><strong><em>μακαρίοις</em></strong></span> <span class='ocrx_word' id='word_1_75' title='bbox 438 1322 543 1397; x_wconf 71' lang='grc' dir='ltr'><strong><em>αὐτοῦ</em></strong></span> <span class='ocrx_word' id='word_1_76' title='bbox 564 1333 735 1418; x_wconf 53' lang='lat' dir='ltr'>noemmin</span> <span class='ocrx_word' id='word_1_77' title='bbox 755 1328 811 1395; x_wconf 82' lang='grc' dir='ltr'>καὶ</span> <span class='ocrx_word' id='word_1_78' title='bbox 833 1320 1033 1405; x_wconf 76' lang='grc' dir='ltr'><strong><em>αποστόλοις</em></strong></span> <span class='ocrx_word' id='word_1_79' title='bbox 1054 1317 1171 1394; x_wconf 76' lang='grc' dir='ltr'><strong><em>εἰπών·</em></strong></span> <span class='ocrx_word' id='word_1_80' title='bbox 1193 1326 1288 1395; x_wconf 76' lang='lat' dir='ltr'>misse</span> <span class='ocrx_word' id='word_1_81' title='bbox 1310 1327 1347 1411; x_wconf 77' lang='grc' dir='ltr'>ἐξ</span> <span class='ocrx_word' id='word_1_82' title='bbox 1362 1321 1607 1412; x_wconf 58' lang='lat' dir='ltr'>abscinderes,</span> 
     </span>
     <span class='ocr_line' id='line_1_9' title="bbox 248 1420 1609 1520; baseline -0.001 -21"><span class='ocrx_word' id='word_1_83' title='bbox 248 1434 337 1500; x_wconf 69' lang='lat' dir='ltr'>cosm</span> <span class='ocrx_word' id='word_1_84' title='bbox 357 1426 420 1520; x_wconf 75' lang='grc' dir='ltr'>γάρ</span> <span class='ocrx_word' id='word_1_85' title='bbox 442 1428 513 1497; x_wconf 80' lang='grc' dir='ltr'><strong><em>ἐστι</em></strong></span> <span class='ocrx_word' id='word_1_86' title='bbox 532 1422 572 1497; x_wconf 79' lang='grc' dir='ltr'>τὸ</span> <span class='ocrx_word' id='word_1_87' title='bbox 595 1422 678 1513; x_wconf 75' lang='grc' dir='ltr'><strong><em>αἷμα</em></strong></span> <span class='ocrx_word' id='word_1_88' title='bbox 700 1452 784 1510; x_wconf 87' lang='grc' dir='ltr'><strong><em>μου,</em></strong></span> <span class='ocrx_word' id='word_1_89' title='bbox 803 1420 844 1495; x_wconf 78' lang='grc' dir='ltr'>τὰ</span> <span class='ocrx_word' id='word_1_90' title='bbox 865 1428 924 1515; x_wconf 78' lang='grc' dir='ltr'>σῆς</span> <span class='ocrx_word' id='word_1_91' title='bbox 945 1428 1057 1515; x_wconf 78' lang='grc' dir='ltr'><strong><em>καινῆς</em></strong></span> <span class='ocrx_word' id='word_1_92' title='bbox 1078 1420 1253 1517; x_wconf 71' lang='grc' dir='ltr'><strong><em>διαθήκης,</em></strong></span> <span class='ocrx_word' id='word_1_93' title='bbox 1274 1422 1313 1494; x_wconf 80' lang='grc' dir='ltr'>τὸ</span> <span class='ocrx_word' id='word_1_94' title='bbox 1336 1423 1418 1519; x_wconf 72' lang='grc' dir='ltr'><strong><em>ὑπὲρ</em></strong></span> <span class='ocrx_word' id='word_1_95' title='bbox 1440 1420 1531 1518; x_wconf 71' lang='grc' dir='ltr'>ήμῶν</span> <span class='ocrx_word' id='word_1_96' title='bbox 1552 1431 1609 1498; x_wconf 78' lang='grc' dir='ltr'>καὶ</span> 
     </span>
     <span class='ocr_line' id='line_1_10' title="bbox 247 1517 1610 1618; baseline -0.001 -19"><span class='ocrx_word' id='word_1_97' title='bbox 247 1532 369 1599; x_wconf 75' lang='grc' dir='ltr'><strong><em>πολλῶν</em></strong></span> <span class='ocrx_word' id='word_1_98' title='bbox 395 1523 621 1612; x_wconf 70' lang='grc' dir='ltr'><strong><em>ἐκκαιόμενοι,</em></strong></span> <span class='ocrx_word' id='word_1_99' title='bbox 652 1525 701 1606; x_wconf 81' lang='grc' dir='ltr'>εἰς</span> <span class='ocrx_word' id='word_1_100' title='bbox 727 1520 845 1618; x_wconf 73' lang='grc' dir='ltr'><strong><em>ἄφεσιν</em></strong></span> <span class='ocrx_word' id='word_1_101' title='bbox 872 1521 1050 1617; x_wconf 73' lang='grc' dir='ltr'><strong><em>ἁμαρτιῶν.</em></strong></span> <span class='ocrx_word' id='word_1_102' title='bbox 1101 1519 1135 1594; x_wconf 90' lang='grc' dir='ltr'><strong><em>Ὁ</em></strong></span> <span class='ocrx_word' id='word_1_103' title='bbox 1156 1517 1251 1608; x_wconf 81' lang='grc' dir='ltr'><strong><em>λαός,</em></strong></span> <span class='ocrx_word' id='word_1_104' title='bbox 1274 1519 1370 1617; x_wconf 80' lang='grc' dir='ltr'><strong><em>αἷμήι.</em></strong></span> <span class='ocrx_word' id='word_1_105' title='bbox 1414 1533 1559 1597; x_wconf 73' lang='lat' dir='ltr'><strong><em>Similiter</em></strong></span> <span class='ocrx_word' id='word_1_106' title='bbox 1579 1541 1610 1597; x_wconf 91' lang='lat' dir='ltr'>et</span> 
     </span>
     <span class='ocr_line' id='line_1_11' title="bbox 246 1632 1606 1714; baseline -0.001 -17"><span class='ocrx_word' id='word_1_107' title='bbox 246 1637 372 1709; x_wconf 83' lang='lat' dir='ltr'>calicem,</span> <span class='ocrx_word' id='word_1_108' title='bbox 397 1642 558 1713; x_wconf 80' lang='lat' dir='ltr'>postqrmm</span> <span class='ocrx_word' id='word_1_109' title='bbox 585 1633 736 1707; x_wconf 81' lang='lat' dir='ltr'>comacit,</span> <span class='ocrx_word' id='word_1_110' title='bbox 765 1632 921 1711; x_wconf 71' lang='lat' dir='ltr'>accipimus</span> <span class='ocrx_word' id='word_1_111' title='bbox 948 1640 979 1693; x_wconf 93' lang='lat' dir='ltr'>et</span> <span class='ocrx_word' id='word_1_112' title='bbox 1005 1633 1137 1694; x_wconf 77' lang='lat' dir='ltr'>misceris</span> <span class='ocrx_word' id='word_1_113' title='bbox 1164 1633 1236 1694; x_wconf 77' lang='lat' dir='ltr'>cisso</span> <span class='ocrx_word' id='word_1_114' title='bbox 1265 1640 1295 1694; x_wconf 92' lang='lat' dir='ltr'>et</span> <span class='ocrx_word' id='word_1_115' title='bbox 1322 1651 1414 1714; x_wconf 81' lang='lat' dir='ltr'>oque,</span> <span class='ocrx_word' id='word_1_116' title='bbox 1452 1635 1606 1714; x_wconf 77' lang='lat' dir='ltr'>aspicietis</span> 
     </span>
     <span class='ocr_line' id='line_1_12' title="bbox 244 1731 1607 1814; baseline -0.001 -16"><span class='ocrx_word' id='word_1_117' title='bbox 244 1734 433 1808; x_wconf 63' lang='lat' dir='ltr'>adeum,</span> <span class='ocrx_word' id='word_1_118' title='bbox 463 1733 507 1793; x_wconf 85' lang='lat' dir='ltr'>cd</span> <span class='ocrx_word' id='word_1_119' title='bbox 533 1739 814 1812; x_wconf 77' lang='lat' dir='ltr'>tepotremsrmm,</span> <span class='ocrx_word' id='word_1_120' title='bbox 844 1738 981 1792; x_wconf 68' lang='lat' dir='ltr'>mesum</span> <span class='ocrx_word' id='word_1_121' title='bbox 1007 1739 1107 1793; x_wconf 83' lang='lat' dir='ltr'>cutem</span> <span class='ocrx_word' id='word_1_122' title='bbox 1133 1739 1163 1793; x_wconf 92' lang='lat' dir='ltr'>et</span> <span class='ocrx_word' id='word_1_123' title='bbox 1191 1732 1321 1792; x_wconf 73' lang='grc' dir='ltr'><strong><em>οιιιιιὲιιιιι</em></strong></span> <span class='ocrx_word' id='word_1_124' title='bbox 1348 1731 1459 1809; x_wconf 83' lang='lat' dir='ltr'>Deum,</span> <span class='ocrx_word' id='word_1_125' title='bbox 1485 1736 1607 1814; x_wconf 68' lang='lat' dir='ltr'>melios</span> 
     </span>
     <span class='ocr_line' id='line_1_13' title="bbox 243 1829 1607 1912; baseline 0.001 -17"><span class='ocrx_word' id='word_1_126' title='bbox 243 1830 1070 1912; x_wconf 79' lang='lat' dir='ltr'>oqens‚benedicens,reptem8pirimscncto,dedit</span> <span class='ocrx_word' id='word_1_127' title='bbox 1098 1831 1215 1892; x_wconf 80' lang='lat' dir='ltr'>sanctis</span> <span class='ocrx_word' id='word_1_128' title='bbox 1242 1829 1390 1893; x_wconf 86' lang='lat' dir='ltr'>etbectis</span> <span class='ocrx_word' id='word_1_129' title='bbox 1422 1834 1607 1897; x_wconf 57' lang='lat' dir='ltr'>madici-</span> 
     </span>
     <span class='ocr_line' id='line_1_14' title="bbox 240 1929 1607 2015; baseline 0.001 -21"><span class='ocrx_word' id='word_1_130' title='bbox 240 1935 316 2015; x_wconf 80' lang='lat' dir='ltr'>putis</span> <span class='ocrx_word' id='word_1_131' title='bbox 335 1940 365 1994; x_wconf 92' lang='lat' dir='ltr'>et</span> <span class='ocrx_word' id='word_1_132' title='bbox 385 1931 549 2012; x_wconf 79' lang='lat' dir='ltr'>Apostotis,</span> <span class='ocrx_word' id='word_1_133' title='bbox 572 1932 696 1993; x_wconf 60' lang='lat' dir='ltr'>deesse</span> <span class='ocrx_word' id='word_1_134' title='bbox 728 1930 820 1992; x_wconf 85' lang='lat' dir='ltr'>bibite</span> <span class='ocrx_word' id='word_1_135' title='bbox 846 1949 887 1990; x_wconf 76' lang='lat' dir='ltr'>ec</span> <span class='ocrx_word' id='word_1_136' title='bbox 915 1948 951 1990; x_wconf 92' lang='lat' dir='ltr'>eo</span> <span class='ocrx_word' id='word_1_137' title='bbox 981 1947 1100 1990; x_wconf 85' lang='lat' dir='ltr'>onmes:</span> <span class='ocrx_word' id='word_1_138' title='bbox 1127 1929 1179 1991; x_wconf 86' lang='lat' dir='ltr'>bie</span> <span class='ocrx_word' id='word_1_139' title='bbox 1206 1937 1251 1990; x_wconf 89' lang='lat' dir='ltr'>est</span> <span class='ocrx_word' id='word_1_140' title='bbox 1277 1931 1356 1992; x_wconf 81' lang='lat' dir='ltr'>enim</span> <span class='ocrx_word' id='word_1_141' title='bbox 1377 1931 1503 2012; x_wconf 78' lang='grc' dir='ltr'><strong><em>ιαιιριιίι</em></strong></span> <span class='ocrx_word' id='word_1_142' title='bbox 1523 1952 1607 1996; x_wconf 74' lang='lat' dir='ltr'>ntem</span> 
     </span>
     <span class='ocr_line' id='line_1_15' title="bbox 242 2025 1604 2111; baseline 0.001 -16"><span class='ocrx_word' id='word_1_143' title='bbox 242 2032 500 2096; x_wconf 78' lang='lat' dir='ltr'>aooiTestomemti</span> <span class='ocrx_word' id='word_1_144' title='bbox 519 2032 572 2111; x_wconf 83' lang='lat' dir='ltr'>qui</span> <span class='ocrx_word' id='word_1_145' title='bbox 589 2050 649 2110; x_wconf 81' lang='lat' dir='ltr'>pro</span> <span class='ocrx_word' id='word_1_146' title='bbox 670 2029 758 2092; x_wconf 83' lang='lat' dir='ltr'>cobis</span> <span class='ocrx_word' id='word_1_147' title='bbox 779 2038 809 2091; x_wconf 92' lang='lat' dir='ltr'>et</span> <span class='ocrx_word' id='word_1_148' title='bbox 829 2028 929 2090; x_wconf 70' lang='lat' dir='ltr'>nutas</span> <span class='ocrx_word' id='word_1_149' title='bbox 951 2025 1113 2109; x_wconf 72' lang='lat' dir='ltr'>effunditur</span> <span class='ocrx_word' id='word_1_150' title='bbox 1132 2028 1382 2091; x_wconf 73' lang='lat' dir='ltr'>inmanissimem</span> <span class='ocrx_word' id='word_1_151' title='bbox 1399 2040 1604 2110; x_wconf 79' lang='lat' dir='ltr'>peccatorum.</span> 
     </span>
     <span class='ocr_line' id='line_1_16' title="bbox 243 2126 1606 2213; baseline 0 -17"><span class='ocrx_word' id='word_1_152' title='bbox 243 2131 378 2213; x_wconf 88' lang='lat' dir='ltr'>Populus.</span> <span class='ocrx_word' id='word_1_153' title='bbox 401 2129 505 2193; x_wconf 78' lang='lat' dir='ltr'>Amen.</span> <span class='ocrx_word' id='word_1_154' title='bbox 528 2129 641 2192; x_wconf 84' lang='lat' dir='ltr'>Omnes</span> <span class='ocrx_word' id='word_1_155' title='bbox 664 2147 739 2192; x_wconf 81' lang='lat' dir='ltr'>vero</span> <span class='ocrx_word' id='word_1_156' title='bbox 763 2126 933 2191; x_wconf 89' lang='lat' dir='ltr'>Orientales</span> <span class='ocrx_word' id='word_1_157' title='bbox 948 2126 1106 2205; x_wconf 85' lang='lat' dir='ltr'>formulae,</span> <span class='ocrx_word' id='word_1_158' title='bbox 1125 2128 1282 2207; x_wconf 78' lang='lat' dir='ltr'><strong>Syriacae,</strong></span> <span class='ocrx_word' id='word_1_159' title='bbox 1304 2127 1526 2212; x_wconf 76' lang='lat' dir='ltr'>Aegyptiacae,</span> <span class='ocrx_word' id='word_1_160' title='bbox 1538 2131 1606 2196; x_wconf 81' lang='lat' dir='ltr'>Ae-</span> 
     </span>
     <span class='ocr_line' id='line_1_17' title="bbox 244 2226 1606 2313; baseline 0 -19"><span class='ocrx_word' id='word_1_161' title='bbox 244 2232 399 2313; x_wconf 87' lang='lat' dir='ltr'>tbiopicae,</span> <span class='ocrx_word' id='word_1_162' title='bbox 422 2229 527 2292; x_wconf 86' lang='lat' dir='ltr'>iisdem</span> <span class='ocrx_word' id='word_1_163' title='bbox 549 2246 648 2309; x_wconf 82' lang='lat' dir='ltr'>prope</span> <span class='ocrx_word' id='word_1_164' title='bbox 669 2229 771 2291; x_wconf 81' lang='lat' dir='ltr'>verbis</span> <span class='ocrx_word' id='word_1_165' title='bbox 794 2233 943 2293; x_wconf 88' lang='lat' dir='ltr'>constant.</span> <span class='ocrx_word' id='word_1_166' title='bbox 985 2226 1075 2290; x_wconf 85' lang='lat' dir='ltr'>Solae</span> <span class='ocrx_word' id='word_1_167' title='bbox 1097 2226 1294 2290; x_wconf 79' lang='lat' dir='ltr'>Maroniticae</span> <span class='ocrx_word' id='word_1_168' title='bbox 1316 2229 1517 2308; x_wconf 77' lang='lat' dir='ltr'>recentiores,</span> <span class='ocrx_word' id='word_1_169' title='bbox 1541 2232 1606 2294; x_wconf 88' lang='lat' dir='ltr'>sci·</span> 
     </span>
     <span class='ocr_line' id='line_1_18' title="bbox 244 2325 1605 2412; baseline 0.001 -19"><span class='ocrx_word' id='word_1_170' title='bbox 244 2331 310 2393; x_wconf 88' lang='lat' dir='ltr'>licet</span> <span class='ocrx_word' id='word_1_171' title='bbox 331 2347 409 2412; x_wconf 88' lang='lat' dir='ltr'>quae</span> <span class='ocrx_word' id='word_1_172' title='bbox 432 2331 463 2391; x_wconf 90' lang='lat' dir='ltr'>in</span> <span class='ocrx_word' id='word_1_173' title='bbox 485 2328 598 2391; x_wconf 85' lang='lat' dir='ltr'>blissali</span> <span class='ocrx_word' id='word_1_174' title='bbox 623 2328 785 2391; x_wconf 85' lang='lat' dir='ltr'>Chaldaico</span> <span class='ocrx_word' id='word_1_175' title='bbox 807 2327 920 2390; x_wconf 85' lang='lat' dir='ltr'>Romae</span> <span class='ocrx_word' id='word_1_176' title='bbox 943 2326 1024 2390; x_wconf 88' lang='lat' dir='ltr'>edito</span> <span class='ocrx_word' id='word_1_177' title='bbox 1046 2325 1208 2408; x_wconf 75' lang='lat' dir='ltr'>leguntur,</span> <span class='ocrx_word' id='word_1_178' title='bbox 1235 2325 1370 2390; x_wconf 79' lang='lat' dir='ltr'>Latinam</span> <span class='ocrx_word' id='word_1_179' title='bbox 1399 2327 1523 2391; x_wconf 84' lang='lat' dir='ltr'>formam</span> <span class='ocrx_word' id='word_1_180' title='bbox 1546 2349 1605 2394; x_wconf 81' lang='lat' dir='ltr'>en-</span> 
     </span>
     <span class='ocr_line' id='line_1_19' title="bbox 244 2426 1606 2512; baseline 0 -19"><span class='ocrx_word' id='word_1_181' title='bbox 244 2434 377 2512; x_wconf 84' lang='lat' dir='ltr'>primunt,</span> <span class='ocrx_word' id='word_1_182' title='bbox 400 2436 506 2491; x_wconf 90' lang='lat' dir='ltr'>contra</span> <span class='ocrx_word' id='word_1_183' title='bbox 528 2431 798 2509; x_wconf 75' lang='lat' dir='ltr'><strong>manuscriptorum</strong></span> <span class='ocrx_word' id='word_1_184' title='bbox 820 2427 950 2491; x_wconf 90' lang='lat' dir='ltr'>omnium</span> <span class='ocrx_word' id='word_1_185' title='bbox 973 2426 1070 2492; x_wconf 86' lang='lat' dir='ltr'>iidem.</span> <span class='ocrx_word' id='word_1_186' title='bbox 1094 2427 1202 2507; x_wconf 85' lang='lat' dir='ltr'>Neque</span> <span class='ocrx_word' id='word_1_187' title='bbox 1224 2427 1303 2490; x_wconf 87' lang='lat' dir='ltr'>enim</span> <span class='ocrx_word' id='word_1_188' title='bbox 1331 2426 1391 2490; x_wconf 92' lang='lat' dir='ltr'>ulla</span> <span class='ocrx_word' id='word_1_189' title='bbox 1414 2426 1532 2491; x_wconf 87' lang='lat' dir='ltr'>Graeca</span> <span class='ocrx_word' id='word_1_190' title='bbox 1555 2440 1606 2493; x_wconf 87' lang='lat' dir='ltr'>aut</span> 
     </span>
     <span class='ocr_line' id='line_1_20' title="bbox 246 2526 1605 2611; baseline 0.002 -20"><span class='ocrx_word' id='word_1_191' title='bbox 246 2527 398 2592; x_wconf 80' lang='lat' dir='ltr'>orientalis</span> <span class='ocrx_word' id='word_1_192' title='bbox 422 2528 479 2591; x_wconf 89' lang='lat' dir='ltr'>alia</span> <span class='ocrx_word' id='word_1_193' title='bbox 501 2527 637 2610; x_wconf 79' lang='lat' dir='ltr'>liturgia</span> <span class='ocrx_word' id='word_1_194' title='bbox 673 2527 812 2611; x_wconf 78' lang='lat' dir='ltr'>agnoscit</span> <span class='ocrx_word' id='word_1_195' title='bbox 841 2526 917 2588; x_wconf 86' lang='lat' dir='ltr'>haec</span> <span class='ocrx_word' id='word_1_196' title='bbox 938 2527 1044 2606; x_wconf 87' lang='lat' dir='ltr'>verba,</span> <span class='ocrx_word' id='word_1_197' title='bbox 1068 2528 1188 2589; x_wconf 83' lang='lat' dir='ltr'>oeterni</span> <span class='ocrx_word' id='word_1_198' title='bbox 1208 2526 1408 2606; x_wconf 72' lang='lat' dir='ltr'>Testamenti,</span> <span class='ocrx_word' id='word_1_199' title='bbox 1430 2546 1531 2609; x_wconf 90' lang='lat' dir='ltr'>neque</span> <span class='ocrx_word' id='word_1_200' title='bbox 1552 2530 1605 2594; x_wconf 90' lang='lat' dir='ltr'>illa</span> 
     </span>
     <span class='ocr_line' id='line_1_21' title="bbox 246 2624 1605 2712; baseline 0.001 -21"><span class='ocrx_word' id='word_1_201' title='bbox 246 2630 409 2709; x_wconf 69' lang='lat' dir='ltr'>mserum</span> <span class='ocrx_word' id='word_1_202' title='bbox 429 2629 519 2707; x_wconf 68' lang='lat' dir='ltr'>fidei.-</span> <span class='ocrx_word' id='word_1_203' title='bbox 547 2645 646 2708; x_wconf 88' lang='lat' dir='ltr'>neque</span> <span class='ocrx_word' id='word_1_204' title='bbox 667 2626 806 2689; x_wconf 77' lang='lat' dir='ltr'>Ecclesia</span> <span class='ocrx_word' id='word_1_205' title='bbox 831 2624 965 2690; x_wconf 86' lang='lat' dir='ltr'>Romana</span> <span class='ocrx_word' id='word_1_206' title='bbox 995 2646 1036 2689; x_wconf 81' lang='lat' dir='ltr'>ex</span> <span class='ocrx_word' id='word_1_207' title='bbox 1064 2626 1182 2689; x_wconf 90' lang='lat' dir='ltr'>illorum</span> <span class='ocrx_word' id='word_1_208' title='bbox 1210 2625 1331 2689; x_wconf 89' lang='lat' dir='ltr'>deiectu</span> <span class='ocrx_word' id='word_1_209' title='bbox 1360 2645 1491 2709; x_wconf 88' lang='lat' dir='ltr'>unquam</span> <span class='ocrx_word' id='word_1_210' title='bbox 1519 2631 1605 2712; x_wconf 87' lang='lat' dir='ltr'>judi-</span> 
     </span>
     <span class='ocr_line' id='line_1_22' title="bbox 248 2724 1604 2810; baseline 0.002 -21"><span class='ocrx_word' id='word_1_211' title='bbox 248 2730 320 2790; x_wconf 81' lang='lat' dir='ltr'>cavit</span> <span class='ocrx_word' id='word_1_212' title='bbox 347 2727 457 2792; x_wconf 82' lang='lat' dir='ltr'>deesse</span> <span class='ocrx_word' id='word_1_213' title='bbox 486 2727 597 2807; x_wconf 88' lang='lat' dir='ltr'>aliquid</span> <span class='ocrx_word' id='word_1_214' title='bbox 627 2725 829 2806; x_wconf 76' lang='lat' dir='ltr'>Orientalibus</span> <span class='ocrx_word' id='word_1_215' title='bbox 859 2724 897 2788; x_wconf 93' lang='lat' dir='ltr'>ad</span> <span class='ocrx_word' id='word_1_216' title='bbox 924 2725 1123 2788; x_wconf 85' lang='lat' dir='ltr'>Eucharistici</span> <span class='ocrx_word' id='word_1_217' title='bbox 1151 2725 1227 2788; x_wconf 90' lang='lat' dir='ltr'>ritus</span> <span class='ocrx_word' id='word_1_218' title='bbox 1256 2725 1476 2810; x_wconf 82' lang='lat' dir='ltr'>integritatem:</span> <span class='ocrx_word' id='word_1_219' title='bbox 1504 2746 1604 2810; x_wconf 90' lang='lat' dir='ltr'>nequa</span> 
     </span>
     <span class='ocr_line' id='line_1_23' title="bbox 249 2824 1604 2908; baseline 0.002 -19"><span class='ocrx_word' id='word_1_220' title='bbox 249 2826 376 2890; x_wconf 84' lang='lat' dir='ltr'>Graecos</span> <span class='ocrx_word' id='word_1_221' title='bbox 402 2835 453 2888; x_wconf 86' lang='lat' dir='ltr'>aut</span> <span class='ocrx_word' id='word_1_222' title='bbox 480 2825 555 2888; x_wconf 81' lang='lat' dir='ltr'>elios</span> <span class='ocrx_word' id='word_1_223' title='bbox 586 2826 772 2889; x_wconf 86' lang='lat' dir='ltr'>Christianos</span> <span class='ocrx_word' id='word_1_224' title='bbox 802 2826 1000 2908; x_wconf 77' lang='lat' dir='ltr'>peregrinos,</span> <span class='ocrx_word' id='word_1_225' title='bbox 1036 2824 1157 2906; x_wconf 92' lang='lat' dir='ltr'>quando</span> <span class='ocrx_word' id='word_1_226' title='bbox 1186 2824 1225 2888; x_wconf 91' lang='lat' dir='ltr'>ad</span> <span class='ocrx_word' id='word_1_227' title='bbox 1255 2825 1439 2890; x_wconf 86' lang='lat' dir='ltr'>Catholicam</span> <span class='ocrx_word' id='word_1_228' title='bbox 1461 2828 1604 2892; x_wconf 88' lang='lat' dir='ltr'>unitatem</span> 
     </span>
     <span class='ocr_line' id='line_1_24' title="bbox 248 2922 1604 3008; baseline 0.001 -19"><span class='ocrx_word' id='word_1_229' title='bbox 248 2928 357 2990; x_wconf 83' lang='lat' dir='ltr'>reversi</span> <span class='ocrx_word' id='word_1_230' title='bbox 378 2933 447 2990; x_wconf 93' lang='lat' dir='ltr'>sunt</span> <span class='ocrx_word' id='word_1_231' title='bbox 468 2925 586 2989; x_wconf 83' lang='lat' dir='ltr'>hortata</span> <span class='ocrx_word' id='word_1_232' title='bbox 607 2934 656 2988; x_wconf 92' lang='lat' dir='ltr'>est</span> <span class='ocrx_word' id='word_1_233' title='bbox 678 2926 715 2988; x_wconf 89' lang='lat' dir='ltr'>ad</span> <span class='ocrx_word' id='word_1_234' title='bbox 737 2925 787 2988; x_wconf 89' lang='lat' dir='ltr'>illa</span> <span class='ocrx_word' id='word_1_235' title='bbox 809 2926 841 2986; x_wconf 91' lang='lat' dir='ltr'>in</span> <span class='ocrx_word' id='word_1_236' title='bbox 864 2922 994 2988; x_wconf 90' lang='lat' dir='ltr'>Codices</span> <span class='ocrx_word' id='word_1_237' title='bbox 1016 2925 1189 3007; x_wconf 77' lang='lat' dir='ltr'>Liturgicos</span> <span class='ocrx_word' id='word_1_238' title='bbox 1212 2943 1283 2988; x_wconf 85' lang='lat' dir='ltr'>suos</span> <span class='ocrx_word' id='word_1_239' title='bbox 1306 2927 1489 3008; x_wconf 82' lang='lat' dir='ltr'>recipienda,</span> <span class='ocrx_word' id='word_1_240' title='bbox 1511 2928 1604 2991; x_wconf 87' lang='lat' dir='ltr'>multo</span> 
     </span>
     <span class='ocr_line' id='line_1_25' title="bbox 251 3021 1605 3108; baseline 0.001 -19"><span class='ocrx_word' id='word_1_241' title='bbox 251 3030 336 3089; x_wconf 86' lang='lat' dir='ltr'>ninus</span> <span class='ocrx_word' id='word_1_242' title='bbox 356 3034 389 3088; x_wconf 90' lang='lat' dir='ltr'>ut</span> <span class='ocrx_word' id='word_1_243' title='bbox 410 3024 441 3088; x_wconf 91' lang='lat' dir='ltr'>id</span> <span class='ocrx_word' id='word_1_244' title='bbox 463 3025 566 3088; x_wconf 90' lang='lat' dir='ltr'>lacere</span> <span class='ocrx_word' id='word_1_245' title='bbox 589 3032 791 3107; x_wconf 77' lang='lat' dir='ltr'>cogerentur,</span> <span class='ocrx_word' id='word_1_246' title='bbox 819 3042 949 3105; x_wconf 85' lang='lat' dir='ltr'>uuquam</span> <span class='ocrx_word' id='word_1_247' title='bbox 977 3021 1131 3108; x_wconf 81' lang='lat' dir='ltr'>cogitavit.</span> <span class='ocrx_word' id='word_1_248' title='bbox 1176 3024 1247 3088; x_wconf 79' lang='lat' dir='ltr'>Alio</span> <span class='ocrx_word' id='word_1_249' title='bbox 1276 3025 1337 3087; x_wconf 89' lang='lat' dir='ltr'>ritu</span> <span class='ocrx_word' id='word_1_250' title='bbox 1359 3044 1452 3108; x_wconf 80' lang='lat' dir='ltr'>saepe</span> <span class='ocrx_word' id='word_1_251' title='bbox 1474 3035 1605 3091; x_wconf 89' lang='lat' dir='ltr'>mutatur</span> 
     </span>
     <span class='ocr_line' id='line_1_26' title="bbox 251 3124 1603 3209; baseline 0.001 -20"><span class='ocrx_word' id='word_1_252' title='bbox 251 3126 317 3189; x_wconf 90' lang='lat' dir='ltr'>ordo</span> <span class='ocrx_word' id='word_1_253' title='bbox 336 3125 506 3203; x_wconf 85' lang='lat' dir='ltr'>verborum,</span> <span class='ocrx_word' id='word_1_254' title='bbox 528 3133 561 3187; x_wconf 89' lang='lat' dir='ltr'>ut</span> <span class='ocrx_word' id='word_1_255' title='bbox 582 3124 640 3187; x_wconf 86' lang='lat' dir='ltr'>llic</span> <span class='ocrx_word' id='word_1_256' title='bbox 661 3133 707 3187; x_wconf 92' lang='lat' dir='ltr'>est</span> <span class='ocrx_word' id='word_1_257' title='bbox 728 3126 812 3188; x_wconf 73' lang='lat' dir='ltr'>cutim</span> <span class='ocrx_word' id='word_1_258' title='bbox 834 3126 992 3206; x_wconf 70' lang='lat' dir='ltr'>smmuinis</span> <span class='ocrx_word' id='word_1_259' title='bbox 1016 3126 1094 3187; x_wconf 82' lang='lat' dir='ltr'>mei:</span> <span class='ocrx_word' id='word_1_260' title='bbox 1122 3124 1197 3187; x_wconf 90' lang='lat' dir='ltr'>alias</span> <span class='ocrx_word' id='word_1_261' title='bbox 1219 3125 1277 3188; x_wconf 80' lang='lat' dir='ltr'>Hic</span> <span class='ocrx_word' id='word_1_262' title='bbox 1299 3135 1344 3188; x_wconf 89' lang='lat' dir='ltr'>est</span> <span class='ocrx_word' id='word_1_263' title='bbox 1364 3131 1489 3209; x_wconf 74' lang='grc' dir='ltr'><strong><em>ιαιιριιιι</em></strong></span> <span class='ocrx_word' id='word_1_264' title='bbox 1509 3146 1603 3206; x_wconf 81' lang='grc' dir='ltr'><strong><em>ιιιιιιι,</em></strong></span> 
     </span>
     <span class='ocr_line' id='line_1_27' title="bbox 251 3224 1603 3309; baseline 0.002 -22"><span class='ocrx_word' id='word_1_265' title='bbox 251 3227 329 3287; x_wconf 88' lang='lat' dir='ltr'>utin</span> <span class='ocrx_word' id='word_1_266' title='bbox 354 3225 457 3307; x_wconf 83' lang='lat' dir='ltr'>cyrilli</span> <span class='ocrx_word' id='word_1_267' title='bbox 486 3225 626 3306; x_wconf 77' lang='lat' dir='ltr'>Syriaca:</span> <span class='ocrx_word' id='word_1_268' title='bbox 655 3226 708 3305; x_wconf 85' lang='lat' dir='ltr'>qui</span> <span class='ocrx_word' id='word_1_269' title='bbox 732 3232 938 3286; x_wconf 72' lang='lat' dir='ltr'>testamentum</span> <span class='ocrx_word' id='word_1_270' title='bbox 964 3226 1070 3285; x_wconf 83' lang='lat' dir='ltr'>mortis</span> <span class='ocrx_word' id='word_1_271' title='bbox 1095 3243 1182 3286; x_wconf 86' lang='lat' dir='ltr'>meae</span> <span class='ocrx_word' id='word_1_272' title='bbox 1203 3224 1351 3305; x_wconf 74' lang='lat' dir='ltr'>obsiqnut.</span> <span class='ocrx_word' id='word_1_273' title='bbox 1386 3224 1420 3288; x_wconf 91' lang='lat' dir='ltr'>ln</span> <span class='ocrx_word' id='word_1_274' title='bbox 1450 3228 1603 3309; x_wconf 80' lang='lat' dir='ltr'>primaria,</span> 
     </span>
     <span class='ocr_line' id='line_1_28' title="bbox 254 3323 1603 3407; baseline 0.004 -21"><span class='ocrx_word' id='word_1_275' title='bbox 254 3333 383 3405; x_wconf 74' lang='lat' dir='ltr'>quaeest</span> <span class='ocrx_word' id='word_1_276' title='bbox 405 3323 522 3387; x_wconf 90' lang='lat' dir='ltr'>Jacobi.</span> <span class='ocrx_word' id='word_1_277' title='bbox 545 3323 605 3386; x_wconf 87' lang='lat' dir='ltr'>llic</span> <span class='ocrx_word' id='word_1_278' title='bbox 626 3331 673 3385; x_wconf 89' lang='lat' dir='ltr'>est</span> <span class='ocrx_word' id='word_1_279' title='bbox 693 3325 821 3403; x_wconf 69' lang='lat' dir='ltr'>sonoros</span> <span class='ocrx_word' id='word_1_280' title='bbox 842 3341 926 3385; x_wconf 72' lang='lat' dir='ltr'>mess</span> <span class='ocrx_word' id='word_1_281' title='bbox 946 3324 1020 3384; x_wconf 83' lang='lat' dir='ltr'>novi</span> <span class='ocrx_word' id='word_1_282' title='bbox 1042 3323 1229 3400; x_wconf 77' lang='lat' dir='ltr'>Testamenti,</span> <span class='ocrx_word' id='word_1_283' title='bbox 1252 3326 1305 3405; x_wconf 87' lang='lat' dir='ltr'>qui</span> <span class='ocrx_word' id='word_1_284' title='bbox 1315 3344 1373 3405; x_wconf 78' lang='lat' dir='ltr'>pru</span> <span class='ocrx_word' id='word_1_285' title='bbox 1395 3326 1483 3389; x_wconf 84' lang='lat' dir='ltr'>cobis</span> <span class='ocrx_word' id='word_1_286' title='bbox 1504 3335 1603 3407; x_wconf 81' lang='lat' dir='ltr'>etpro</span> 
     </span>
     <span class='ocr_line' id='line_1_29' title="bbox 253 3420 1603 3504; baseline 0.002 -17"><span class='ocrx_word' id='word_1_287' title='bbox 253 3420 675 3504; x_wconf 69' lang='lat' dir='ltr'>natdsfldetibuscffimditasr</span> <span class='ocrx_word' id='word_1_288' title='bbox 704 3423 851 3485; x_wconf 77' lang='lat' dir='ltr'>etdotsr</span> <span class='ocrx_word' id='word_1_289' title='bbox 877 3423 1350 3502; x_wconf 75' lang='lat' dir='ltr'>memmissionempeccctomm</span> <span class='ocrx_word' id='word_1_290' title='bbox 1379 3428 1603 3491; x_wconf 84' lang='lat' dir='ltr'>etoitomoe-</span> 
     </span>
     <span class='ocr_line' id='line_1_30' title="bbox 256 3520 1603 3605; baseline 0.002 -20"><span class='ocrx_word' id='word_1_291' title='bbox 256 3532 361 3585; x_wconf 71' lang='lat' dir='ltr'>emam.</span> <span class='ocrx_word' id='word_1_292' title='bbox 381 3522 415 3584; x_wconf 91' lang='lat' dir='ltr'>ln</span> <span class='ocrx_word' id='word_1_293' title='bbox 435 3522 617 3602; x_wconf 82' lang='lat' dir='ltr'>Aethiopica</span> <span class='ocrx_word' id='word_1_294' title='bbox 639 3521 787 3603; x_wconf 81' lang='lat' dir='ltr'>generali.</span> <span class='ocrx_word' id='word_1_295' title='bbox 817 3521 875 3584; x_wconf 85' lang='lat' dir='ltr'>llic</span> <span class='ocrx_word' id='word_1_296' title='bbox 897 3528 943 3582; x_wconf 90' lang='lat' dir='ltr'>est</span> <span class='ocrx_word' id='word_1_297' title='bbox 963 3520 1046 3582; x_wconf 71' lang='lat' dir='ltr'>catix</span> <span class='ocrx_word' id='word_1_298' title='bbox 1076 3523 1233 3602; x_wconf 76' lang='lat' dir='ltr'>sorsquimis</span> <span class='ocrx_word' id='word_1_299' title='bbox 1247 3524 1321 3598; x_wconf 88' lang='lat' dir='ltr'>mei,</span> <span class='ocrx_word' id='word_1_300' title='bbox 1350 3525 1403 3604; x_wconf 84' lang='lat' dir='ltr'>qui</span> <span class='ocrx_word' id='word_1_301' title='bbox 1427 3543 1488 3605; x_wconf 80' lang='lat' dir='ltr'>pro</span> <span class='ocrx_word' id='word_1_302' title='bbox 1515 3525 1603 3588; x_wconf 69' lang='lat' dir='ltr'>cobis</span> 
     </span>
     <span class='ocr_line' id='line_1_31' title="bbox 256 3619 1601 3704; baseline 0.005 -21"><span class='ocrx_word' id='word_1_303' title='bbox 256 3620 396 3701; x_wconf 70' lang='lat' dir='ltr'>elimatae</span> <span class='ocrx_word' id='word_1_304' title='bbox 415 3623 447 3683; x_wconf 82' lang='lat' dir='ltr'>im</span> <span class='ocrx_word' id='word_1_305' title='bbox 468 3624 673 3685; x_wconf 82' lang='lat' dir='ltr'>remissionem</span> <span class='ocrx_word' id='word_1_306' title='bbox 695 3639 749 3683; x_wconf 81' lang='lat' dir='ltr'>seu</span> <span class='ocrx_word' id='word_1_307' title='bbox 770 3621 890 3682; x_wconf 83' lang='lat' dir='ltr'>oesiam</span> <span class='ocrx_word' id='word_1_308' title='bbox 916 3620 1088 3696; x_wconf 77' lang='lat' dir='ltr'>masltomm,</span> <span class='ocrx_word' id='word_1_309' title='bbox 1115 3620 1220 3683; x_wconf 77' lang='lat' dir='ltr'>Anien.</span> <span class='ocrx_word' id='word_1_310' title='bbox 1253 3619 1470 3704; x_wconf 84' lang='lat' dir='ltr'>Sequiturque,</span> <span class='ocrx_word' id='word_1_311' title='bbox 1500 3634 1534 3688; x_wconf 93' lang='lat' dir='ltr'>ut</span> <span class='ocrx_word' id='word_1_312' title='bbox 1563 3627 1601 3691; x_wconf 79' lang='lat' dir='ltr'>ud</span> 
     </span>
     <span class='ocr_line' id='line_1_32' title="bbox 257 3718 1601 3801; baseline 0.008 -20"><span class='ocrx_word' id='word_1_313' title='bbox 257 3722 341 3798; x_wconf 84' lang='lat' dir='ltr'>priora</span> <span class='ocrx_word' id='word_1_314' title='bbox 361 3719 452 3784; x_wconf 82' lang='lat' dir='ltr'>verba</span> <span class='ocrx_word' id='word_1_315' title='bbox 475 3739 553 3801; x_wconf 89' lang='lat' dir='ltr'>quae</span> <span class='ocrx_word' id='word_1_316' title='bbox 574 3738 668 3801; x_wconf 85' lang='lat' dir='ltr'>super</span> <span class='ocrx_word' id='word_1_317' title='bbox 689 3737 799 3800; x_wconf 86' lang='lat' dir='ltr'>panem</span> <span class='ocrx_word' id='word_1_318' title='bbox 822 3718 970 3796; x_wconf 87' lang='lat' dir='ltr'>dicuutur,</span> <span class='ocrx_word' id='word_1_319' title='bbox 993 3718 1098 3782; x_wconf 86' lang='lat' dir='ltr'>similis</span> <span class='ocrx_word' id='word_1_320' title='bbox 1128 3720 1424 3785; x_wconf 67' lang='lat' dir='ltr'>confessiorlmem:</span> <span class='ocrx_word' id='word_1_321' title='bbox 1451 3744 1522 3788; x_wconf 85' lang='lat' dir='ltr'>cere</span> <span class='ocrx_word' id='word_1_322' title='bbox 1550 3728 1601 3792; x_wconf 79' lang='lat' dir='ltr'>tte</span> 
     </span>
     <span class='ocr_line' id='line_1_33' title="bbox 256 3821 821 3901; baseline -0.007 -22"><span class='ocrx_word' id='word_1_323' title='bbox 256 3827 294 3879; x_wconf 84' lang='lat' dir='ltr'>est</span> <span class='ocrx_word' id='word_1_324' title='bbox 310 3823 426 3901; x_wconf 71' lang='lat' dir='ltr'>sommas</span> <span class='ocrx_word' id='word_1_325' title='bbox 447 3829 525 3895; x_wconf 80' lang='grc' dir='ltr'><strong><em>σαιι,</em></strong></span> <span class='ocrx_word' id='word_1_326' title='bbox 547 3821 642 3882; x_wconf 85' lang='lat' dir='ltr'>etita</span> <span class='ocrx_word' id='word_1_327' title='bbox 663 3821 821 3882; x_wconf 71' lang='lat' dir='ltr'>credituras.</span> 
     </span>
    </p>

    <p class='ocr_par' dir='ltr' id='par_1_3' title="bbox 243 3916 1926 5103">
     <span class='ocr_line' id='line_1_34' title="bbox 326 3916 1925 3998; baseline 0.009 -15"><span class='ocrx_word' id='word_1_328' title='bbox 326 3920 463 3993; x_wconf 80' lang='lat' dir='ltr'>Quamvis</span> <span class='ocrx_word' id='word_1_329' title='bbox 484 3937 560 3983; x_wconf 88' lang='lat' dir='ltr'>vero</span> <span class='ocrx_word' id='word_1_330' title='bbox 582 3918 675 3981; x_wconf 84' lang='lat' dir='ltr'>blisaa</span> <span class='ocrx_word' id='word_1_331' title='bbox 702 3917 808 3980; x_wconf 91' lang='lat' dir='ltr'>Latina</span> <span class='ocrx_word' id='word_1_332' title='bbox 836 3916 972 3998; x_wconf 76' lang='lat' dir='ltr'>vulgaris</span> <span class='ocrx_word' id='word_1_333' title='bbox 995 3916 1102 3980; x_wconf 89' lang='lat' dir='ltr'>babeat</span> <span class='ocrx_word' id='word_1_334' title='bbox 1124 3919 1200 3981; x_wconf 88' lang='lat' dir='ltr'>baec</span> <span class='ocrx_word' id='word_1_335' title='bbox 1223 3919 1423 3984; x_wconf 88' lang='lat' dir='ltr'>additamenta</span> <span class='ocrx_word' id='word_1_336' title='bbox 1436 3926 1554 3987; x_wconf 77' lang='lat' dir='ltr'>oeterni</span> <span class='ocrx_word' id='word_1_337' title='bbox 1572 3934 1603 3989; x_wconf 92' lang='lat' dir='ltr'>et</span> <span class='ocrx_word' id='word_1_338' title='bbox 1668 3937 1772 3994; x_wconf 77' lang='lat' dir='ltr'>Altino</span> <span class='ocrx_word' id='word_1_339' title='bbox 1790 3945 1886 3995; x_wconf 71' lang='grc' dir='ltr'><strong><em>ιιιιικι·</em></strong></span> <span class='ocrx_word' id='word_1_340' title='bbox 1901 3953 1925 3998; x_wconf 79' lang='grc' dir='ltr'>ιι</span> 
     </span>
     <span class='ocr_line' id='line_1_35' title="bbox 254 4017 1924 4101; baseline 0.006 -19"><span class='ocrx_word' id='word_1_341' title='bbox 254 4021 404 4095; x_wconf 67' lang='lat' dir='ltr'>necerim</span> <span class='ocrx_word' id='word_1_342' title='bbox 425 4020 506 4099; x_wconf 72' lang='lat' dir='ltr'>fidei,</span> <span class='ocrx_word' id='word_1_343' title='bbox 528 4036 654 4099; x_wconf 87' lang='lat' dir='ltr'>quorum</span> <span class='ocrx_word' id='word_1_344' title='bbox 676 4017 838 4081; x_wconf 86' lang='lat' dir='ltr'>verborum</span> <span class='ocrx_word' id='word_1_345' title='bbox 861 4017 1012 4097; x_wconf 85' lang='lat' dir='ltr'>antiquior</span> <span class='ocrx_word' id='word_1_346' title='bbox 1033 4027 1081 4081; x_wconf 92' lang='lat' dir='ltr'>est</span> <span class='ocrx_word' id='word_1_347' title='bbox 1102 4036 1190 4094; x_wconf 89' lang='lat' dir='ltr'>usus,</span> <span class='ocrx_word' id='word_1_348' title='bbox 1218 4038 1306 4101; x_wconf 87' lang='lat' dir='ltr'>quarn</span> <span class='ocrx_word' id='word_1_349' title='bbox 1333 4031 1366 4084; x_wconf 91' lang='lat' dir='ltr'>ut</span> <span class='ocrx_word' id='word_1_350' title='bbox 1395 4021 1444 4084; x_wconf 90' lang='lat' dir='ltr'>illa</span> <span class='ocrx_word' id='word_1_351' title='bbox 1471 4029 1754 4094; x_wconf 59' lang='lat' dir='ltr'>necessomsdffl</span> <span class='ocrx_word' id='word_1_352' title='bbox 1771 4029 1842 4092; x_wconf 74' lang='lat' dir='ltr'>stet.-</span> <span class='ocrx_word' id='word_1_353' title='bbox 1870 4045 1924 4085; x_wconf 77' lang='lat' dir='ltr'>non</span> 
     </span>
     <span class='ocr_line' id='line_1_36' title="bbox 252 4112 1926 4197; baseline 0.009 -24"><span class='ocrx_word' id='word_1_354' title='bbox 252 4112 293 4189; x_wconf 86' lang='lat' dir='ltr'>sit,</span> <span class='ocrx_word' id='word_1_355' title='bbox 313 4120 467 4181; x_wconf 86' lang='lat' dir='ltr'>autoritate</span> <span class='ocrx_word' id='word_1_356' title='bbox 490 4118 559 4196; x_wconf 81' lang='lat' dir='ltr'>alia,</span> <span class='ocrx_word' id='word_1_357' title='bbox 583 4136 672 4197; x_wconf 85' lang='lat' dir='ltr'>quarn</span> <span class='ocrx_word' id='word_1_358' title='bbox 700 4116 902 4180; x_wconf 89' lang='lat' dir='ltr'>vetustissima</span> <span class='ocrx_word' id='word_1_359' title='bbox 929 4116 1087 4180; x_wconf 88' lang='lat' dir='ltr'>Ecclesiae</span> <span class='ocrx_word' id='word_1_360' title='bbox 1116 4117 1269 4182; x_wconf 83' lang='lat' dir='ltr'>Romanae</span> <span class='ocrx_word' id='word_1_361' title='bbox 1297 4121 1455 4185; x_wconf 88' lang='lat' dir='ltr'>traditione</span> <span class='ocrx_word' id='word_1_362' title='bbox 1485 4125 1599 4188; x_wconf 83' lang='lat' dir='ltr'>contir-</span> <span class='ocrx_word' id='word_1_363' title='bbox 1613 4121 1653 4165; x_wconf 60' lang='grc' dir='ltr'>θ’*</span> <span class='ocrx_word' id='word_1_364' title='bbox 1670 4115 1696 4164; x_wconf 66' lang='lat'>³¹¹</span> <span class='ocrx_word' id='word_1_365' title='bbox 1715 4112 1880 4167; x_wconf 60' lang='lat' dir='ltr'>M⁰ssfflb¹⁰³⁸</span> <span class='ocrx_word' id='word_1_366' title='bbox 1897 4123 1926 4169; x_wconf 60' lang='grc' dir='ltr'>θ*</span> 
     </span>
     <span class='ocr_line' id='line_1_37' title="bbox 249 4198 1871 4306; baseline 0.007 -33"><span class='ocrx_word' id='word_1_367' title='bbox 249 4229 330 4295; x_wconf 87' lang='lat' dir='ltr'>mare,</span> <span class='ocrx_word' id='word_1_368' title='bbox 352 4217 579 4281; x_wconf 82' lang='lat' dir='ltr'>observandum·</span> <span class='ocrx_word' id='word_1_369' title='bbox 595 4224 692 4279; x_wconf 79' lang='lat' dir='ltr'>tannen</span> <span class='ocrx_word' id='word_1_370' title='bbox 716 4233 822 4278; x_wconf 89' lang='lat' dir='ltr'>eorum</span> <span class='ocrx_word' id='word_1_371' title='bbox 846 4233 948 4294; x_wconf 88' lang='lat' dir='ltr'>causa,</span> <span class='ocrx_word' id='word_1_372' title='bbox 971 4218 1022 4297; x_wconf 91' lang='lat' dir='ltr'>qui</span> <span class='ocrx_word' id='word_1_373' title='bbox 1045 4217 1094 4280; x_wconf 84' lang='lat' dir='ltr'>illa</span> <span class='ocrx_word' id='word_1_374' title='bbox 1117 4216 1260 4302; x_wconf 75' lang='lat' dir='ltr'>liturgiis</span> <span class='ocrx_word' id='word_1_375' title='bbox 1283 4219 1486 4285; x_wconf 88' lang='lat' dir='ltr'>Orientalibus</span> <span class='ocrx_word' id='word_1_376' title='bbox 1509 4224 1598 4306; x_wconf 86' lang='lat' dir='ltr'>adjici</span> <span class='ocrx_word' id='word_1_377' title='bbox 1611 4198 1669 4251; x_wconf 55' lang='grc' dir='ltr'>’Μ’</span> <span class='ocrx_word' id='word_1_378' title='bbox 1686 4201 1871 4270; x_wconf 48' lang='grc' dir='ltr'><strong><em>ΜΜΡΨ·</em></strong></span> 
     </span>
     <span class='ocr_line' id='line_1_38' title="bbox 248 4312 1601 4403; baseline 0.011 -30"><span class='ocrx_word' id='word_1_379' title='bbox 248 4312 358 4395; x_wconf 81' lang='lat' dir='ltr'>vellent,</span> <span class='ocrx_word' id='word_1_380' title='bbox 382 4336 489 4380; x_wconf 89' lang='lat' dir='ltr'>carere</span> <span class='ocrx_word' id='word_1_381' title='bbox 511 4316 569 4379; x_wconf 89' lang='lat' dir='ltr'>illis</span> <span class='ocrx_word' id='word_1_382' title='bbox 592 4319 742 4398; x_wconf 76' lang='lat' dir='ltr'>antiquam</span> <span class='ocrx_word' id='word_1_383' title='bbox 764 4316 886 4379; x_wconf 83' lang='lat' dir='ltr'>blissam</span> <span class='ocrx_word' id='word_1_384' title='bbox 907 4316 1146 4397; x_wconf 80' lang='lat' dir='ltr'>Mozarabicam,</span> <span class='ocrx_word' id='word_1_385' title='bbox 1174 4318 1225 4382; x_wconf 91' lang='lat' dir='ltr'>ubi</span> <span class='ocrx_word' id='word_1_386' title='bbox 1247 4320 1288 4381; x_wconf 88' lang='lat' dir='ltr'>ita</span> <span class='ocrx_word' id='word_1_387' title='bbox 1311 4320 1430 4403; x_wconf 84' lang='lat' dir='ltr'>legitur.</span> <span class='ocrx_word' id='word_1_388' title='bbox 1474 4323 1533 4386; x_wconf 89' lang='lat' dir='ltr'>llic</span> <span class='ocrx_word' id='word_1_389' title='bbox 1554 4333 1601 4388; x_wconf 83' lang='lat' dir='ltr'>est</span> 
     </span>
     <span class='ocr_line' id='line_1_39' title="bbox 244 4414 1599 4504; baseline 0.005 -27"><span class='ocrx_word' id='word_1_390' title='bbox 244 4414 320 4477; x_wconf 74' lang='lat' dir='ltr'>mm</span> <span class='ocrx_word' id='word_1_391' title='bbox 340 4419 413 4480; x_wconf 82' lang='lat' dir='ltr'>novi</span> <span class='ocrx_word' id='word_1_392' title='bbox 434 4417 613 4479; x_wconf 70' lang='lat' dir='ltr'>Testamenti</span> <span class='ocrx_word' id='word_1_393' title='bbox 640 4418 672 4478; x_wconf 85' lang='lat' dir='ltr'>im</span> <span class='ocrx_word' id='word_1_394' title='bbox 698 4436 764 4478; x_wconf 90' lang='lat' dir='ltr'>meo</span> <span class='ocrx_word' id='word_1_395' title='bbox 794 4417 950 4496; x_wconf 76' lang='lat' dir='ltr'>sastqcime,</span> <span class='ocrx_word' id='word_1_396' title='bbox 972 4419 1099 4497; x_wconf 72' lang='lat' dir='ltr'>quipse</span> <span class='ocrx_word' id='word_1_397' title='bbox 1120 4418 1207 4481; x_wconf 83' lang='lat' dir='ltr'>cobis</span> <span class='ocrx_word' id='word_1_398' title='bbox 1236 4426 1267 4481; x_wconf 93' lang='lat' dir='ltr'>et</span> <span class='ocrx_word' id='word_1_399' title='bbox 1289 4439 1348 4499; x_wconf 78' lang='lat' dir='ltr'>pro</span> <span class='ocrx_word' id='word_1_400' title='bbox 1375 4421 1475 4483; x_wconf 61' lang='lat' dir='ltr'>matis</span> <span class='ocrx_word' id='word_1_401' title='bbox 1500 4421 1599 4504; x_wconf 66' lang='lat' dir='ltr'>effins-</span> 
     </span>
     <span class='ocr_line' id='line_1_40' title="bbox 244 4514 1599 4602; baseline 0.006 -26"><span class='ocrx_word' id='word_1_402' title='bbox 244 4514 324 4576; x_wconf 81' lang='lat' dir='ltr'>detar</span> <span class='ocrx_word' id='word_1_403' title='bbox 341 4519 373 4578; x_wconf 84' lang='lat' dir='ltr'>in</span> <span class='ocrx_word' id='word_1_404' title='bbox 395 4518 601 4578; x_wconf 75' lang='lat' dir='ltr'>remissiorem</span> <span class='ocrx_word' id='word_1_405' title='bbox 618 4525 829 4596; x_wconf 71' lang='lat' dir='ltr'>peccatorum.-</span> <span class='ocrx_word' id='word_1_406' title='bbox 855 4516 933 4578; x_wconf 88' lang='lat' dir='ltr'>sicut</span> <span class='ocrx_word' id='word_1_407' title='bbox 962 4522 993 4578; x_wconf 93' lang='lat' dir='ltr'>et</span> <span class='ocrx_word' id='word_1_408' title='bbox 1014 4518 1045 4578; x_wconf 90' lang='lat' dir='ltr'>in</span> <span class='ocrx_word' id='word_1_409' title='bbox 1066 4516 1266 4581; x_wconf 83' lang='lat' dir='ltr'>Ambrosiana</span> <span class='ocrx_word' id='word_1_410' title='bbox 1297 4520 1417 4600; x_wconf 90' lang='lat' dir='ltr'>antiqua</span> <span class='ocrx_word' id='word_1_411' title='bbox 1440 4520 1599 4602; x_wconf 80' lang='lat' dir='ltr'>legebatur</span> 
     </span>
     <span class='ocr_line' id='line_1_41' title="bbox 243 4614 1598 4701; baseline 0.006 -25"><span class='ocrx_word' id='word_1_412' title='bbox 243 4619 363 4677; x_wconf 86' lang='lat' dir='ltr'>tantum:</span> <span class='ocrx_word' id='word_1_413' title='bbox 385 4614 444 4677; x_wconf 89' lang='lat' dir='ltr'>llic</span> <span class='ocrx_word' id='word_1_414' title='bbox 466 4623 513 4677; x_wconf 81' lang='lat' dir='ltr'>est</span> <span class='ocrx_word' id='word_1_415' title='bbox 533 4616 611 4677; x_wconf 75' lang='grc' dir='ltr'><strong><em>ιιιιιιι</em></strong></span> <span class='ocrx_word' id='word_1_416' title='bbox 632 4617 757 4696; x_wconf 73' lang='grc' dir='ltr'><strong><em>ιαιιριιίι</em></strong></span> <span class='ocrx_word' id='word_1_417' title='bbox 777 4634 877 4677; x_wconf 78' lang='lat' dir='ltr'>mem:</span> <span class='ocrx_word' id='word_1_418' title='bbox 900 4616 1146 4696; x_wconf 90' lang='lat' dir='ltr'>quemadmodum</span> <span class='ocrx_word' id='word_1_419' title='bbox 1173 4618 1211 4681; x_wconf 89' lang='lat' dir='ltr'>ad</span> <span class='ocrx_word' id='word_1_420' title='bbox 1233 4619 1358 4701; x_wconf 87' lang='lat' dir='ltr'>primam</span> <span class='ocrx_word' id='word_1_421' title='bbox 1385 4628 1502 4701; x_wconf 86' lang='lat' dir='ltr'>partem</span> <span class='ocrx_word' id='word_1_422' title='bbox 1531 4622 1598 4684; x_wconf 88' lang='lat' dir='ltr'>lor-</span> 
     </span>
     <span class='ocr_line' id='line_1_42' title="bbox 243 4713 1598 4812; baseline 0.008 -40"><span class='ocrx_word' id='word_1_423' title='bbox 243 4729 302 4775; x_wconf 87' lang='lat' dir='ltr'>mae</span> <span class='ocrx_word' id='word_1_424' title='bbox 324 4713 494 4777; x_wconf 88' lang='lat' dir='ltr'>dicebatur:</span> <span class='ocrx_word' id='word_1_425' title='bbox 516 4713 583 4776; x_wconf 85' lang='lat' dir='ltr'>lloc</span> <span class='ocrx_word' id='word_1_426' title='bbox 604 4722 651 4775; x_wconf 92' lang='lat' dir='ltr'>est</span> <span class='ocrx_word' id='word_1_427' title='bbox 670 4716 748 4776; x_wconf 74' lang='grc' dir='ltr'><strong><em>ιιιὲιιι</em></strong></span> <span class='ocrx_word' id='word_1_428' title='bbox 769 4733 881 4794; x_wconf 73' lang='lat' dir='ltr'>corpus</span> <span class='ocrx_word' id='word_1_429' title='bbox 902 4735 998 4777; x_wconf 76' lang='lat' dir='ltr'>meam</span> <span class='ocrx_word' id='word_1_430' title='bbox 1018 4718 1098 4797; x_wconf 83' lang='lat' dir='ltr'>quod</span> <span class='ocrx_word' id='word_1_431' title='bbox 1108 4736 1168 4812; x_wconf 70' lang='lat' dir='ltr'>pro</span> <span class='ocrx_word' id='word_1_432' title='bbox 1184 4718 1277 4781; x_wconf 78' lang='lat' dir='ltr'>cobis</span> <span class='ocrx_word' id='word_1_433' title='bbox 1290 4718 1502 4801; x_wconf 73' lang='lat' dir='ltr'>cortlrimqetur.</span> <span class='ocrx_word' id='word_1_434' title='bbox 1523 4720 1598 4783; x_wconf 87' lang='lat' dir='ltr'>Eam</span> 
     </span>
     <span class='ocr_line' id='line_1_43' title="bbox 245 4811 1597 4896; baseline 0.008 -24"><span class='ocrx_word' id='word_1_435' title='bbox 245 4829 312 4873; x_wconf 78' lang='lat' dir='ltr'>vero</span> <span class='ocrx_word' id='word_1_436' title='bbox 331 4812 456 4875; x_wconf 87' lang='lat' dir='ltr'>lormam</span> <span class='ocrx_word' id='word_1_437' title='bbox 478 4811 649 4876; x_wconf 88' lang='lat' dir='ltr'>Gallicanae</span> <span class='ocrx_word' id='word_1_438' title='bbox 672 4812 765 4877; x_wconf 89' lang='lat' dir='ltr'>luisse</span> <span class='ocrx_word' id='word_1_439' title='bbox 786 4813 911 4877; x_wconf 85' lang='lat' dir='ltr'>similem</span> <span class='ocrx_word' id='word_1_440' title='bbox 930 4813 1044 4896; x_wconf 74' lang='lat' dir='ltr'>judicet</span> <span class='ocrx_word' id='word_1_441' title='bbox 1073 4816 1262 4881; x_wconf 88' lang='lat' dir='ltr'>doctissimus</span> <span class='ocrx_word' id='word_1_442' title='bbox 1289 4818 1423 4882; x_wconf 82' lang='lat' dir='ltr'>loannes</span> <span class='ocrx_word' id='word_1_443' title='bbox 1456 4819 1597 4884; x_wconf 84' lang='lat' dir='ltr'>blabillo-</span> 
     </span>
     <span class='ocr_line' id='line_1_44' title="bbox 247 4910 1920 5004; baseline 0.012 -35"><span class='ocrx_word' id='word_1_444' title='bbox 247 4910 307 4973; x_wconf 90' lang='lat' dir='ltr'>nins</span> <span class='ocrx_word' id='word_1_445' title='bbox 327 4931 366 4974; x_wconf 81' lang='lat' dir='ltr'>ex</span> <span class='ocrx_word' id='word_1_446' title='bbox 387 4912 500 4976; x_wconf 84' lang='lat' dir='ltr'>blissali</span> <span class='ocrx_word' id='word_1_447' title='bbox 522 4911 660 4992; x_wconf 87' lang='lat' dir='ltr'>Gothico,</span> <span class='ocrx_word' id='word_1_448' title='bbox 682 4912 734 4976; x_wconf 92' lang='lat' dir='ltr'>ubi</span> <span class='ocrx_word' id='word_1_449' title='bbox 755 4915 785 4976; x_wconf 90' lang='lat' dir='ltr'>in</span> <span class='ocrx_word' id='word_1_450' title='bbox 807 4914 898 4976; x_wconf 85' lang='lat' dir='ltr'>blissa</span> <span class='ocrx_word' id='word_1_451' title='bbox 921 4914 959 4977; x_wconf 88' lang='lat' dir='ltr'>de</span> <span class='ocrx_word' id='word_1_452' title='bbox 982 4913 1143 4979; x_wconf 82' lang='lat' dir='ltr'>Nativitate</span> <span class='ocrx_word' id='word_1_453' title='bbox 1173 4916 1291 4980; x_wconf 86' lang='lat' dir='ltr'>Domini</span> <span class='ocrx_word' id='word_1_454' title='bbox 1315 4913 1388 4998; x_wconf 84' lang='lat' dir='ltr'>post</span> <span class='ocrx_word' id='word_1_455' title='bbox 1407 4928 1545 4998; x_wconf 87' lang='lat' dir='ltr'>secreto,</span> <span class='ocrx_word' id='word_1_456' title='bbox 1567 4919 1597 4983; x_wconf 90' lang='lat' dir='ltr'>id</span> <span class='ocrx_word' id='word_1_457' title='bbox 1645 4930 1683 4984; x_wconf 81' lang='lat' dir='ltr'>lte</span> <span class='ocrx_word' id='word_1_458' title='bbox 1701 4932 1794 5004; x_wconf 64' lang='lat' dir='ltr'>liusq.</span> <span class='ocrx_word' id='word_1_459' title='bbox 1818 4933 1920 4990; x_wconf 59' lang='grc' dir='ltr'><strong><em>οισι</em></strong></span> 
     </span>
     <span class='ocr_line' id='line_1_45' title="bbox 248 5013 1712 5103; baseline 0.008 -29"><span class='ocrx_word' id='word_1_460' title='bbox 248 5014 289 5068; x_wconf 80' lang='lat' dir='ltr'>est</span> <span class='ocrx_word' id='word_1_461' title='bbox 308 5020 375 5090; x_wconf 81' lang='lat' dir='ltr'>post</span> <span class='ocrx_word' id='word_1_462' title='bbox 396 5015 665 5092; x_wconf 78' lang='lat' dir='ltr'>consecrationem,</span> <span class='ocrx_word' id='word_1_463' title='bbox 688 5013 763 5077; x_wconf 91' lang='lat' dir='ltr'>baec</span> <span class='ocrx_word' id='word_1_464' title='bbox 786 5013 945 5096; x_wconf 77' lang='lat' dir='ltr'>leguntur:</span> <span class='ocrx_word' id='word_1_465' title='bbox 968 5013 1086 5095; x_wconf 72' lang='lat' dir='ltr'>Corpus</span> <span class='ocrx_word' id='word_1_466' title='bbox 1108 5024 1190 5078; x_wconf 80' lang='lat' dir='ltr'>tumn</span> <span class='ocrx_word' id='word_1_467' title='bbox 1217 5018 1250 5079; x_wconf 86' lang='lat' dir='ltr'>in</span> <span class='ocrx_word' id='word_1_468' title='bbox 1278 5019 1456 5085; x_wconf 73' lang='lat' dir='ltr'>rescissione</span> <span class='ocrx_word' id='word_1_469' title='bbox 1479 5015 1629 5103; x_wconf 76' lang='lat' dir='ltr'>pecca-1·</span> <span class='ocrx_word' id='word_1_470' title='bbox 1647 5036 1671 5073; x_wconf 80' lang='lat'>0·</span> <span class='ocrx_word' id='word_1_471' title='bbox 1687 5021 1712 5073; x_wconf 82' lang='lat'>⁵·</span> 
     </span>
    </p>
   </div>
   <div class='ocr_carea' id='block_1_3' title="bbox 0 0 2282 6034">
    <p class='ocr_par' dir='ltr' id='par_1_4' title="bbox 0 0 2282 6034">
     <span class='ocr_line' id='line_1_46' title="bbox 0 0 2282 6034; baseline 0 0"><span class='ocrx_word' id='word_1_472' title='bbox 0 0 2282 6034; x_wconf 95' lang='lat' dir='ltr'> </span> 
     </span>
    </p>
   </div>
  </div>
 </body>
</html>
