4525 6034
714 577 788 650 650
1222 575 1583 655 trattati

714 765 862 838 cordiam
890 787 1133 860 consequamur
1159 762 1273 835 indie
1302 765 1425 856 justae,
1460 773 1560 861 atque
1585 785 1712 860 aequae
1744 774 1818 836 tune
1843 765 2040 858 retributionis,

713 903 775 977 per
802 884 959 973 gratiam,
986 879 1267 969 misericordiam,
1293 903 1334 952 ac
1362 903 1508 954 amorem
1535 883 1694 973 unigeniti
1719 879 1793 952 Filii
1824 884 1870 955 tui
1899 904 1972 975 erga
1991 881 2042 955 bu-

714 1020 847 1069 manum
873 1019 996 1090 genus:
1022 1019 1084 1095 per
1110 1019 1209 1092 quem
1235 1004 1268 1067 et
1295 1019 1369 1068 cum
1396 1019 1462 1092 quo
1490 994 1548 1068 tibi
1574 994 1713 1069 debetur
1737 996 1828 1085 laus,
1854 1006 1886 1068 et
1908 997 1999 1091 gloria
2018 1011 2043 1071 et

713 1124 886 1210 potestas,
920 1126 954 1186 et
988 1137 1061 1185 cum
1096 1115 1307 1186 sanctissimo
1339 1123 1396 1185 tuo
1429 1111 1572 1208 Spiritu,
1604 1111 1711 1203 bono,
1747 1111 1932 1204 adorando,
1964 1120 2044 1188 ιιιιιιι

713 1228 899 1322 largiente,
926 1242 1026 1325 atque
1053 1227 1110 1302 tibi
1143 1232 1176 1300 in
1211 1228 1393 1304 substantia
1428 1229 1577 1326 aequali:
1610 1252 1696 1302 nunc
1728 1239 1762 1300 ιι
1794 1250 1938 1326 semper,
1970 1234 2046 1303 etin

713 1347 848 1419 saccula
875 1345 1095 1420 saeculorum.
1458 1345 1619 1440 Populus.
1671 1346 1790 1419 Amen.

722 1514 724 1520 -
816 1462 991 1534 Sacerdos
1022 1462 1215 1534 inclinatur.
1268 1460 1391 1534 Sancte
1418 1462 1617 1536 Sanctorum
1643 1462 1785 1534 Domine
1800 1460 1892 1532 Deus
1909 1464 2046 1549 virtutrur,

714 1577 882 1652 oderimus
911 1576 967 1651 tibi
996 1578 1193 1651 sacrificium
1220 1576 1284 1651 boc
1310 1578 1532 1651 reverendum
1559 1589 1593 1650 et
1620 1582 1842 1666 incruentum,
1868 1599 1926 1672 pro
1946 1575 2047 1649 boete-

714 1699 774 1770 siis
815 1698 959 1784 sanctis,
996 1717 1082 1789 quae
1109 1717 1128 1764 ι
1156 1693 1276 1767 linibus
1316 1704 1426 1766 terroe
1468 1717 1574 1788 usque
1611 1693 1654 1766 ad
1690 1694 1773 1766 fines
1810 1695 1883 1784 ejus
1921 1697 2048 1764 existunt

713 1812 884 1884 Memento
911 1814 1009 1882 etiam
1037 1812 1129 1883 Deus
1156 1810 1254 1905 bujns
1275 1820 1411 1882 nostrae
1430 1809 1616 1898 Ecclesiae,
1643 1832 1823 1904 eorumque
1839 1808 2049 1905 quiinbecle-

714 1931 772 2001 siis
800 1929 970 2017 serviunt,
996 1928 1129 1999 Patrum
1156 1923 1268 1999 bonae
1294 1929 1475 1999 memoriae
1502 1936 1535 1998 ct
1548 1924 1760 2000 Patriarcbac
1772 1928 1878 1997 nostri
1890 1926 2007 1997 Domini
2018 1923 2049 1995 N.

713 2052 812 2137 atque
839 2043 1040 2139 reliquorum
1068 2046 1211 2115 omniurn
1237 2042 1481 2139 Episcoporum
1501 2042 1783 2131 Ortbodoxorum,
1808 2041 2050 2137 prudentiamque

714 2168 753 2244 et,
773 2158 996 2233 fortitudinem
1022 2158 1156 2232 cuilibet
1181 2159 1311 2232 illorum
1337 2159 1489 2248 ubnit03
1516 2169 1552 2231 ut
1567 2168 1660 2232 recte
1675 2165 1815 2256 pascant
1836 2179 1970 2250 gregem
1981 2168 2052 2229 tuan

713 2297 855 2348 sacrum.
908 2275 1077 2347 Memento
1105 2277 1203 2347 etiarn
1221 2274 1497 2371 Presbyterorum
1517 2274 1804 2363 Ortbodorrorum,
1831 2274 2051 2345 Diacouornn-

713 2414 797 2487 que,
826 2395 880 2488 qui
907 2390 1017 2464 ubivis
1052 2394 1125 2464 sive
1159 2395 1277 2464 mortui
1312 2395 1387 2465 siue
1420 2377 1616 2488 superstites
1649 2402 1744 2480 sunt,
1776 2400 1811 2462 et
1843 2388 1919 2461 dato
1947 2387 2003 2460 illis
2027 2397 2054 2458 nt

712 2509 879 2605 incrdpate
897 2512 1055 2580 serviant
1081 2507 1123 2579 ad
1151 2531 1243 2580 aram
1271 2519 1429 2581 sanctam.
1481 2509 1519 2580 ln
1554 2507 1751 2602 Virginitate
1783 2517 1885 2601 atque
1913 2502 2055 2578 sollicitu-

713 2624 790 2696 dine
817 2625 1022 2713 durantium,
1049 2632 1216 2696 memento
1243 2622 1355 2713 Deus,
1382 2647 1423 2696 ac
1450 2626 1605 2696 miseriae
1631 2627 1729 2696 etiarn
1760 2646 1879 2712 meac,
1913 2644 2055 2720 parceque

674 2727 675 2732 ¹
713 2739 790 2812 mibi
815 2743 987 2837 peccatori
1012 2739 1182 2835 inutilique
1208 2761 1311 2812 servo
1337 2751 1412 2830 tuo,
1439 2744 1492 2813 cui
1518 2742 1658 2834 gratiam
1685 2738 1985 2834 benignitatemque
2009 2741 2056 2809 ri·

713 2880 845 2931 cccrum
872 2867 1000 2929 tuorum
1027 2855 1219 2930 exhibuisti:
1246 2880 1286 2929 ac
1313 2879 1367 2929 me
1393 2861 1457 2930 etsi
1489 2857 1657 2950 indignum
1692 2855 1836 2948 redime,
1869 2878 1932 2952 pro
1963 2855 2057 2928 nulti-

712 2972 825 3045 tudine
851 2974 1098 3045 miserationum
1125 2981 1266 3062 tuarum,
1293 2983 1328 3046 ut
1354 2983 1387 3045 te
1414 2995 1549 3069 semper
1574 2971 1705 3046 laudem
1730 2996 1791 3070 per
1818 2995 1951 3046 omnem
1974 2973 2056 3042 ιίιιιι

713 3111 840 3162 meam:
866 3089 972 3161 libera
998 3111 1052 3161 me
1079 3087 1121 3161 ab
1149 3089 1302 3163 omnibus
1329 3092 1384 3185 qui
1411 3090 1551 3162 oderunt
1575 3112 1650 3192 me,
1677 3099 1712 3161 ιι
1742 3097 1978 3160 convertantur
2004 3087 2058 3156 iui-

714 3209 790 3279 mici
817 3209 881 3277 mei
908 3216 1100 3279 retrorsum.
1154 3206 1260 3302 Aperi
1288 3206 1405 3279 oculos
1432 3209 1550 3279 mentis
1576 3228 1690 3295 meae,
1716 3215 1751 3276 ut
1764 3202 1904 3276 irradiet
1919 3202 2058 3275 illustret·

714 3345 780 3417 que
807 3345 861 3394 me
886 3321 1018 3412 lumen,
1046 3322 1088 3395 ad
1115 3322 1352 3415 cognoscenda
1379 3345 1420 3394 ιιι
1447 3345 1660 3417 seusatquae
1686 3320 1742 3393 tibi
1771 3322 1866 3394 Deus
1888 3328 2060 3412 congmunt

713 3439 883 3512 Memento
910 3437 1004 3510 Deus
1032 3442 1131 3511 etiam
1158 3439 1271 3535 populi
1298 3443 1462 3533 sperantis
1488 3441 1521 3511 in
1548 3437 1783 3514 misericordiis
1797 3439 1882 3523 tuis,
1909 3459 1949 3507 ac
1963 3434 2059 3507 domos

715 3578 829 3628 eornm
858 3559 890 3626 in
917 3577 1002 3651 pace
1029 3566 1242 3628 conservato.
1294 3554 1480 3628 Herbarum
1508 3579 1641 3652 quoque
1667 3566 1701 3628 et
1725 3564 1838 3628 terrae
1856 3554 1987 3646 frugum
1999 3574 2060 3623 me-

715 3674 850 3743 mineris
883 3672 992 3743 Deus:
1035 3671 1177 3768 datoque
1209 3669 1307 3744 nobis
1338 3670 1470 3768 pluvias
1505 3675 1737 3768 tempestivas,
1772 3694 1813 3743 ac
1848 3668 2061 3743 benedictione

715 3798 770 3859 tua
802 3790 1014 3885 persequitor
1047 3811 1207 3861 coronam
1240 3789 1315 3859 anni
1347 3786 1603 3880 benignissime:
1637 3791 1870 3884 imperataque
1904 3795 2009 3858 terrte
2034 3792 2063 3855 ιι

714 3905 770 3976 det
796 3903 921 3976 tructus
948 3926 1044 3993 suos,
1071 3908 1149 4000 quia
1175 3903 1262 3977 oculi
1289 3907 1433 3977 omnium
1460 3903 1502 3977 ab
1530 3913 1564 3977 ιι
1589 3904 1743 4001 pendent.

817 4020 884 4092 Hic
920 4021 1065 4094 sustollit
1098 4043 1225 4093 nocero.
1284 4021 1397 4116 Atque
1437 4043 1517 4094 erue
1551 4042 1614 4093 nos
1648 4020 1830 4094 fortissime
1865 4019 2059 4105 Domine‚r

713 4136 821 4224 lame,
848 4137 922 4226 lue,
950 4147 1061 4209 terrae
1088 4145 1194 4224 motu,
1221 4136 1392 4229 incendio,
1418 4137 1661 4231 submersione,
1687 4147 1787 4232 atque
1812 4144 2060 4234 apersecutore,

606 4261 638 4334 ·,
712 4251 1027 4348 insurgentibusque
1053 4253 1217 4326 adversus
1243 4275 1306 4326 nos
1332 4255 1472 4328 inimicis
1497 4251 1753 4349 aspectabilibus
1776 4264 1809 4325 et
1828 4275 1900 4325 non
1920 4261 2060 4350 nspecta-

712 4368 851 4458 bilibus,
879 4371 932 4465 qui
967 4371 1098 4468 ratione
1129 4380 1325 4460 cernuntur,
1358 4379 1394 4441 et
1426 4374 1482 4465 qui
1514 4392 1616 4443 sensu
1649 4372 1896 4467 percipiuntur:
1924 4393 1944 4442 a
1969 4367 2061 4462 gladio

712 4485 820 4572 mato,
847 4495 882 4556 ιι
908 4482 950 4556 ab
978 4488 1068 4559 omni
1093 4507 1192 4558 manu
1220 4485 1418 4582 populorum
1445 4486 1721 4580 alienigenarum:
1748 4486 1790 4558 ab
1805 4484 1995 4560 bominibus
2008 4489 2061 4556 im-

711 4600 825 4698 probis
845 4612 879 4672 et
894 4598 1122 4689 fraudulentis,
1147 4611 1244 4697 atque
1268 4625 1288 4672 a
1313 4601 1522 4698 loquentibus
1543 4625 1717 4700 perversa.
1768 4602 1814 4675 Et
1833 4626 1957 4699 pacem
1980 4611 2061 4684 ιιιιιι,

712 4740 798 4813 quae
832 4738 963 4788 omnem
997 4716 1182 4789 intellectus
1205 4703 1347 4815 'captum
1387 4718 1536 4807 excedit,
1569 4719 1691 4793 donato
1722 4718 1841 4808 nobis,
1880 4716 2061 4809 imbuitoque

712 4834 816 4907 corda
842 4843 958 4905 nostra
983 4832 1189 4924 benignitate
1215 4845 1249 4906 et
1274 4833 1455 4931 probitate:
1483 4858 1524 4907 ac
1550 4835 1687 4928 dignare
1712 4857 1776 4908 nos
1796 4839 1988 4909 consistere
2010 4852 2062 4903 co-

712 4972 797 5022 ram·
814 4961 862 5039 tc,
889 4947 949 5021 tibi
975 4952 1116 5037 vivere,
1144 4950 1201 5023 tibi
1228 4936 1363 5047 placere
1389 4950 1541 5023 omnibus
1568 4951 1683 5026 diebus
1710 4955 1802 5023 vitae
1834 4960 1989 5024 nostrae:
2014 4964 2062 5044 per

713 5069 877 5158 gratiam,
904 5066 1183 5159 misericordiam,
1210 5078 1309 5165 atque
1335 5091 1483 5143 amorem
1516 5070 1675 5162 unigeniti
1708 5065 1797 5140 Filii.
1815 5071 1866 5140 tui
1899 5089 1981 5161 erga
2009 5064 2061 5134 bu·
