4525 6034
733 555 810 634 568
1160 555 1664 638 otsstttttto

693 735 703 776 ''
731 749 839 818 minus
866 768 964 842 quam
990 768 1053 844 par
1084 753 1160 818 erat
1191 747 1354 819 rationem
1385 742 1565 836 hahentes,
1595 745 1849 820 luvocah'onem
1878 744 1956 818 illam
1983 751 2054 842 quasi

731 860 882 936 haeresis
915 865 1077 934 sentinam
1110 863 1371 959 suppresserint:
1408 864 1473 935 etsi
1505 860 1594 935 nulla
1629 866 1737 936 oratio
1773 866 1817 935 sit
1848 884 1928 959 quae
1956 861 2057 935 Sacra·

732 982 967 1052 mentariorum
999 982 1166 1052 novitates
1198 976 1322 1052 hrnrins
1354 986 1387 1050 et
1420 983 1629 1074 perspectius
1663 978 1811 1053 refellat:
1846 1001 1918 1052 cnm
1944 979 2057 1075 reliquas

733 1097 876 1169 diversis
903 1095 1227 1192 interpretationibus
1254 1093 1403 1167 eludant:
1428 1098 1523 1168 iatius
1549 1100 1757 1185 sententiam,
1784 1096 1888 1169 salvis
1904 1095 1980 1168 illius
1993 1118 2059 1167 ver-
2188 1143 2189 1146 =

732 1212 785 1287 his
811 1216 1053 1284 circumvenire
1078 1234 1145 1284 non
1172 1213 1310 1308 possint
1342 1210 1468 1288 Varum
1495 1221 1547 1288 est
1573 1222 1683 1285 tamen
1709 1216 1743 1284 in
1760 1212 1885 1286 Codice
1904 1235 1963 1307 quo
1977 1233 2060 1308 prae-

733 1333 830 1427 cipue
856 1329 898 1401 ad
923 1329 1201 1426 interpretandum
1228 1331 1281 1402 usi
1307 1349 1439 1418 sumus,
1472 1333 1594 1426 quique
1624 1332 1657 1400 in
1685 1328 1821 1403 Oriente
1853 1340 1886 1401 et
1910 1351 1929 1401 a
1950 1350 2061 1422 germa-
2188 1425 2189 1432 ἵ

732 1449 876 1520 nissimis
903 1445 1112 1519 Nestorianis
1140 1447 1283 1541 scriptus
1310 1454 1372 1533 est,
1397 1444 1650 1519 luvocationem
1676 1444 1796 1518 eodem
1821 1445 1897 1519 loco
1922 1456 1952 1517 et
1972 1444 2062 1518 iisdem
2187 1445 2189 1498 ἶ

732 1561 847 1635 verbis
879 1561 969 1655 legi,
1003 1585 1042 1634 ac
1075 1564 1107 1634 in
1140 1559 1258 1633 Latina
1285 1564 1454 1634 versione.
1512 1563 1569 1634 An
1603 1584 1707 1657 pomo
1740 1560 1853 1634 codex
1884 1560 2063 1650 mutilus,ut

733 1701 812 1752 esse
838 1678 928 1752 illum
954 1688 1085 1751 constat
1110 1701 1177 1751 nno
1206 1677 1323 1752 saltem
1348 1676 1448 1767 lolio,
1484 1677 1584 1751 aliam
1609 1679 1836 1752 luvocationis
1866 1677 1992 1751 formam
2013 1676 2064 1748 ha·

733 1796 859 1886 buerit,
891 1793 1019 1891 absque
1045 1798 1262 1869 vetustiorum
1289 1794 1441 1867 codicum
1467 1794 1617 1869 suhsidio
1643 1800 1743 1868 statui
1769 1817 1839 1868 non
1868 1800 1978 1891 potest
2018 1793 2064 1865 ln-

733 1915 830 2006 signe
862 1910 940 1985 illud
973 1914 1006 1983 in
1039 1914 1146 2009 prima
1170 1910 1323 2003 Liturgia
1354 1910 1413 2002 ah¹
1432 1910 1505 1983 ahis
1541 1910 1717 1983 discrimen
1751 1910 1859 1984 fuisse
1884 1909 1998 1983 difficile
2019 1920 2064 1996 ert

733 2052 808 2102 cum
835 2027 921 2101 duae
947 2029 1074 2102 alterae
1100 2026 1180 2100 illud
1205 2048 1273 2101 non
1300 2036 1497 2121 agnoscant.
1540 2026 1610 2099 Sed
1637 2050 1711 2100 cum
1738 2032 1772 2101 in
1799 2028 1942 2102 Decreta
1964 2023 2066 2122 Synodi

732 2146 1000 2243 Diamperensis,
1027 2167 1094 2239 quo
1120 2144 1294 2238 Liturgiae
1320 2166 1464 2216 examen
1490 2146 1688 2233 continetur,
1716 2145 1758 2216 de
1779 2146 1987 2218 [avocatione
2001 2142 2066 2237 Spi-

732 2264 815 2334 ritus
842 2265 946 2336 sancti
973 2259 1051 2334 nihil
1077 2270 1250 2362 occumat,
1282 2260 1371 2333 illam
1397 2263 1430 2332 in
1458 2258 1638 2333 Codicihus
1664 2245 2068 2333 Ecclesiarumlndicamm

732 2377 881 2453 dehrisse
906 2377 1089 2451 verisimile
1115 2388 1184 2450 est:
1211 2399 1287 2450 nam
1315 2374 1410 2450 aliter
1436 2397 1613 2448 censuram
1634 2397 1751 2449 eorum
1770 2379 1827 2472 qui
1849 2376 1972 2449 leviora
1992 2371 2069 2447 multa

732 2493 1031 2591 reprehenderunt,
1056 2516 1124 2567 non
1153 2491 1332 2586 alhrgisset
1387 2491 1579 2565 Orationem
1606 2495 1693 2565 enim
1720 2516 1808 2589 quae
1834 2493 1878 2566 ad
1901 2493 2068 2565 luvocatio-

733 2634 810 2684 nem
842 2609 1001 2699 refertur,
1035 2620 1069 2683 et
1101 2633 1201 2706 quam
1225 2611 1396 2683 Diaconos
1429 2608 1494 2680 alta
1520 2630 1608 2681 voce
1633 2613 1841 2704 pronuntiat,
1876 2609 1931 2683 uhi
1958 2605 2070 2679 hahetur

734 2728 901 2823 Spiritum
925 2734 1078 2799 ronctmn
1103 2727 1147 2799 dc
1173 2726 1270 2799 coelo
1304 2727 1485 2813 aduenire,
1519 2731 1554 2796 ct
1587 2727 1728 2818 efficere
1754 2749 1884 2819 ponem
1915 2731 1947 2797 et
1972 2727 2070 2810 usu,

736 2843 868 2938 Corpus
900 2850 935 2916 et
968 2843 1176 2941 Soaqciocm
1208 2842 1355 2932 Christi,
1389 2843 1540 2938 expungi
1568 2844 1718 2934 jussero,
1755 2845 1834 2937 quia
1869 2842 1988 2915 scilicet
2013 2836 2071 2910 inde

734 2963 830 3056 sequi
854 2958 1041 3050 videretur,
1073 2983 1143 3033 non
1167 2959 1407 3047 Sacerdotem,
1433 2958 1495 3030 scd
1520 2957 1686 3051 Spiritum
1710 2966 1866 3031 coarctem
1891 2958 1928 3029 id
1950 2959 2072 3052 efficere

736 3076 764 3150 O
791 3076 999 3173 praeclaram
1026 3075 1284 3149 emendatricem
1309 3077 1435 3147 veteris
1462 3073 1686 3167 Theolcgiae,
1719 3072 1979 3172 Philosophiam,
2005 3091 2072 3167 quau

735 3196 765 3267 si
797 3193 870 3267 sola
905 3192 1056 3267 audiatur
1086 3192 1271 3267 inconsulta
1303 3191 1478 3265 traditione
1510 3196 1571 3265 vix
1603 3192 1780 3289 quidquam
1811 3196 1876 3264 erit
1905 3197 1937 3265 in
1966 3192 2072 3284 auique

735 3307 908 3406 disciplina
935 3308 1024 3406 quod
1049 3311 1175 3396 erroris
1202 3310 1394 3406 suspicione
1419 3319 1550 3399 careat;
1583 3311 1691 3381 oratio
1724 3311 1786 3380 vix
1822 3308 1891 3382 ulla
1924 3329 2002 3405 quae
2022 3324 2074 3376 non

735 3435 866 3499 scateat
892 3425 1097 3499 haeresibus.
1145 3424 1264 3520 Neque
1291 3423 1334 3498 ad
1360 3423 1467 3510 illam,
1494 3447 1581 3520 quae
1606 3424 1711 3519 vulgo
1739 3423 1882 3500 Graecis
1908 3423 2073 3507 atuihuitur,

736 3565 809 3615 cum
837 3541 954 3639 quihus
979 3542 1172 3616 Nestoriani
1198 3562 1373 3615 commune
1398 3540 1477 3613 nihil
1501 3539 1640 3628 hahent,
1667 3541 1904 3615 recurrendum
1930 3551 1994 3615 est:
2014 3556 2073 3608 nam

736 3680 822 3754 quae
849 3656 1020 3734 Censores
1047 3658 1286 3731 damnavemnt
1310 3660 1344 3729 in
1369 3661 1507 3730 istorum
1534 3656 1670 3749 Officiis,
1696 3657 1854 3751 leguntur
1870 3661 1989 3756 passim
2002 3648 2074 3749 apud

737 3772 888 3849 Graecos
913 3775 1049 3865 Patres,
1075 3778 1131 3870 qui
1156 3773 1349 3864 Ecclesiae,
1380 3778 1474 3869 cujus
1507 3774 1630 3848 lumina
1655 3773 1804 3864 luerunt,
1831 3768 2073 3868 conjmctirsini,

737 3890 867 3963 errandi
893 3893 1042 3985 magistri
1070 3912 1148 3964 esse
1173 3913 1242 3965 non
1272 3898 1459 3988 potuerunt
1512 3889 1630 3985 Neque
1662 3888 1709 3962 illi
1741 3890 1870 3982 solum,
1901 3889 1960 3964 sed
1988 3884 2073 3961 Latini

736 4009 843 4099 multi,
870 4012 969 4081 etiam
994 4005 1145 4103 plerique
1170 4005 1297 4080 Missae
1323 4009 1535 4102 interpretes,
1564 4005 1719 4079 dixemrnt
1744 4006 1915 4080 otmetaa
1939 4000 2074 4095 erseqd

734 4149 800 4220 per
825 4126 992 4218 Spiritum
1017 4131 1170 4196 ecoctam
1192 4146 1317 4217 pacem
1341 4146 1436 4195 auom
1469 4125 1578 4216 efficit
1611 4145 1764 4212 cuman,
1800 4130 1837 4194 et
1868 4127 1977 4196 airum
2001 4138 2073 4190 mant

738 4243 1022 4334 transformatio
1048 4245 1263 4334 coopoioem:
1295 4238 1418 4312 nullum
1444 4248 1554 4312 tamen
1580 4238 1658 4312 inde
1684 4238 1915 4314 detrimentum
1940 4237 2005 4311 lieri
2025 4255 2073 4305 sa·

738 4355 900 4432 cerdotali
924 4358 1106 4429 ministerio
1134 4360 1417 4429 existimaverunt.
1470 4355 1539 4427 Sed
1566 4355 1608 4427 de
1639 4353 1690 4430 his
1724 4355 1803 4429 alihi
1836 4356 1942 4428 fusius
1972 4359 2072 4444 agath·

443 4494 726 4566 monasteterium
817 4472 913 4546 illl.
940 4471 1044 4565 lgitur
1070 4477 1222 4568 quamvis
1248 4473 1398 4546 codicum
1426 4474 1633 4568 antiquorum
1658 4476 1757 4569 copia
1784 4472 1945 4561 destituti,
1974 4486 2074 4540 reccu-

418 4581 726 4654 aequisonantiam.
738 4594 803 4665 tius
835 4592 978 4686 scriptos
1011 4592 1106 4685 sequi
1139 4591 1246 4662 coacti
1279 4587 1457 4678 fuerimus,
1490 4591 1567 4685 quin
1598 4597 1710 4661 tamen
1743 4590 1799 4662 illa
1834 4611 1934 4686 quam
1963 4587 2074 4682 primatu

418 4677 458 4722 ⁸⁸⁸
474 4669 579 4725 tatem
717 4755 720 4764 ψ
741 4707 868 4798 damus,
895 4710 939 4779 sit
963 4729 1124 4801 germana
1151 4705 1409 4780 Christianorum
1434 4704 1648 4778 Orientalium
1675 4708 1750 4779 sive
1768 4695 2073 4790 Chaldaeorumqtti

740 4825 941 4918 Nestorium,
966 4833 1003 4896 ut
1027 4848 1066 4896 re
1091 4846 1174 4896 vera
1202 4833 1278 4897 sunt
1303 4822 1527 4920 appellantur,
1552 4820 1721 4915 Liturgia,
1749 4845 1818 4896 non
1845 4816 2002 4917 estquod
2023 4813 2073 4885 dt·

740 4941 871 5015 hitetur.
897 4940 983 5013 Nam
1011 4940 1121 5014 codex
1142 4939 1238 5012 Eliae
1256 4939 1450 5013 Sacerdotis
1476 4961 1574 5035 quem
1600 4938 1849 5036 descripsimus,
1876 4950 1911 5011 et
1935 4941 2072 5028 inerpre

741 5057 842 5130 tando
867 5059 1047 5155 praecipue
1074 5060 1180 5130 secuti
1205 5077 1331 5148 sumus,
1356 5053 1580 5131 conveniebat
1605 5067 1760 5129 accurate
1786 5079 1864 5130 cum
1880 5055 1980 5129 altero
1999 5062 2071 5144 qtffl
