<?xml version="1.0" encoding="UTF-8"?>
<!DOCTYPE html PUBLIC "-//W3C//DTD XHTML 1.0 Transitional//EN"
    "http://www.w3.org/TR/xhtml1/DTD/xhtml1-transitional.dtd">
<html xmlns="http://www.w3.org/1999/xhtml" xml:lang="en" lang="en">
 <head>
  <title>
</title>
<meta http-equiv="Content-Type" content="text/html;charset=utf-8" />
  <meta name='ocr-system' content='tesseract 3.04.00' />
  <meta name='ocr-capabilities' content='ocr_page ocr_carea ocr_par ocr_line ocrx_word'/>
</head>
<body>
  <div class='ocr_page' id='page_1' title='image "./liturgiarumorie00unkngoog/liturgiarumorie00unkngoog_0732.png"; bbox 0 0 4525 6034; ppageno 0'>
   <div class='ocr_carea' id='block_1_1' title="bbox 635 597 1684 677">
    <p class='ocr_par' dir='ltr' id='par_1_1' title="bbox 635 597 1684 677">
     <span class='ocr_line' id='line_1_1' title="bbox 635 597 1684 677; baseline 0.001 -1"><span class='ocrx_word' id='word_1_1' title='bbox 635 600 740 676; x_wconf 85' lang='lat' dir='ltr'><strong>·1o</strong></span> <span class='ocrx_word' id='word_1_2' title='bbox 1071 597 1684 677; x_wconf 80' lang='lat' dir='ltr'><strong>onoocounonls</strong></span> 
     </span>
    </p>
   </div>
   <div class='ocr_carea' id='block_1_2' title="bbox 687 784 2054 2037">
    <p class='ocr_par' dir='ltr' id='par_1_2' title="bbox 687 784 2051 1462">
     <span class='ocr_line' id='line_1_2' title="bbox 687 784 2050 885; baseline -0.002 -24"><span class='ocrx_word' id='word_1_3' title='bbox 687 798 767 885; x_wconf 90' lang='lat' dir='ltr'><strong>peto</strong></span> <span class='ocrx_word' id='word_1_4' title='bbox 799 791 1030 862; x_wconf 81' lang='lat' dir='ltr'><strong>remissionem</strong></span> <span class='ocrx_word' id='word_1_5' title='bbox 1066 790 1211 861; x_wconf 90' lang='lat' dir='ltr'><strong>omnium</strong></span> <span class='ocrx_word' id='word_1_6' title='bbox 1243 787 1449 881; x_wconf 77' lang='lat' dir='ltr'><strong>iniquitatum</strong></span> <span class='ocrx_word' id='word_1_7' title='bbox 1480 808 1650 876; x_wconf 90' lang='lat' dir='ltr'><strong>mearum,</strong></span> <span class='ocrx_word' id='word_1_8' title='bbox 1689 785 1769 858; x_wconf 87' lang='lat' dir='ltr'><strong>lieet</strong></span> <span class='ocrx_word' id='word_1_9' title='bbox 1802 784 1969 879; x_wconf 87' lang='lat' dir='ltr'><strong>indignus:</strong></span> <span class='ocrx_word' id='word_1_10' title='bbox 1997 785 2050 859; x_wconf 90' lang='lat' dir='ltr'><strong>sed</strong></span> 
     </span>
     <span class='ocr_line' id='line_1_3' title="bbox 689 900 2050 1001; baseline -0.002 -23"><span class='ocrx_word' id='word_1_11' title='bbox 689 906 836 978; x_wconf 87' lang='lat' dir='ltr'><strong>obsecro</strong></span> <span class='ocrx_word' id='word_1_12' title='bbox 864 915 909 995; x_wconf 90' lang='lat' dir='ltr'><strong>te,</strong></span> <span class='ocrx_word' id='word_1_13' title='bbox 936 915 972 977; x_wconf 91' lang='lat' dir='ltr'><strong>ut</strong></span> <span class='ocrx_word' id='word_1_14' title='bbox 997 926 1203 1001; x_wconf 82' lang='lat' dir='ltr'>praeserves</span> <span class='ocrx_word' id='word_1_15' title='bbox 1240 913 1384 975; x_wconf 91' lang='lat' dir='ltr'><strong>mentem</strong></span> <span class='ocrx_word' id='word_1_16' title='bbox 1416 924 1525 975; x_wconf 91' lang='lat' dir='ltr'><strong>meam</strong></span> <span class='ocrx_word' id='word_1_17' title='bbox 1560 900 1602 975; x_wconf 94' lang='lat' dir='ltr'><strong>ab</strong></span> <span class='ocrx_word' id='word_1_18' title='bbox 1631 901 1784 976; x_wconf 90' lang='lat' dir='ltr'><strong>omnibus</strong></span> <span class='ocrx_word' id='word_1_19' title='bbox 1819 902 2050 998; x_wconf 80' lang='lat' dir='ltr'><strong>operationibus</strong></span> 
     </span>
     <span class='ocr_line' id='line_1_4' title="bbox 689 1020 2051 1115; baseline -0.002 -22"><span class='ocrx_word' id='word_1_20' title='bbox 689 1021 891 1095; x_wconf 89' lang='lat' dir='ltr'><strong>adversarii:</strong></span> <span class='ocrx_word' id='word_1_21' title='bbox 925 1020 1044 1093; x_wconf 87' lang='lat' dir='ltr'><strong>oculos</strong></span> <span class='ocrx_word' id='word_1_22' title='bbox 1070 1041 1188 1110; x_wconf 88' lang='lat' dir='ltr'><strong>meos,</strong></span> <span class='ocrx_word' id='word_1_23' title='bbox 1223 1042 1267 1091; x_wconf 89' lang='lat' dir='ltr'><strong>ne</strong></span> <span class='ocrx_word' id='word_1_24' title='bbox 1294 1021 1457 1114; x_wconf 92' lang='lat' dir='ltr'><strong>aspiciant</strong></span> <span class='ocrx_word' id='word_1_25' title='bbox 1491 1022 1765 1115; x_wconf 78' lang='lat' dir='ltr'><strong>intemperanter:</strong></span> <span class='ocrx_word' id='word_1_26' title='bbox 1793 1041 1904 1107; x_wconf 90' lang='lat' dir='ltr'><strong>aures,</strong></span> <span class='ocrx_word' id='word_1_27' title='bbox 1928 1040 1969 1090; x_wconf 92' lang='lat' dir='ltr'><strong>ue</strong></span> <span class='ocrx_word' id='word_1_28' title='bbox 1992 1042 2051 1091; x_wconf 90' lang='lat' dir='ltr'><strong>nu·</strong></span> 
     </span>
     <span class='ocr_line' id='line_1_5' title="bbox 689 1133 2051 1230; baseline -0.001 -24"><span class='ocrx_word' id='word_1_29' title='bbox 689 1134 781 1206; x_wconf 90' lang='lat' dir='ltr'><strong>diant</strong></span> <span class='ocrx_word' id='word_1_30' title='bbox 806 1156 862 1207; x_wconf 88' lang='lat' dir='ltr'><strong>res</strong></span> <span class='ocrx_word' id='word_1_31' title='bbox 895 1133 1022 1208; x_wconf 89' lang='lat' dir='ltr'><strong>futiles:</strong></span> <span class='ocrx_word' id='word_1_32' title='bbox 1055 1156 1173 1208; x_wconf 89' lang='lat' dir='ltr'><strong>manus</strong></span> <span class='ocrx_word' id='word_1_33' title='bbox 1205 1156 1299 1207; x_wconf 90' lang='lat' dir='ltr'><strong>meas</strong></span> <span class='ocrx_word' id='word_1_34' title='bbox 1334 1158 1354 1205; x_wconf 93' lang='lat' dir='ltr'><strong>a</strong></span> <span class='ocrx_word' id='word_1_35' title='bbox 1385 1138 1636 1230; x_wconf 76' lang='lat' dir='ltr'><strong>perpetratione</strong></span> <span class='ocrx_word' id='word_1_36' title='bbox 1668 1157 1780 1206; x_wconf 91' lang='lat' dir='ltr'><strong>rerum</strong></span> <span class='ocrx_word' id='word_1_37' title='bbox 1814 1133 1994 1208; x_wconf 85' lang='lat' dir='ltr'><strong>odibilium:</strong></span> <span class='ocrx_word' id='word_1_38' title='bbox 2022 1144 2051 1205; x_wconf 89' lang='lat' dir='ltr'><strong>et</strong></span> 
     </span>
     <span class='ocr_line' id='line_1_6' title="bbox 689 1249 2051 1348; baseline 0.001 -29"><span class='ocrx_word' id='word_1_39' title='bbox 689 1270 790 1322; x_wconf 89' lang='lat' dir='ltr'><strong>renes</strong></span> <span class='ocrx_word' id='word_1_40' title='bbox 816 1272 912 1325; x_wconf 91' lang='lat' dir='ltr'><strong>meos</strong></span> <span class='ocrx_word' id='word_1_41' title='bbox 938 1263 974 1323; x_wconf 87' lang='lat' dir='ltr'><strong>nt</strong></span> <span class='ocrx_word' id='word_1_42' title='bbox 999 1274 1062 1348; x_wconf 91' lang='lat' dir='ltr'><strong>per</strong></span> <span class='ocrx_word' id='word_1_43' title='bbox 1089 1262 1121 1323; x_wconf 90' lang='lat' dir='ltr'><strong>te</strong></span> <span class='ocrx_word' id='word_1_44' title='bbox 1148 1260 1369 1340; x_wconf 86' lang='lat' dir='ltr'><strong>moveantur,</strong></span> <span class='ocrx_word' id='word_1_45' title='bbox 1395 1261 1550 1346; x_wconf 89' lang='lat' dir='ltr'><strong>totusque</strong></span> <span class='ocrx_word' id='word_1_46' title='bbox 1578 1250 1620 1323; x_wconf 95' lang='lat' dir='ltr'><strong>ad</strong></span> <span class='ocrx_word' id='word_1_47' title='bbox 1647 1261 1681 1323; x_wconf 92' lang='lat' dir='ltr'><strong>te</strong></span> <span class='ocrx_word' id='word_1_48' title='bbox 1708 1253 1792 1340; x_wconf 84' lang='lat' dir='ltr'><strong>sim,</strong></span> <span class='ocrx_word' id='word_1_49' title='bbox 1823 1261 1857 1323; x_wconf 87' lang='lat' dir='ltr'><strong>et</strong></span> <span class='ocrx_word' id='word_1_50' title='bbox 1884 1274 1903 1323; x_wconf 93' lang='lat' dir='ltr'><strong>a</strong></span> <span class='ocrx_word' id='word_1_51' title='bbox 1930 1260 1962 1322; x_wconf 90' lang='lat' dir='ltr'><strong>te</strong></span> <span class='ocrx_word' id='word_1_52' title='bbox 1984 1249 2051 1321; x_wconf 90' lang='lat' dir='ltr'><strong>mihi</strong></span> 
     </span>
     <span class='ocr_line' id='line_1_7' title="bbox 690 1365 1861 1462; baseline 0.003 -28"><span class='ocrx_word' id='word_1_53' title='bbox 690 1365 895 1439; x_wconf 86' lang='lat' dir='ltr'><strong>coucedatur</strong></span> <span class='ocrx_word' id='word_1_54' title='bbox 921 1365 1042 1439; x_wconf 90' lang='lat' dir='ltr'><strong>donum</strong></span> <span class='ocrx_word' id='word_1_55' title='bbox 1054 1370 1290 1462; x_wconf 79' lang='lat' dir='ltr'><strong>mysteriorum</strong></span> <span class='ocrx_word' id='word_1_56' title='bbox 1307 1377 1437 1440; x_wconf 91' lang='lat' dir='ltr'><strong>tuorum</strong></span> <span class='ocrx_word' id='word_1_57' title='bbox 1455 1365 1656 1457; x_wconf 89' lang='lat' dir='ltr'><strong>divinornm,</strong></span> <span class='ocrx_word' id='word_1_58' title='bbox 1674 1388 1774 1455; x_wconf 91' lang='lat' dir='ltr'><strong>nuuc,</strong></span> <span class='ocrx_word' id='word_1_59' title='bbox 1798 1377 1861 1439; x_wconf 88' lang='lat' dir='ltr'><strong>ete.</strong></span> 
     </span>
    </p>

    <p class='ocr_par' dir='ltr' id='par_1_3' title="bbox 688 1481 2054 1801">
     <span class='ocr_line' id='line_1_8' title="bbox 796 1481 2052 1575; baseline -0.002 -23"><span class='ocrx_word' id='word_1_60' title='bbox 796 1482 977 1554; x_wconf 79' lang='lat' dir='ltr'><strong>osculetur</strong></span> <span class='ocrx_word' id='word_1_61' title='bbox 1001 1483 1145 1575; x_wconf 63' lang='lat' dir='ltr'><strong>medan</strong></span> <span class='ocrx_word' id='word_1_62' title='bbox 1172 1483 1306 1572; x_wconf 80' lang='lat' dir='ltr'><strong>atteris,</strong></span> <span class='ocrx_word' id='word_1_63' title='bbox 1340 1489 1375 1554; x_wconf 91' lang='lat' dir='ltr'><strong>et</strong></span> <span class='ocrx_word' id='word_1_64' title='bbox 1400 1481 1574 1554; x_wconf 81' lang='lat' dir='ltr'><strong>escendit:</strong></span> <span class='ocrx_word' id='word_1_65' title='bbox 1608 1489 1643 1554; x_wconf 91' lang='lat' dir='ltr'><strong>et</strong></span> <span class='ocrx_word' id='word_1_66' title='bbox 1676 1481 1824 1554; x_wconf 83' lang='lat' dir='ltr'><strong>renoteit</strong></span> <span class='ocrx_word' id='word_1_67' title='bbox 1851 1481 1959 1552; x_wconf 83' lang='lat' dir='ltr'><strong>velum</strong></span> <span class='ocrx_word' id='word_1_68' title='bbox 1988 1484 2052 1551; x_wconf 84' lang='lat' dir='ltr'><strong>siue</strong></span> 
     </span>
     <span class='ocr_line' id='line_1_9' title="bbox 690 1596 2054 1691; baseline -0.001 -24"><span class='ocrx_word' id='word_1_69' title='bbox 690 1602 912 1691; x_wconf 69' lang='lat' dir='ltr'><strong>tegumentum</strong></span> <span class='ocrx_word' id='word_1_70' title='bbox 942 1601 1197 1690; x_wconf 71' lang='lat' dir='ltr'><strong>mysteriorum:</strong></span> <span class='ocrx_word' id='word_1_71' title='bbox 1231 1598 1341 1668; x_wconf 83' lang='lat' dir='ltr'><strong>netum</strong></span> <span class='ocrx_word' id='word_1_72' title='bbox 1375 1598 1462 1668; x_wconf 83' lang='lat' dir='ltr'><strong>disci</strong></span> <span class='ocrx_word' id='word_1_73' title='bbox 1501 1598 1652 1669; x_wconf 88' lang='lat' dir='ltr'><strong>collocet</strong></span> <span class='ocrx_word' id='word_1_74' title='bbox 1689 1599 1738 1669; x_wconf 88' lang='lat' dir='ltr'><strong>od</strong></span> <span class='ocrx_word' id='word_1_75' title='bbox 1778 1597 1867 1668; x_wconf 72' lang='lat' dir='ltr'><strong>tata</strong></span> <span class='ocrx_word' id='word_1_76' title='bbox 1900 1596 2054 1667; x_wconf 69' lang='lat' dir='ltr'><strong>wstrde:</strong></span> 
     </span>
     <span class='ocr_line' id='line_1_10' title="bbox 688 1711 1458 1801; baseline 0.003 -19"><span class='ocrx_word' id='word_1_77' title='bbox 688 1711 798 1782; x_wconf 83' lang='lat' dir='ltr'><strong>uelum</strong></span> <span class='ocrx_word' id='word_1_78' title='bbox 823 1713 945 1784; x_wconf 85' lang='lat' dir='ltr'><strong>caliois</strong></span> <span class='ocrx_word' id='word_1_79' title='bbox 970 1715 1017 1784; x_wconf 87' lang='lat' dir='ltr'><strong>ud</strong></span> <span class='ocrx_word' id='word_1_80' title='bbox 1043 1713 1275 1801; x_wconf 76' lang='lat' dir='ltr'><strong>occidentale,</strong></span> <span class='ocrx_word' id='word_1_81' title='bbox 1302 1720 1338 1784; x_wconf 92' lang='lat' dir='ltr'><strong>et</strong></span> <span class='ocrx_word' id='word_1_82' title='bbox 1363 1713 1458 1784; x_wconf 81' lang='lat' dir='ltr'><strong>dicit.</strong></span> 
     </span>
    </p>

    <p class='ocr_par' dir='ltr' id='par_1_4' title="bbox 687 1827 2052 2037">
     <span class='ocr_line' id='line_1_11' title="bbox 793 1827 2052 1921; baseline -0.001 -22"><span class='ocrx_word' id='word_1_83' title='bbox 793 1827 957 1903; x_wconf 82' lang='lat' dir='ltr'><strong>Dominus</strong></span> <span class='ocrx_word' id='word_1_84' title='bbox 999 1831 1156 1921; x_wconf 86' lang='lat' dir='ltr'><strong>regnavit</strong></span> <span class='ocrx_word' id='word_1_85' title='bbox 1195 1830 1353 1901; x_wconf 91' lang='lat' dir='ltr'><strong>decorem</strong></span> <span class='ocrx_word' id='word_1_86' title='bbox 1385 1828 1516 1901; x_wconf 90' lang='lat' dir='ltr'><strong>indutus</strong></span> <span class='ocrx_word' id='word_1_87' title='bbox 1549 1839 1618 1918; x_wconf 90' lang='lat' dir='ltr'><strong>est,</strong></span> <span class='ocrx_word' id='word_1_88' title='bbox 1649 1828 1780 1901; x_wconf 91' lang='lat' dir='ltr'><strong>indutus</strong></span> <span class='ocrx_word' id='word_1_89' title='bbox 1818 1836 1871 1901; x_wconf 91' lang='lat' dir='ltr'><strong>est</strong></span> <span class='ocrx_word' id='word_1_90' title='bbox 1905 1827 2052 1899; x_wconf 87' lang='lat' dir='ltr'><strong>Dominus</strong></span> 
     </span>
     <span class='ocr_line' id='line_1_12' title="bbox 687 1940 1493 2037; baseline 0.001 -23"><span class='ocrx_word' id='word_1_91' title='bbox 687 1940 927 2037; x_wconf 79' lang='lat' dir='ltr'><strong>fortitudinem,</strong></span> <span class='ocrx_word' id='word_1_92' title='bbox 954 1955 989 2018; x_wconf 91' lang='lat' dir='ltr'><strong>et</strong></span> <span class='ocrx_word' id='word_1_93' title='bbox 1013 1944 1207 2019; x_wconf 79' lang='lat' dir='ltr'><strong>iorbmdine</strong></span> <span class='ocrx_word' id='word_1_94' title='bbox 1234 1947 1405 2018; x_wconf 86' lang='lat' dir='ltr'><strong>accinctus</strong></span> <span class='ocrx_word' id='word_1_95' title='bbox 1431 1954 1493 2017; x_wconf 88' lang='lat' dir='ltr'><strong>est.</strong></span> 
     </span>
    </p>
   </div>
   <div class='ocr_carea' id='block_1_3' title="bbox 1314 2203 1445 2274">
    <p class='ocr_par' dir='ltr' id='par_1_5' title="bbox 1314 2203 1445 2274">
     <span class='ocr_line' id='line_1_13' title="bbox 1314 2203 1445 2274; baseline -0.015 0"><span class='ocrx_word' id='word_1_96' title='bbox 1314 2203 1445 2274; x_wconf 81' lang='lat' dir='ltr'><strong>Oratio.</strong></span> 
     </span>
    </p>
   </div>
   <div class='ocr_carea' id='block_1_4' title="bbox 686 2406 2054 3198">
    <p class='ocr_par' dir='ltr' id='par_1_6' title="bbox 686 2406 2054 2942">
     <span class='ocr_line' id='line_1_14' title="bbox 794 2406 2053 2504; baseline -0.004 -23"><span class='ocrx_word' id='word_1_97' title='bbox 794 2406 896 2498; x_wconf 83' lang='lat' dir='ltr'><strong>Agne</strong></span> <span class='ocrx_word' id='word_1_98' title='bbox 921 2427 1017 2501; x_wconf 87' lang='lat' dir='ltr'><strong>pure,</strong></span> <span class='ocrx_word' id='word_1_99' title='bbox 1044 2419 1078 2481; x_wconf 90' lang='lat' dir='ltr'><strong>et</strong></span> <span class='ocrx_word' id='word_1_100' title='bbox 1105 2406 1234 2504; x_wconf 86' lang='lat' dir='ltr'><strong>absque</strong></span> <span class='ocrx_word' id='word_1_101' title='bbox 1260 2409 1390 2482; x_wconf 90' lang='lat' dir='ltr'><strong>macula</strong></span> <span class='ocrx_word' id='word_1_102' title='bbox 1427 2412 1481 2504; x_wconf 84' lang='lat' dir='ltr'><strong>qui</strong></span> <span class='ocrx_word' id='word_1_103' title='bbox 1514 2418 1548 2480; x_wconf 89' lang='lat' dir='ltr'><strong>te</strong></span> <span class='ocrx_word' id='word_1_104' title='bbox 1576 2407 1722 2481; x_wconf 90' lang='lat' dir='ltr'><strong>obtulisti</strong></span> <span class='ocrx_word' id='word_1_105' title='bbox 1748 2406 1840 2478; x_wconf 89' lang='lat' dir='ltr'><strong>Patri</strong></span> <span class='ocrx_word' id='word_1_106' title='bbox 1871 2414 1930 2480; x_wconf 88' lang='lat' dir='ltr'><strong>tuo</strong></span> <span class='ocrx_word' id='word_1_107' title='bbox 1955 2408 2053 2478; x_wconf 84' lang='lat' dir='ltr'><strong>sacri-</strong></span> 
     </span>
     <span class='ocr_line' id='line_1_15' title="bbox 686 2520 2054 2621; baseline 0 -28"><span class='ocrx_word' id='word_1_108' title='bbox 686 2520 797 2593; x_wconf 87' lang='lat' dir='ltr'><strong>ficium</strong></span> <span class='ocrx_word' id='word_1_109' title='bbox 824 2520 1043 2619; x_wconf 78' lang='lat' dir='ltr'><strong>acceptabile,</strong></span> <span class='ocrx_word' id='word_1_110' title='bbox 1069 2547 1133 2621; x_wconf 89' lang='lat' dir='ltr'><strong>pro</strong></span> <span class='ocrx_word' id='word_1_111' title='bbox 1161 2525 1270 2598; x_wconf 89' lang='lat' dir='ltr'><strong>salute</strong></span> <span class='ocrx_word' id='word_1_112' title='bbox 1305 2536 1340 2597; x_wconf 90' lang='lat' dir='ltr'><strong>et</strong></span> <span class='ocrx_word' id='word_1_113' title='bbox 1364 2527 1599 2621; x_wconf 88' lang='lat' dir='ltr'><strong>propitiatione</strong></span> <span class='ocrx_word' id='word_1_114' title='bbox 1633 2527 1735 2596; x_wconf 86' lang='lat' dir='ltr'><strong>totius</strong></span> <span class='ocrx_word' id='word_1_115' title='bbox 1768 2522 1900 2597; x_wconf 90' lang='lat' dir='ltr'><strong>mundi:</strong></span> <span class='ocrx_word' id='word_1_116' title='bbox 1934 2532 2054 2618; x_wconf 88' lang='lat' dir='ltr'><strong>praesta</strong></span> 
     </span>
     <span class='ocr_line' id='line_1_16' title="bbox 686 2633 2053 2736; baseline 0.001 -29"><span class='ocrx_word' id='word_1_117' title='bbox 686 2633 785 2708; x_wconf 90' lang='lat' dir='ltr'><strong>nohis</strong></span> <span class='ocrx_word' id='word_1_118' title='bbox 811 2645 848 2708; x_wconf 92' lang='lat' dir='ltr'><strong>ut</strong></span> <span class='ocrx_word' id='word_1_119' title='bbox 875 2637 1053 2713; x_wconf 82' lang='lat' dir='ltr'><strong>offeramus</strong></span> <span class='ocrx_word' id='word_1_120' title='bbox 1088 2639 1147 2713; x_wconf 91' lang='lat' dir='ltr'><strong>tibi</strong></span> <span class='ocrx_word' id='word_1_121' title='bbox 1182 2663 1245 2715; x_wconf 90' lang='lat' dir='ltr'><strong>uos</strong></span> <span class='ocrx_word' id='word_1_122' title='bbox 1280 2643 1372 2736; x_wconf 85' lang='lat' dir='ltr'><strong>ipsos</strong></span> <span class='ocrx_word' id='word_1_123' title='bbox 1409 2642 1620 2714; x_wconf 82' lang='lat' dir='ltr'><strong>sacrificium·</strong></span> <span class='ocrx_word' id='word_1_124' title='bbox 1641 2642 1774 2729; x_wconf 87' lang='lat' dir='ltr'><strong>vivum,</strong></span> <span class='ocrx_word' id='word_1_125' title='bbox 1812 2637 1903 2733; x_wconf 84' lang='lat' dir='ltr'><strong>quod</strong></span> <span class='ocrx_word' id='word_1_126' title='bbox 1936 2639 2053 2734; x_wconf 87' lang='lat' dir='ltr'><strong>placcat</strong></span> 
     </span>
     <span class='ocr_line' id='line_1_17' title="bbox 687 2753 2054 2852; baseline 0.001 -28"><span class='ocrx_word' id='word_1_127' title='bbox 687 2753 746 2826; x_wconf 87' lang='lat' dir='ltr'><strong>tihi</strong></span> <span class='ocrx_word' id='word_1_128' title='bbox 778 2765 812 2827; x_wconf 91' lang='lat' dir='ltr'><strong>et</strong></span> <span class='ocrx_word' id='word_1_129' title='bbox 846 2754 953 2827; x_wconf 89' lang='lat' dir='ltr'><strong>simile</strong></span> <span class='ocrx_word' id='word_1_130' title='bbox 988 2757 1031 2828; x_wconf 91' lang='lat' dir='ltr'><strong>sit</strong></span> <span class='ocrx_word' id='word_1_131' title='bbox 1065 2757 1230 2830; x_wconf 85' lang='lat' dir='ltr'><strong>sacrificio</strong></span> <span class='ocrx_word' id='word_1_132' title='bbox 1266 2767 1322 2829; x_wconf 93' lang='lat' dir='ltr'><strong>tuo</strong></span> <span class='ocrx_word' id='word_1_133' title='bbox 1353 2778 1416 2852; x_wconf 94' lang='lat' dir='ltr'><strong>pro</strong></span> <span class='ocrx_word' id='word_1_134' title='bbox 1443 2755 1559 2849; x_wconf 76' lang='lat' dir='ltr'><strong>nohiS,</strong></span> <span class='ocrx_word' id='word_1_135' title='bbox 1595 2756 1727 2829; x_wconf 84' lang='lat' dir='ltr'><strong>Christe</strong></span> <span class='ocrx_word' id='word_1_136' title='bbox 1761 2755 1856 2827; x_wconf 90' lang='lat' dir='ltr'><strong>Deus</strong></span> <span class='ocrx_word' id='word_1_137' title='bbox 1887 2757 2054 2827; x_wconf 91' lang='lat' dir='ltr'><strong>nosteriu</strong></span> 
     </span>
     <span class='ocr_line' id='line_1_18' title="bbox 688 2868 835 2942; baseline -0.007 0"><span class='ocrx_word' id='word_1_138' title='bbox 688 2868 835 2942; x_wconf 86' lang='lat' dir='ltr'><strong>saecula.</strong></span> 
     </span>
    </p>

    <p class='ocr_par' dir='ltr' id='par_1_7' title="bbox 686 2980 2054 3198">
     <span class='ocr_line' id='line_1_19' title="bbox 791 2980 2054 3081; baseline 0 -25"><span class='ocrx_word' id='word_1_139' title='bbox 791 2980 968 3058; x_wconf 77' lang='lat' dir='ltr'><strong>Sacerdos</strong></span> <span class='ocrx_word' id='word_1_140' title='bbox 993 2994 1089 3058; x_wconf 86' lang='lat' dir='ltr'><strong>stans</strong></span> <span class='ocrx_word' id='word_1_141' title='bbox 1115 2987 1208 3059; x_wconf 89' lang='lat' dir='ltr'><strong>dicet</strong></span> <span class='ocrx_word' id='word_1_142' title='bbox 1239 2990 1431 3058; x_wconf 83' lang='lat' dir='ltr'><strong>orationem</strong></span> <span class='ocrx_word' id='word_1_143' title='bbox 1457 3009 1546 3081; x_wconf 82' lang='lat' dir='ltr'><strong>quoe</strong></span> <span class='ocrx_word' id='word_1_144' title='bbox 1577 2988 1715 3079; x_wconf 76' lang='lat' dir='ltr'><strong>ieeiprit,</strong></span> <span class='ocrx_word' id='word_1_145' title='bbox 1742 2985 1909 3057; x_wconf 85' lang='lat' dir='ltr'><strong>Memoria</strong></span> <span class='ocrx_word' id='word_1_146' title='bbox 1935 2987 2054 3059; x_wconf 90' lang='lat' dir='ltr'><strong>Domini</strong></span> 
     </span>
     <span class='ocr_line' id='line_1_20' title="bbox 686 3101 2054 3198; baseline -0.001 -25"><span class='ocrx_word' id='word_1_147' title='bbox 686 3109 722 3173; x_wconf 88' lang='lat' dir='ltr'><strong>ot</strong></span> <span class='ocrx_word' id='word_1_148' title='bbox 746 3101 812 3174; x_wconf 91' lang='lat' dir='ltr'><strong>Dei</strong></span> <span class='ocrx_word' id='word_1_149' title='bbox 837 3105 953 3175; x_wconf 88' lang='lat' dir='ltr'><strong>nostri.</strong></span> <span class='ocrx_word' id='word_1_150' title='bbox 1006 3102 1150 3174; x_wconf 69' lang='lat' dir='ltr'><strong>Ducum</strong></span> <span class='ocrx_word' id='word_1_151' title='bbox 1174 3105 1351 3174; x_wconf 79' lang='lat' dir='ltr'><strong>inveniens</strong></span> <span class='ocrx_word' id='word_1_152' title='bbox 1371 3106 1522 3198; x_wconf 82' lang='lat' dir='ltr'><strong>positum</strong></span> <span class='ocrx_word' id='word_1_153' title='bbox 1548 3106 1584 3172; x_wconf 82' lang='lat' dir='ltr'><strong>ia</strong></span> <span class='ocrx_word' id='word_1_154' title='bbox 1606 3108 1712 3196; x_wconf 86' lang='lat' dir='ltr'><strong>porte</strong></span> <span class='ocrx_word' id='word_1_155' title='bbox 1738 3104 1893 3189; x_wconf 68' lang='lat' dir='ltr'><strong>dumba,</strong></span> <span class='ocrx_word' id='word_1_156' title='bbox 1928 3103 2054 3175; x_wconf 83' lang='lat' dir='ltr'><strong>euticen</strong></span> 
     </span>
    </p>
   </div>
   <div class='ocr_carea' id='block_1_5' title="bbox 547 3203 2052 3311">
    <p class='ocr_par' dir='ltr' id='par_1_8' title="bbox 547 3203 2052 3311">
     <span class='ocr_line' id='line_1_21' title="bbox 547 3203 2052 3311; baseline 0 -25"><span class='ocrx_word' id='word_1_157' title='bbox 547 3203 552 3213; x_wconf 70' lang='grc'>’</span> <span class='ocrx_word' id='word_1_158' title='bbox 686 3219 722 3287; x_wconf 86' lang='lat' dir='ltr'><strong>in</strong></span> <span class='ocrx_word' id='word_1_159' title='bbox 749 3220 904 3308; x_wconf 86' lang='lat' dir='ltr'><strong>sinistre,</strong></span> <span class='ocrx_word' id='word_1_160' title='bbox 931 3218 1088 3289; x_wconf 75' lang='lat' dir='ltr'><strong>extendit</strong></span> <span class='ocrx_word' id='word_1_161' title='bbox 1112 3241 1230 3290; x_wconf 84' lang='lat' dir='ltr'><strong>menos</strong></span> <span class='ocrx_word' id='word_1_162' title='bbox 1255 3242 1336 3290; x_wconf 79' lang='lat' dir='ltr'><strong>mres</strong></span> <span class='ocrx_word' id='word_1_163' title='bbox 1362 3223 1398 3288; x_wconf 85' lang='lat' dir='ltr'><strong>iu</strong></span> <span class='ocrx_word' id='word_1_164' title='bbox 1420 3222 1569 3311; x_wconf 71' lang='lat' dir='ltr'><strong>[omrem</strong></span> <span class='ocrx_word' id='word_1_165' title='bbox 1594 3221 1719 3305; x_wconf 66' lang='lat' dir='ltr'><strong>emach,</strong></span> <span class='ocrx_word' id='word_1_166' title='bbox 1747 3216 1878 3288; x_wconf 72' lang='lat' dir='ltr'><strong>decha</strong></span> <span class='ocrx_word' id='word_1_167' title='bbox 1904 3221 2052 3290; x_wconf 75' lang='lat' dir='ltr'><strong>sinistrae</strong></span> 
     </span>
    </p>
   </div>
   <div class='ocr_carea' id='block_1_6' title="bbox 680 3333 2053 4473">
    <p class='ocr_par' dir='ltr' id='par_1_9' title="bbox 683 3333 2053 3658">
     <span class='ocr_line' id='line_1_22' title="bbox 686 3333 2053 3428; baseline 0 -25"><span class='ocrx_word' id='word_1_168' title='bbox 686 3337 919 3426; x_wconf 84' lang='lat' dir='ltr'><strong>superposite:</strong></span> <span class='ocrx_word' id='word_1_169' title='bbox 953 3340 1020 3404; x_wconf 86' lang='lat' dir='ltr'><strong>tum</strong></span> <span class='ocrx_word' id='word_1_170' title='bbox 1054 3333 1182 3404; x_wconf 78' lang='lat' dir='ltr'><strong>dextre</strong></span> <span class='ocrx_word' id='word_1_171' title='bbox 1217 3334 1344 3405; x_wconf 86' lang='lat' dir='ltr'><strong>discum</strong></span> <span class='ocrx_word' id='word_1_172' title='bbox 1377 3337 1540 3421; x_wconf 84' lang='lat' dir='ltr'><strong>sustinet,</strong></span> <span class='ocrx_word' id='word_1_173' title='bbox 1570 3336 1722 3405; x_wconf 73' lang='lat' dir='ltr'><strong>&#39;sinistro</strong></span> <span class='ocrx_word' id='word_1_174' title='bbox 1762 3333 1927 3422; x_wconf 82' lang='lat' dir='ltr'><strong>culicem,</strong></span> <span class='ocrx_word' id='word_1_175' title='bbox 1962 3358 2053 3428; x_wconf 83' lang='lat' dir='ltr'><strong>supro</strong></span> 
     </span>
     <span class='ocr_line' id='line_1_23' title="bbox 683 3448 2053 3542; baseline 0.004 -26"><span class='ocrx_word' id='word_1_176' title='bbox 683 3453 820 3539; x_wconf 86' lang='lat' dir='ltr'><strong>partem</strong></span> <span class='ocrx_word' id='word_1_177' title='bbox 846 3448 970 3520; x_wconf 82' lang='lat' dir='ltr'><strong>atteris</strong></span> <span class='ocrx_word' id='word_1_178' title='bbox 995 3452 1032 3519; x_wconf 79' lang='lat' dir='ltr'><strong>irs</strong></span> <span class='ocrx_word' id='word_1_179' title='bbox 1059 3471 1127 3542; x_wconf 76' lang='lat' dir='ltr'><strong>putu</strong></span> <span class='ocrx_word' id='word_1_180' title='bbox 1154 3448 1273 3519; x_wconf 81' lang='lat' dir='ltr'><strong>tabula</strong></span> <span class='ocrx_word' id='word_1_181' title='bbox 1299 3449 1417 3541; x_wconf 79' lang='lat' dir='ltr'><strong>defien</strong></span> <span class='ocrx_word' id='word_1_182' title='bbox 1443 3454 1511 3536; x_wconf 86' lang='lat' dir='ltr'><strong>est,</strong></span> <span class='ocrx_word' id='word_1_183' title='bbox 1538 3470 1649 3542; x_wconf 82' lang='lat' dir='ltr'><strong>neque</strong></span> <span class='ocrx_word' id='word_1_184' title='bbox 1680 3470 1742 3519; x_wconf 88' lang='lat' dir='ltr'><strong>eos</strong></span> <span class='ocrx_word' id='word_1_185' title='bbox 1768 3449 1926 3542; x_wconf 81' lang='lat' dir='ltr'><strong>deponit,</strong></span> <span class='ocrx_word' id='word_1_186' title='bbox 1959 3451 2053 3521; x_wconf 87' lang='lat' dir='ltr'><strong>donee</strong></span> 
     </span>
     <span class='ocr_line' id='line_1_24' title="bbox 687 3561 1745 3658; baseline 0.002 -25"><span class='ocrx_word' id='word_1_187' title='bbox 687 3561 875 3635; x_wconf 82' lang='lat' dir='ltr'><strong>obsoluerit</strong></span> <span class='ocrx_word' id='word_1_188' title='bbox 901 3567 1093 3635; x_wconf 84' lang='lat' dir='ltr'><strong>orationem</strong></span> <span class='ocrx_word' id='word_1_189' title='bbox 1118 3565 1209 3634; x_wconf 87' lang='lat' dir='ltr'><strong>huuc</strong></span> <span class='ocrx_word' id='word_1_190' title='bbox 1234 3564 1441 3658; x_wconf 71' lang='lat' dir='ltr'><strong>permutem,</strong></span> <span class='ocrx_word' id='word_1_191' title='bbox 1468 3587 1557 3657; x_wconf 83' lang='lat' dir='ltr'><strong>poue</strong></span> <span class='ocrx_word' id='word_1_192' title='bbox 1583 3565 1745 3657; x_wconf 81' lang='lat' dir='ltr'><strong>sequitur.</strong></span> 
     </span>
    </p>

    <p class='ocr_par' dir='ltr' id='par_1_10' title="bbox 680 3677 2052 4473">
     <span class='ocr_line' id='line_1_25' title="bbox 790 3677 2052 3755; baseline 0.003 -5"><span class='ocrx_word' id='word_1_193' title='bbox 790 3678 988 3750; x_wconf 87' lang='lat' dir='ltr'><strong>Memoriam</strong></span> <span class='ocrx_word' id='word_1_194' title='bbox 1023 3681 1158 3753; x_wconf 88' lang='lat' dir='ltr'><strong>Domini</strong></span> <span class='ocrx_word' id='word_1_195' title='bbox 1190 3680 1255 3751; x_wconf 91' lang='lat' dir='ltr'><strong>Dei</strong></span> <span class='ocrx_word' id='word_1_196' title='bbox 1290 3691 1324 3753; x_wconf 91' lang='lat' dir='ltr'><strong>et</strong></span> <span class='ocrx_word' id='word_1_197' title='bbox 1357 3677 1547 3752; x_wconf 84' lang='lat' dir='ltr'><strong>salvatoris</strong></span> <span class='ocrx_word' id='word_1_198' title='bbox 1587 3683 1694 3753; x_wconf 88' lang='lat' dir='ltr'><strong>nostri</strong></span> <span class='ocrx_word' id='word_1_199' title='bbox 1729 3680 1812 3753; x_wconf 83' lang='lat' dir='ltr'><strong>lesu</strong></span> <span class='ocrx_word' id='word_1_200' title='bbox 1848 3680 1971 3755; x_wconf 81' lang='lat' dir='ltr'><strong>Christi</strong></span> <span class='ocrx_word' id='word_1_201' title='bbox 2003 3693 2052 3754; x_wconf 92' lang='lat' dir='ltr'><strong>to-</strong></span> 
     </span>
     <span class='ocr_line' id='line_1_26' title="bbox 686 3794 2052 3892; baseline 0.001 -27"><span class='ocrx_word' id='word_1_202' title='bbox 686 3797 817 3889; x_wconf 90' lang='lat' dir='ltr'><strong>tiusque</strong></span> <span class='ocrx_word' id='word_1_203' title='bbox 844 3797 917 3887; x_wconf 89' lang='lat' dir='ltr'><strong>ejus</strong></span> <span class='ocrx_word' id='word_1_204' title='bbox 945 3795 1201 3892; x_wconf 85' lang='lat' dir='ltr'><strong>dispensationis</strong></span> <span class='ocrx_word' id='word_1_205' title='bbox 1231 3795 1423 3869; x_wconf 84' lang='lat' dir='ltr'><strong>salutiferae</strong></span> <span class='ocrx_word' id='word_1_206' title='bbox 1449 3817 1510 3892; x_wconf 93' lang='lat' dir='ltr'><strong>pro</strong></span> <span class='ocrx_word' id='word_1_207' title='bbox 1541 3794 1639 3868; x_wconf 89' lang='lat' dir='ltr'><strong>uobis</strong></span> <span class='ocrx_word' id='word_1_208' title='bbox 1667 3798 1807 3887; x_wconf 80' lang='lat' dir='ltr'><strong>agimus.</strong></span> <span class='ocrx_word' id='word_1_209' title='bbox 1860 3797 1954 3870; x_wconf 85' lang='lat' dir='ltr'><strong>Ecce</strong></span> <span class='ocrx_word' id='word_1_210' title='bbox 1979 3801 2052 3869; x_wconf 92' lang='lat' dir='ltr'><strong>euim</strong></span> 
     </span>
     <span class='ocr_line' id='line_1_27' title="bbox 686 3911 2052 4007; baseline -0.001 -24"><span class='ocrx_word' id='word_1_211' title='bbox 686 3912 942 3983; x_wconf 88' lang='lat' dir='ltr'><strong>annuntiationis</strong></span> <span class='ocrx_word' id='word_1_212' title='bbox 969 3914 1043 4002; x_wconf 79' lang='lat' dir='ltr'><strong>eJns</strong></span> <span class='ocrx_word' id='word_1_213' title='bbox 1061 3934 1124 4007; x_wconf 92' lang='lat' dir='ltr'><strong>per</strong></span> <span class='ocrx_word' id='word_1_214' title='bbox 1141 3911 1391 4005; x_wconf 83' lang='lat' dir='ltr'><strong>Archangelum</strong></span> <span class='ocrx_word' id='word_1_215' title='bbox 1408 3911 1570 4004; x_wconf 87' lang='lat' dir='ltr'><strong>Vigilem:</strong></span> <span class='ocrx_word' id='word_1_216' title='bbox 1597 3914 1779 3984; x_wconf 82' lang='lat' dir='ltr'><strong>nativitatis</strong></span> <span class='ocrx_word' id='word_1_217' title='bbox 1798 3915 1872 4004; x_wconf 86' lang='lat' dir='ltr'><strong>ejus</strong></span> <span class='ocrx_word' id='word_1_218' title='bbox 1891 3917 1925 3983; x_wconf 90' lang='lat' dir='ltr'><strong>in</strong></span> <span class='ocrx_word' id='word_1_219' title='bbox 1944 3934 2052 3984; x_wconf 91' lang='lat' dir='ltr'><strong>carue:</strong></span> 
     </span>
     <span class='ocr_line' id='line_1_28' title="bbox 680 4024 2052 4131; baseline -0.001 -33"><span class='ocrx_word' id='word_1_220' title='bbox 680 4024 840 4131; x_wconf 78' lang='lat' dir='ltr'><strong>¹baptismi</strong></span> <span class='ocrx_word' id='word_1_221' title='bbox 867 4028 940 4119; x_wconf 88' lang='lat' dir='ltr'><strong>ejus</strong></span> <span class='ocrx_word' id='word_1_222' title='bbox 967 4031 1002 4099; x_wconf 93' lang='lat' dir='ltr'><strong>in</strong></span> <span class='ocrx_word' id='word_1_223' title='bbox 1027 4026 1192 4102; x_wconf 86' lang='lat' dir='ltr'><strong>Jordane:</strong></span> <span class='ocrx_word' id='word_1_224' title='bbox 1219 4031 1387 4124; x_wconf 90' lang='lat' dir='ltr'><strong>passionis</strong></span> <span class='ocrx_word' id='word_1_225' title='bbox 1415 4030 1488 4120; x_wconf 87' lang='lat' dir='ltr'><strong>ejus</strong></span> <span class='ocrx_word' id='word_1_226' title='bbox 1515 4027 1690 4100; x_wconf 67' lang='lat' dir='ltr'><strong>salomnis:</strong></span> <span class='ocrx_word' id='word_1_227' title='bbox 1718 4027 1920 4101; x_wconf 89' lang='lat' dir='ltr'><strong>elevationis</strong></span> <span class='ocrx_word' id='word_1_228' title='bbox 1947 4028 2052 4120; x_wconf 87' lang='lat' dir='ltr'><strong>ejusin</strong></span> 
     </span>
     <span class='ocr_line' id='line_1_29' title="bbox 687 4143 2051 4240; baseline -0.004 -24"><span class='ocrx_word' id='word_1_229' title='bbox 687 4167 804 4218; x_wconf 85' lang='lat' dir='ltr'><strong>cruce:</strong></span> <span class='ocrx_word' id='word_1_230' title='bbox 831 4146 947 4218; x_wconf 89' lang='lat' dir='ltr'><strong>mortis</strong></span> <span class='ocrx_word' id='word_1_231' title='bbox 974 4145 1047 4238; x_wconf 88' lang='lat' dir='ltr'><strong>ejus</strong></span> <span class='ocrx_word' id='word_1_232' title='bbox 1072 4144 1248 4216; x_wconf 77' lang='lat' dir='ltr'><strong>rivihme:</strong></span> <span class='ocrx_word' id='word_1_233' title='bbox 1276 4143 1467 4240; x_wconf 90' lang='lat' dir='ltr'><strong>sepulturae</strong></span> <span class='ocrx_word' id='word_1_234' title='bbox 1494 4146 1567 4235; x_wconf 89' lang='lat' dir='ltr'><strong>ejus</strong></span> <span class='ocrx_word' id='word_1_235' title='bbox 1594 4143 1784 4236; x_wconf 85' lang='lat' dir='ltr'><strong>gloriosae:</strong></span> <span class='ocrx_word' id='word_1_236' title='bbox 1810 4145 2051 4216; x_wconf 86' lang='lat' dir='ltr'><strong>resurrectionis</strong></span> 
     </span>
     <span class='ocr_line' id='line_1_30' title="bbox 685 4261 2051 4358; baseline 0 -26"><span class='ocrx_word' id='word_1_237' title='bbox 685 4261 899 4358; x_wconf 86' lang='lat' dir='ltr'><strong>praeclarae:</strong></span> <span class='ocrx_word' id='word_1_238' title='bbox 932 4262 1142 4334; x_wconf 90' lang='lat' dir='ltr'><strong>ascensionis</strong></span> <span class='ocrx_word' id='word_1_239' title='bbox 1174 4263 1208 4331; x_wconf 92' lang='lat' dir='ltr'><strong>in</strong></span> <span class='ocrx_word' id='word_1_240' title='bbox 1243 4261 1394 4350; x_wconf 89' lang='lat' dir='ltr'><strong>coelum,</strong></span> <span class='ocrx_word' id='word_1_241' title='bbox 1430 4262 1659 4354; x_wconf 85' lang='lat' dir='ltr'><strong>sessionisque</strong></span> <span class='ocrx_word' id='word_1_242' title='bbox 1694 4262 1767 4352; x_wconf 86' lang='lat' dir='ltr'><strong>ejus</strong></span> <span class='ocrx_word' id='word_1_243' title='bbox 1807 4261 1849 4333; x_wconf 94' lang='lat' dir='ltr'><strong>ad</strong></span> <span class='ocrx_word' id='word_1_244' title='bbox 1892 4261 2051 4332; x_wconf 81' lang='lat' dir='ltr'><strong>dexterum</strong></span> 
     </span>
     <span class='ocr_line' id='line_1_31' title="bbox 686 4375 2052 4473; baseline -0.004 -23"><span class='ocrx_word' id='word_1_245' title='bbox 686 4379 751 4451; x_wconf 90' lang='lat' dir='ltr'><strong>Dei</strong></span> <span class='ocrx_word' id='word_1_246' title='bbox 777 4377 898 4467; x_wconf 85' lang='lat' dir='ltr'><strong>Patris,</strong></span> <span class='ocrx_word' id='word_1_247' title='bbox 921 4380 1019 4470; x_wconf 77' lang='lat' dir='ltr'><strong>juxta</strong></span> <span class='ocrx_word' id='word_1_248' title='bbox 1046 4377 1192 4449; x_wconf 88' lang='lat' dir='ltr'><strong>divinum</strong></span> <span class='ocrx_word' id='word_1_249' title='bbox 1219 4379 1292 4468; x_wconf 90' lang='lat' dir='ltr'><strong>ejus</strong></span> <span class='ocrx_word' id='word_1_250' title='bbox 1320 4375 1362 4448; x_wconf 92' lang='lat' dir='ltr'><strong>ad</strong></span> <span class='ocrx_word' id='word_1_251' title='bbox 1382 4397 1446 4448; x_wconf 87' lang='lat' dir='ltr'><strong>uos</strong></span> <span class='ocrx_word' id='word_1_252' title='bbox 1463 4385 1688 4473; x_wconf 88' lang='lat' dir='ltr'><strong>praeceptum,</strong></span> <span class='ocrx_word' id='word_1_253' title='bbox 1715 4380 2052 4448; x_wconf 88' lang='lat' dir='ltr'><strong>commemorationem</strong></span> 
     </span>
    </p>
   </div>
   <div class='ocr_carea' id='block_1_7' title="bbox 686 4478 2109 5150">
    <p class='ocr_par' dir='ltr' id='par_1_11' title="bbox 686 4478 2109 5150">
     <span class='ocr_line' id='line_1_32' title="bbox 687 4478 2109 4587; baseline -0.004 -22"><span class='ocrx_word' id='word_1_254' title='bbox 687 4515 775 4565; x_wconf 89' lang='lat' dir='ltr'><strong>nuuc</strong></span> <span class='ocrx_word' id='word_1_255' title='bbox 801 4492 1031 4582; x_wconf 75' lang='lat' dir='ltr'><strong>celebramoS,</strong></span> <span class='ocrx_word' id='word_1_256' title='bbox 1064 4515 1166 4587; x_wconf 87' lang='lat' dir='ltr'><strong>super</strong></span> <span class='ocrx_word' id='word_1_257' title='bbox 1192 4491 1435 4565; x_wconf 88' lang='lat' dir='ltr'><strong>Eucharistiam</strong></span> <span class='ocrx_word' id='word_1_258' title='bbox 1467 4495 1565 4564; x_wconf 84' lang='lat' dir='ltr'><strong>istam</strong></span> <span class='ocrx_word' id='word_1_259' title='bbox 1592 4515 1678 4587; x_wconf 81' lang='lat' dir='ltr'><strong>quac</strong></span> <span class='ocrx_word' id='word_1_260' title='bbox 1702 4478 1826 4565; x_wconf 69' lang='lat' dir='ltr'><strong>&#39;coram</strong></span> <span class='ocrx_word' id='word_1_261' title='bbox 1852 4492 1951 4566; x_wconf 86' lang='lat' dir='ltr'><strong>uobis</strong></span> <span class='ocrx_word' id='word_1_262' title='bbox 1976 4511 2051 4586; x_wconf 92' lang='lat' dir='ltr'><strong>pro·</strong></span> <span class='ocrx_word' id='word_1_263' title='bbox 2106 4556 2109 4561; x_wconf 82' lang='lat'>.</span> 
     </span>
     <span class='ocr_line' id='line_1_33' title="bbox 686 4606 2051 4707; baseline -0.006 -23"><span class='ocrx_word' id='word_1_264' title='bbox 686 4613 796 4707; x_wconf 88' lang='lat' dir='ltr'><strong>posita</strong></span> <span class='ocrx_word' id='word_1_265' title='bbox 823 4621 884 4682; x_wconf 86' lang='lat' dir='ltr'><strong>est</strong></span> <span class='ocrx_word' id='word_1_266' title='bbox 937 4610 1124 4704; x_wconf 89' lang='lat' dir='ltr'><strong>Praecipue</strong></span> <span class='ocrx_word' id='word_1_267' title='bbox 1151 4619 1263 4681; x_wconf 89' lang='lat' dir='ltr'><strong>autem</strong></span> <span class='ocrx_word' id='word_1_268' title='bbox 1289 4613 1483 4681; x_wconf 90' lang='lat' dir='ltr'><strong>memoriam</strong></span> <span class='ocrx_word' id='word_1_269' title='bbox 1509 4612 1640 4700; x_wconf 67' lang='lat' dir='ltr'><strong>agium</strong></span> <span class='ocrx_word' id='word_1_270' title='bbox 1666 4611 1770 4703; x_wconf 87' lang='lat' dir='ltr'><strong>patris</strong></span> <span class='ocrx_word' id='word_1_271' title='bbox 1797 4614 1905 4681; x_wconf 90' lang='lat' dir='ltr'><strong>nostri</strong></span> <span class='ocrx_word' id='word_1_272' title='bbox 1931 4606 2051 4689; x_wconf 79' lang='lat' dir='ltr'><strong>Adaui,</strong></span> 
     </span>
     <span class='ocr_line' id='line_1_34' title="bbox 687 4723 2050 4820; baseline -0.002 -22"><span class='ocrx_word' id='word_1_273' title='bbox 687 4738 723 4799; x_wconf 92' lang='lat' dir='ltr'><strong>et</strong></span> <span class='ocrx_word' id='word_1_274' title='bbox 746 4729 861 4799; x_wconf 86' lang='lat' dir='ltr'><strong>matris</strong></span> <span class='ocrx_word' id='word_1_275' title='bbox 887 4736 1024 4799; x_wconf 87' lang='lat' dir='ltr'><strong>nostrae</strong></span> <span class='ocrx_word' id='word_1_276' title='bbox 1050 4723 1163 4796; x_wconf 84' lang='lat' dir='ltr'><strong>Evae:</strong></span> <span class='ocrx_word' id='word_1_277' title='bbox 1191 4736 1329 4798; x_wconf 90' lang='lat' dir='ltr'><strong>sauctae</strong></span> <span class='ocrx_word' id='word_1_278' title='bbox 1356 4728 1526 4817; x_wconf 85' lang='lat' dir='ltr'><strong>genitricis</strong></span> <span class='ocrx_word' id='word_1_279' title='bbox 1551 4724 1616 4796; x_wconf 90' lang='lat' dir='ltr'><strong>Dei</strong></span> <span class='ocrx_word' id='word_1_280' title='bbox 1642 4725 1786 4798; x_wconf 87' lang='lat' dir='ltr'><strong>Mariae:</strong></span> <span class='ocrx_word' id='word_1_281' title='bbox 1812 4724 2050 4820; x_wconf 73' lang='lat' dir='ltr'><strong>Propueuruu</strong></span> 
     </span>
     <span class='ocr_line' id='line_1_35' title="bbox 687 4838 2051 4939; baseline -0.006 -23"><span class='ocrx_word' id='word_1_282' title='bbox 687 4842 949 4939; x_wconf 75' lang='lat' dir='ltr'><strong>Apostolorum,</strong></span> <span class='ocrx_word' id='word_1_283' title='bbox 975 4840 1270 4932; x_wconf 89' lang='lat' dir='ltr'><strong>Praedicatorum,</strong></span> <span class='ocrx_word' id='word_1_284' title='bbox 1295 4839 1608 4934; x_wconf 85' lang='lat' dir='ltr'><strong>Evangelistarum,</strong></span> <span class='ocrx_word' id='word_1_285' title='bbox 1636 4840 1842 4938; x_wconf 73' lang='lat' dir='ltr'><strong>Martyrum,</strong></span> <span class='ocrx_word' id='word_1_286' title='bbox 1870 4838 2051 4913; x_wconf 77' lang='lat' dir='ltr'><strong>Gouiesso·</strong></span> 
     </span>
     <span class='ocr_line' id='line_1_36' title="bbox 686 4956 2049 5049; baseline -0.005 -18"><span class='ocrx_word' id='word_1_287' title='bbox 686 4980 771 5047; x_wconf 84' lang='lat' dir='ltr'><strong>rum,</strong></span> <span class='ocrx_word' id='word_1_288' title='bbox 797 4958 980 5049; x_wconf 78' lang='lat' dir='ltr'><strong>iustorum,</strong></span> <span class='ocrx_word' id='word_1_289' title='bbox 1006 4957 1228 5031; x_wconf 85' lang='lat' dir='ltr'><strong>Sacerdotum</strong></span> <span class='ocrx_word' id='word_1_290' title='bbox 1255 4967 1290 5029; x_wconf 92' lang='lat' dir='ltr'><strong>et</strong></span> <span class='ocrx_word' id='word_1_291' title='bbox 1315 4957 1450 5030; x_wconf 85' lang='lat' dir='ltr'><strong>Petrum</strong></span> <span class='ocrx_word' id='word_1_292' title='bbox 1470 4968 1680 5032; x_wconf 89' lang='lat' dir='ltr'><strong>sanctornm:</strong></span> <span class='ocrx_word' id='word_1_293' title='bbox 1695 4956 1872 5030; x_wconf 88' lang='lat' dir='ltr'><strong>Pastorum</strong></span> <span class='ocrx_word' id='word_1_294' title='bbox 1892 4971 2049 5036; x_wconf 80' lang='lat' dir='ltr'><strong>verorum,</strong></span> 
     </span>
     <span class='ocr_line' id='line_1_37' title="bbox 687 5073 2049 5150; baseline -0.005 -3"><span class='ocrx_word' id='word_1_295' title='bbox 687 5075 872 5148; x_wconf 89' lang='lat' dir='ltr'><strong>Doctomm</strong></span> <span class='ocrx_word' id='word_1_296' title='bbox 900 5074 1190 5149; x_wconf 85' lang='lat' dir='ltr'><strong>Orthodoxorum:</strong></span> <span class='ocrx_word' id='word_1_297' title='bbox 1216 5074 1449 5150; x_wconf 77' lang='lat' dir='ltr'><strong>solitariorum</strong></span> <span class='ocrx_word' id='word_1_298' title='bbox 1475 5084 1510 5148; x_wconf 88' lang='lat' dir='ltr'><strong>et</strong></span> <span class='ocrx_word' id='word_1_299' title='bbox 1535 5074 1790 5148; x_wconf 83' lang='lat' dir='ltr'><strong>Monachorum:</strong></span> <span class='ocrx_word' id='word_1_300' title='bbox 1822 5095 1938 5147; x_wconf 82' lang='lat' dir='ltr'><strong>eorurm</strong></span> <span class='ocrx_word' id='word_1_301' title='bbox 1964 5073 2049 5142; x_wconf 81' lang='lat' dir='ltr'><strong>etium</strong></span> 
     </span>
    </p>
   </div>
   <div class='ocr_carea' id='block_1_8' title="bbox 0 0 2268 6034">
    <p class='ocr_par' dir='ltr' id='par_1_12' title="bbox 0 0 2268 6034">
     <span class='ocr_line' id='line_1_38' title="bbox 0 0 2268 6034; baseline 0 0"><span class='ocrx_word' id='word_1_302' title='bbox 0 0 2268 6034; x_wconf 95' lang='lat' dir='ltr'><strong> </strong></span> 
     </span>
    </p>
   </div>
  </div>
 </body>
</html>
