4525 6034
653 575 683 652 S.
720 573 977 652 GlllllllllTlS
1011 573 1201 651 tntilli.
1550 576 1623 651 tot

249 758 386 834 liaribm
414 764 483 834 suis
509 755 654 849 urunt,
681 765 716 833 in
742 784 807 855 qna
835 761 1034 852 consignata
1061 771 1137 832 sunt
1162 772 1341 856 praecepta
1363 771 1397 834 et
1422 782 1540 834 norma
1566 762 1625 834 tli-

247 877 412 969 rigentlae
437 878 530 947 vitae
546 874 703 966 nostra'e3
730 884 857 948 etcum
883 874 1011 961 fiducia,
1040 876 1146 975 qualis
1162 875 1301 949 dilectos
1318 874 1404 950 filios
1432 877 1539 964 decet,
1567 879 1625 947 in-

248 1011 413 1065 vocemus
440 1001 473 1062 te
489 990 597 1062 Deum
611 992 746 1064 Patrem
773 990 968 1081 coelestem,
996 1013 1131 1064 oremus
1145 1000 1180 1062 et
1200 991 1362 1064 dicamus:
1389 993 1490 1066 Pater
1508 981 1624 1067 noster

250 1110 306 1202 goi
332 1129 371 1178 es
396 1109 431 1178 in
457 1105 572 1177 coelis.
828 1183 836 1200 ,

354 1222 517 1316 Populus.
569 1220 799 1294 Sancnficetur
826 1220 928 1293 etc'

355 1336 531 1408 Sacerdos
558 1337 695 1408 monae
720 1359 846 1409 vocem.
898 1337 1000 1409 Pater
1026 1341 1168 1430 gratme,
1197 1362 1218 1410 a
1245 1360 1309 1434 quo
1324 1339 1478 1435 procedit
1499 1347 1533 1410 et
1548 1340 1625 1410 ori-

248 1462 304 1525 tnr
336 1456 496 1525 sanctitas
532 1456 675 1540 sanctis,
715 1453 872 1525 adveniat
906 1475 1048 1545 regnum
1082 1464 1190 1544 tuum,
1226 1453 1314 1550 quod
1347 1464 1483 1550 superat
1515 1457 1626 1526 omnia

248 1590 376 1660 regna,
411 1569 453 1641 ad
487 1567 707 1641 salvationem
741 1581 905 1642 nostram:
940 1580 973 1641 et
1005 1591 1049 1641 na
1082 1570 1309 1643 inducasnos
1337 1574 1624 1658 intentationem,

251 1688 367 1756 autin
394 1684 647 1771 confusionem,
674 1686 937 1758 exallictione:
964 1685 1025 1757 sed
1058 1685 1166 1758 libera
1199 1707 1263 1757 nos
1295 1709 1315 1757 a
1351 1684 1511 1758 violentia
1546 1685 1625 1757 ‹lia-

249 1797 337 1888 ltoli,
365 1812 399 1872 et
426 1803 597 1897 spirituum
623 1800 862 1894 malignorum,
890 1813 924 1874 et
951 1825 971 1873 a
997 1805 1144 1898 potentia
1178 1801 1385 1896 deceptoris:
1425 1804 1500 1895 quia
1536 1812 1625 1873 tarum

250 1921 303 1985 est
329 1918 501 2010 imperium
527 1916 637 2007 gloria
665 1927 699 1989 et
724 1927 893 2014 potestas,
920 1928 954 1989 et
980 1920 1140 2010 unigeniti
1166 1915 1242 1989 Filii
1269 1920 1326 2005 tui,
1355 1925 1389 1987 et
1408 1916 1551 2011 Spiritus
1578 1919 1625 1987 tui

250 2033 368 2100 sancti.

354 2145 516 2237 Populea.
568 2148 688 2219 Amen.

354 2260 539 2332 Sacerdos.
576 2263 677 2334 Pax.

354 2377 515 2469 Populea.
567 2376 711 2450 Etcum
739 2381 854 2474 spiritu
881 2390 947 2451 aro.

354 2492 543 2564 Diaconos.
596 2496 704 2582 Ante,
733 2505 796 2567 etc.

352 2607 515 2701 Papulae.
569 2608 695 2682 Coram
720 2620 754 2682 te
780 2597 933 2683 Domine.

353 2722 539 2795 Socerdoa
590 2725 668 2798 Tibi
699 2726 762 2798 soli
789 2726 986 2799 inclinantur
1012 2728 1098 2800 colla
1132 2731 1277 2800 omnium
1304 2731 1338 2800 io
1370 2729 1487 2825 quibus
1515 2734 1625 2806 anima

248 2844 341 2912 vitae
368 2850 437 2928 est,
474 2849 508 2911 ct
533 2863 553 2911 a
581 2851 614 2912 te
647 2841 815 2937 postulant
846 2846 1076 2916 remissionem
1110 2847 1255 2916 omnium
1288 2848 1625 2940 praevaricationum,

250 2978 337 3051 qnae
362 2979 424 3051 per
449 2957 688 3049 negligentiam
716 2961 917 3031 commissae
950 2971 1034 3032 sunt
1087 2960 1142 3033 'lu
1180 2968 1290 3033 autern
1325 2983 1386 3057 per
1418 2969 1627 3035 constantem

249 3072 511 3145 misericordiam
538 3083 627 3145 trram
654 3072 790 3145 deleat
817 3073 912 3145 aufer
938 3098 1054 3148 omnes
1081 3077 1270 3170 iniquitates
1296 3086 1440 3156 nostras,
1468 3087 1503 3149 et
1522 3100 1626 3173 parce

248 3185 347 3260 nohis
373 3211 435 3284 per
462 3210 610 3261 amorem
637 3199 727 3260 tuum
753 3211 837 3282 erga
863 3190 1023 3264 homines.
1066 3190 1187 3274 Etiam
1213 3201 1350 3286 praesta
1366 3191 1474 3280 nobis,
1502 3203 1537 3264 ut
1550 3214 1626 3264 cunr

248 3306 381 3376 animae
407 3314 505 3377 canta
530 3308 803 3401 praeparatione,
827 3317 865 3403 et
890 3307 999 3379 cordis
1027 3306 1201 3394 munditie,
1229 3309 1352 3379 sanctis
1379 3308 1442 3377 tuis
1469 3329 1625 3381 commn-

248 3423 417 3509 nicemus,
444 3431 479 3492 et
504 3425 570 3493 sint
595 3420 692 3494 nobis
719 3425 752 3493 io
778 3425 900 3516 pignus
927 3423 1106 3519 voluptatis
1134 3425 1167 3493 in
1184 3431 1355 3494 aeternum
1372 3443 1624 3518 permansurae,

248 3557 311 3631 per
337 3540 479 3627 gratiam
507 3549 541 3609 et
566 3537 828 3609 misericordiam
856 3548 890 3610 et
915 3560 1064 3611 amorem
1090 3560 1176 3629 erga
1201 3535 1351 3610 homines
1378 3541 1537 3632 unigeniti
1551 3539 1627 3611 Filii

248 3655 316 3741 tui,
343 3674 546 3747 perquem,
575 3662 638 3724 etc.

207 3841 213 3852 ,
352 3768 513 3860 Populos.
565 3769 685 3842 Amen.

357 3882 541 3955 Sacerdos.
595 3885 679 3955 Pax.

354 3998 514 4091 Populus.
563 3997 707 4071 Etcum
735 4003 850 4096 spiritu
878 4011 945 4072 tuo.

355 4113 539 4185 Sacerdos.
593 4115 653 4187 Sit.

355 4229 544 4301 Diaconos.
599 4230 683 4303 Cum
711 4233 846 4317 timore,
874 4243 936 4302 etc.

355 4342 539 4418 Sacerdos.
594 4346 718 4418 Sancta
747 4349 880 4419 sanctis.

355 4460 518 4553 Populus.
572 4459 665 4535 Unus
691 4463 794 4534 Pater
819 4471 963 4535 sanctus.

356 4576 546 4648 Diaconos.
600 4578 735 4650 Stemus
762 4578 928 4651 decenter.

356 4692 519 4785 Populus.
575 4695 707 4766 Gratias
734 4698 872 4786 agimus.

355 4806 542 4881 Sacerdos.
595 4809 693 4882 Nunc
719 4810 863 4880 Domine
890 4808 1023 4904 quando
1050 4807 1183 4902 quidem
1215 4809 1373 4879 invitatos
1414 4805 1455 4877 ad
1486 4827 1628 4898 regnum

252 4934 340 4996 tuum
368 4923 478 4996 iecisti
509 4945 592 5015 nos,
625 4948 687 5021 per
721 4927 967 5021 susceptionem
994 4924 1288 4996 Sacramentcrum
1321 4933 1451 4994 tuorum
1486 4930 1628 4996 sancto-

250 5061 322 5111 rum
351 5050 385 5111 et
410 5041 670 5134 vivificantium,
697 5040 816 5136 quibus
849 5039 969 5132 dignos
1002 5042 1197 5136 praestitisti
1222 5059 1303 5126 nos,
1343 5040 1388 5109 ita
1428 5047 1464 5110 ut
1497 5046 1626 5132 partem

1336 5155 1387 5230 28
1403 5154 1421 5191 ¹*
