<?xml version="1.0" encoding="UTF-8"?>
<!DOCTYPE html PUBLIC "-//W3C//DTD XHTML 1.0 Transitional//EN"
    "http://www.w3.org/TR/xhtml1/DTD/xhtml1-transitional.dtd">
<html xmlns="http://www.w3.org/1999/xhtml" xml:lang="en" lang="en">
 <head>
  <title>
</title>
<meta http-equiv="Content-Type" content="text/html;charset=utf-8" />
  <meta name='ocr-system' content='tesseract 3.04.00' />
  <meta name='ocr-capabilities' content='ocr_page ocr_carea ocr_par ocr_line ocrx_word'/>
</head>
<body>
  <div class='ocr_page' id='page_1' title='image "./liturgiarumorie00unkngoog/liturgiarumorie00unkngoog_1043.png"; bbox 0 0 4525 6034; ppageno 0'>
   <div class='ocr_carea' id='block_1_1' title="bbox 564 583 1603 676">
    <p class='ocr_par' dir='ltr' id='par_1_1' title="bbox 564 583 1603 676">
     <span class='ocr_line' id='line_1_1' title="bbox 564 583 1603 676; baseline 0 -15"><span class='ocrx_word' id='word_1_1' title='bbox 564 583 1265 676; x_wconf 74' lang='lat' dir='ltr'>JAOOBIBARADATI.</span> <span class='ocrx_word' id='word_1_2' title='bbox 1527 586 1603 661; x_wconf 78' lang='lat'>333</span> 
     </span>
    </p>
   </div>
   <div class='ocr_carea' id='block_1_2' title="bbox 132 768 1629 2482">
    <p class='ocr_par' dir='ltr' id='par_1_2' title="bbox 132 768 1604 1213">
     <span class='ocr_line' id='line_1_2' title="bbox 132 768 1604 865; baseline 0 -20"><span class='ocrx_word' id='word_1_3' title='bbox 132 854 135 865; x_wconf 13' lang='grc' dir='ltr'>η</span> <span class='ocrx_word' id='word_1_4' title='bbox 228 769 353 845; x_wconf 83' lang='lat' dir='ltr'>esculis</span> <span class='ocrx_word' id='word_1_5' title='bbox 379 772 518 860; x_wconf 85' lang='lat' dir='ltr'>sanctis,</span> <span class='ocrx_word' id='word_1_6' title='bbox 544 792 632 865; x_wconf 83' lang='lat' dir='ltr'>quae</span> <span class='ocrx_word' id='word_1_7' title='bbox 658 778 692 842; x_wconf 87' lang='lat' dir='ltr'>te</span> <span class='ocrx_word' id='word_1_8' title='bbox 719 769 861 843; x_wconf 78' lang='lat' dir='ltr'>dacemt</span> <span class='ocrx_word' id='word_1_9' title='bbox 886 779 921 842; x_wconf 85' lang='lat' dir='ltr'>et</span> <span class='ocrx_word' id='word_1_10' title='bbox 945 772 1151 862; x_wconf 83' lang='lat' dir='ltr'>unigenitum</span> <span class='ocrx_word' id='word_1_11' title='bbox 1176 768 1295 843; x_wconf 86' lang='lat' dir='ltr'>Filium</span> <span class='ocrx_word' id='word_1_12' title='bbox 1322 778 1412 844; x_wconf 87' lang='lat' dir='ltr'>tuum</span> <span class='ocrx_word' id='word_1_13' title='bbox 1425 769 1604 846; x_wconf 87' lang='lat' dir='ltr'>Dominum</span> 
     </span>
     <span class='ocr_line' id='line_1_3' title="bbox 226 882 1604 983; baseline 0.001 -25"><span class='ocrx_word' id='word_1_14' title='bbox 226 884 337 958; x_wconf 90' lang='lat' dir='ltr'>Deum</span> <span class='ocrx_word' id='word_1_15' title='bbox 363 896 397 957; x_wconf 88' lang='lat' dir='ltr'>et</span> <span class='ocrx_word' id='word_1_16' title='bbox 423 884 637 958; x_wconf 85' lang='lat' dir='ltr'>Salvatarem</span> <span class='ocrx_word' id='word_1_17' title='bbox 660 896 810 957; x_wconf 87' lang='lat' dir='ltr'>uestrum</span> <span class='ocrx_word' id='word_1_18' title='bbox 829 886 943 959; x_wconf 83' lang='lat' dir='ltr'>Jesum</span> <span class='ocrx_word' id='word_1_19' title='bbox 964 882 1151 976; x_wconf 82' lang='lat' dir='ltr'>Christum3</span> <span class='ocrx_word' id='word_1_20' title='bbox 1177 895 1212 959; x_wconf 90' lang='lat' dir='ltr'>ct</span> <span class='ocrx_word' id='word_1_21' title='bbox 1236 906 1299 981; x_wconf 87' lang='lat' dir='ltr'>per</span> <span class='ocrx_word' id='word_1_22' title='bbox 1324 908 1413 975; x_wconf 85' lang='lat' dir='ltr'>eum,</span> <span class='ocrx_word' id='word_1_23' title='bbox 1440 885 1604 983; x_wconf 87' lang='lat' dir='ltr'>simulque</span> 
     </span>
     <span class='ocr_line' id='line_1_4' title="bbox 228 999 1604 1098; baseline 0.001 -25"><span class='ocrx_word' id='word_1_24' title='bbox 228 1024 303 1073; x_wconf 91' lang='lat' dir='ltr'>cum</span> <span class='ocrx_word' id='word_1_25' title='bbox 330 1022 394 1091; x_wconf 79' lang='lat' dir='ltr'>eo,</span> <span class='ocrx_word' id='word_1_26' title='bbox 421 1011 455 1072; x_wconf 89' lang='lat' dir='ltr'>te</span> <span class='ocrx_word' id='word_1_27' title='bbox 482 1000 579 1073; x_wconf 86' lang='lat' dir='ltr'>decet</span> <span class='ocrx_word' id='word_1_28' title='bbox 617 999 728 1094; x_wconf 83' lang='lat' dir='ltr'>gioria</span> <span class='ocrx_word' id='word_1_29' title='bbox 765 1012 799 1073; x_wconf 86' lang='lat' dir='ltr'>et</span> <span class='ocrx_word' id='word_1_30' title='bbox 830 1000 938 1074; x_wconf 88' lang='lat' dir='ltr'>honen</span> <span class='ocrx_word' id='word_1_31' title='bbox 964 1023 1040 1073; x_wconf 90' lang='lat' dir='ltr'>cum</span> <span class='ocrx_word' id='word_1_32' title='bbox 1065 1001 1190 1098; x_wconf 84' lang='lat' dir='ltr'>Spiritu</span> <span class='ocrx_word' id='word_1_33' title='bbox 1222 1011 1279 1074; x_wconf 86' lang='lat' dir='ltr'>tuo</span> <span class='ocrx_word' id='word_1_34' title='bbox 1311 1011 1427 1076; x_wconf 90' lang='lat' dir='ltr'>sancto</span> <span class='ocrx_word' id='word_1_35' title='bbox 1453 1024 1542 1074; x_wconf 92' lang='lat' dir='ltr'>nunc</span> <span class='ocrx_word' id='word_1_36' title='bbox 1569 1013 1604 1075; x_wconf 92' lang='lat' dir='ltr'>et</span> 
     </span>
     <span class='ocr_line' id='line_1_5' title="bbox 228 1126 475 1213; baseline -0.004 -24"><span class='ocrx_word' id='word_1_37' title='bbox 228 1137 383 1213; x_wconf 80' lang='lat' dir='ltr'><strong>semper,</strong></span> <span class='ocrx_word' id='word_1_38' title='bbox 410 1126 475 1188; x_wconf 88' lang='lat' dir='ltr'>etc.</span> 
     </span>
    </p>

    <p class='ocr_par' dir='ltr' id='par_1_3' title="bbox 332 1232 668 1326">
     <span class='ocr_line' id='line_1_6' title="bbox 332 1232 668 1326; baseline -0.006 -23"><span class='ocrx_word' id='word_1_39' title='bbox 332 1232 495 1326; x_wconf 78' lang='lat' dir='ltr'>Populus.</span> <span class='ocrx_word' id='word_1_40' title='bbox 546 1233 668 1304; x_wconf 86' lang='lat' dir='ltr'>Amen.</span> 
     </span>
    </p>

    <p class='ocr_par' dir='ltr' id='par_1_4' title="bbox 330 1346 654 1420">
     <span class='ocr_line' id='line_1_7' title="bbox 330 1346 654 1420; baseline -0.009 -1"><span class='ocrx_word' id='word_1_41' title='bbox 330 1346 515 1420; x_wconf 73' lang='lat' dir='ltr'><strong><em>Sacerdos.</em></strong></span> <span class='ocrx_word' id='word_1_42' title='bbox 569 1348 654 1419; x_wconf 87' lang='lat' dir='ltr'>Pax.</span> 
     </span>
    </p>

    <p class='ocr_par' dir='ltr' id='par_1_5' title="bbox 333 1461 930 1556">
     <span class='ocr_line' id='line_1_8' title="bbox 333 1461 930 1556; baseline -0.005 -23"><span class='ocrx_word' id='word_1_43' title='bbox 333 1463 496 1556; x_wconf 81' lang='lat' dir='ltr'>Populea.</span> <span class='ocrx_word' id='word_1_44' title='bbox 547 1461 692 1535; x_wconf 86' lang='lat' dir='ltr'>Etcum</span> <span class='ocrx_word' id='word_1_45' title='bbox 720 1461 837 1556; x_wconf 89' lang='lat' dir='ltr'>spiritu</span> <span class='ocrx_word' id='word_1_46' title='bbox 861 1469 930 1532; x_wconf 90' lang='grc' dir='ltr'>ιιιο.</span> 
     </span>
    </p>

    <p class='ocr_par' dir='ltr' id='par_1_6' title="bbox 332 1577 857 1672">
     <span class='ocr_line' id='line_1_9' title="bbox 332 1577 857 1672; baseline -0.006 -24"><span class='ocrx_word' id='word_1_47' title='bbox 332 1577 522 1648; x_wconf 79' lang='lat' dir='ltr'>Diueeucs.</span> <span class='ocrx_word' id='word_1_48' title='bbox 575 1578 702 1650; x_wconf 86' lang='lat' dir='ltr'>Demus</span> <span class='ocrx_word' id='word_1_49' title='bbox 728 1596 857 1672; x_wconf 87' lang='lat' dir='ltr'>pacem.</span> 
     </span>
    </p>

    <p class='ocr_par' dir='ltr' id='par_1_7' title="bbox 228 1692 1629 2482">
     <span class='ocr_line' id='line_1_10' title="bbox 333 1692 745 1786; baseline 0 -23"><span class='ocrx_word' id='word_1_50' title='bbox 333 1693 495 1786; x_wconf 77' lang='lat' dir='ltr'>Populus.</span> <span class='ocrx_word' id='word_1_51' title='bbox 550 1692 675 1765; x_wconf 85' lang='lat' dir='ltr'>Coram</span> <span class='ocrx_word' id='word_1_52' title='bbox 701 1702 745 1764; x_wconf 89' lang='lat' dir='ltr'>te.</span> 
     </span>
     <span class='ocr_line' id='line_1_11' title="bbox 240 1798 1604 1905; baseline 0.002 -25"><span class='ocrx_word' id='word_1_53' title='bbox 240 1849 244 1855; x_wconf 89' lang='lat'><strong>·</strong></span> <span class='ocrx_word' id='word_1_54' title='bbox 332 1807 518 1880; x_wconf 75' lang='lat' dir='ltr'><strong><em>Sacerdos.</em></strong></span> <span class='ocrx_word' id='word_1_55' title='bbox 581 1806 726 1880; x_wconf 83' lang='lat' dir='ltr'>Etnune</span> <span class='ocrx_word' id='word_1_56' title='bbox 740 1798 889 1878; x_wconf 88' lang='lat' dir='ltr'>Domine</span> <span class='ocrx_word' id='word_1_57' title='bbox 908 1808 1102 1896; x_wconf 87' lang='lat' dir='ltr'>miserator,</span> <span class='ocrx_word' id='word_1_58' title='bbox 1125 1817 1302 1904; x_wconf 79' lang='lat' dir='ltr'>postquam</span> <span class='ocrx_word' id='word_1_59' title='bbox 1315 1829 1402 1905; x_wconf 87' lang='lat' dir='ltr'>pace</span> <span class='ocrx_word' id='word_1_60' title='bbox 1417 1818 1473 1881; x_wconf 90' lang='lat' dir='ltr'>tua</span> <span class='ocrx_word' id='word_1_61' title='bbox 1490 1808 1604 1883; x_wconf 90' lang='lat' dir='ltr'>divina</span> 
     </span>
     <span class='ocr_line' id='line_1_12' title="bbox 229 1920 1605 2019; baseline 0.001 -24"><span class='ocrx_word' id='word_1_62' title='bbox 229 1922 400 2015; x_wconf 83' lang='lat' dir='ltr'>delectati,</span> <span class='ocrx_word' id='word_1_63' title='bbox 436 1933 470 1995; x_wconf 94' lang='lat' dir='ltr'>et</span> <span class='ocrx_word' id='word_1_64' title='bbox 505 1926 645 1995; x_wconf 84' lang='lat' dir='ltr'>caritate</span> <span class='ocrx_word' id='word_1_65' title='bbox 670 1934 727 1996; x_wconf 87' lang='lat' dir='ltr'>tua</span> <span class='ocrx_word' id='word_1_66' title='bbox 753 1944 838 2019; x_wconf 89' lang='lat' dir='ltr'>pura</span> <span class='ocrx_word' id='word_1_67' title='bbox 869 1920 964 1996; x_wconf 90' lang='lat' dir='ltr'>simul</span> <span class='ocrx_word' id='word_1_68' title='bbox 999 1925 1167 2016; x_wconf 89' lang='lat' dir='ltr'>conjuncti</span> <span class='ocrx_word' id='word_1_69' title='bbox 1200 1945 1330 2013; x_wconf 87' lang='lat' dir='ltr'>sumus,</span> <span class='ocrx_word' id='word_1_70' title='bbox 1365 1923 1454 1996; x_wconf 85' lang='lat' dir='ltr'>colia</span> <span class='ocrx_word' id='word_1_71' title='bbox 1481 1923 1605 1997; x_wconf 90' lang='lat' dir='ltr'>demit-</span> 
     </span>
     <span class='ocr_line' id='line_1_13' title="bbox 228 2037 1629 2136; baseline 0.001 -24"><span class='ocrx_word' id='word_1_72' title='bbox 228 2048 351 2129; x_wconf 78' lang='lat' dir='ltr'>tentes,</span> <span class='ocrx_word' id='word_1_73' title='bbox 377 2048 412 2112; x_wconf 87' lang='lat' dir='ltr'>et</span> <span class='ocrx_word' id='word_1_74' title='bbox 437 2038 603 2131; x_wconf 82' lang='lat' dir='ltr'>inclinati,</span> <span class='ocrx_word' id='word_1_75' title='bbox 631 2040 849 2136; x_wconf 79' lang='lat' dir='ltr'>deprecamur</span> <span class='ocrx_word' id='word_1_76' title='bbox 880 2037 1112 2111; x_wconf 85' lang='lat' dir='ltr'>abundantiam</span> <span class='ocrx_word' id='word_1_77' title='bbox 1138 2039 1295 2113; x_wconf 86' lang='lat' dir='ltr'>bonitatis</span> <span class='ocrx_word' id='word_1_78' title='bbox 1322 2050 1411 2128; x_wconf 87' lang='lat' dir='ltr'>tuae,</span> <span class='ocrx_word' id='word_1_79' title='bbox 1437 2049 1474 2113; x_wconf 92' lang='grc' dir='ltr'>ιιι</span> <span class='ocrx_word' id='word_1_80' title='bbox 1492 2040 1629 2113; x_wconf 82' lang='lat' dir='ltr'>effun-&#39;</span> 
     </span>
     <span class='ocr_line' id='line_1_14' title="bbox 229 2154 1605 2251; baseline 0.001 -25"><span class='ocrx_word' id='word_1_81' title='bbox 229 2154 291 2228; x_wconf 91' lang='lat' dir='ltr'>das</span> <span class='ocrx_word' id='word_1_82' title='bbox 317 2177 420 2251; x_wconf 87' lang='lat' dir='ltr'>super</span> <span class='ocrx_word' id='word_1_83' title='bbox 445 2177 508 2227; x_wconf 84' lang='lat' dir='ltr'>nes</span> <span class='ocrx_word' id='word_1_84' title='bbox 534 2158 646 2227; x_wconf 88' lang='lat' dir='ltr'>omnia</span> <span class='ocrx_word' id='word_1_85' title='bbox 672 2155 761 2227; x_wconf 87' lang='lat' dir='ltr'>hona</span> <span class='ocrx_word' id='word_1_86' title='bbox 789 2165 846 2227; x_wconf 89' lang='lat' dir='ltr'>tua</span> <span class='ocrx_word' id='word_1_87' title='bbox 877 2164 912 2227; x_wconf 88' lang='lat' dir='ltr'>et</span> <span class='ocrx_word' id='word_1_88' title='bbox 942 2154 1192 2230; x_wconf 83' lang='lat' dir='ltr'>benedictiones</span> <span class='ocrx_word' id='word_1_89' title='bbox 1220 2167 1296 2229; x_wconf 88' lang='lat' dir='ltr'>tuas</span> <span class='ocrx_word' id='word_1_90' title='bbox 1327 2155 1514 2249; x_wconf 87' lang='lat' dir='ltr'>caelestes,</span> <span class='ocrx_word' id='word_1_91' title='bbox 1541 2178 1605 2251; x_wconf 87' lang='lat' dir='ltr'>pen</span> 
     </span>
     <span class='ocr_line' id='line_1_15' title="bbox 229 2267 1603 2368; baseline 0.002 -26"><span class='ocrx_word' id='word_1_92' title='bbox 229 2270 383 2343; x_wconf 87' lang='lat' dir='ltr'>cumdem</span> <span class='ocrx_word' id='word_1_93' title='bbox 403 2267 570 2343; x_wconf 83' lang='lat' dir='ltr'>Christum</span> <span class='ocrx_word' id='word_1_94' title='bbox 596 2272 799 2362; x_wconf 87' lang='lat' dir='ltr'>unigenitum</span> <span class='ocrx_word' id='word_1_95' title='bbox 825 2269 945 2343; x_wconf 74' lang='lat' dir='ltr'>Filium</span> <span class='ocrx_word' id='word_1_96' title='bbox 975 2279 1082 2343; x_wconf 86' lang='lat' dir='ltr'>tuum:</span> <span class='ocrx_word' id='word_1_97' title='bbox 1110 2295 1185 2344; x_wconf 89' lang='lat' dir='ltr'>cum</span> <span class='ocrx_word' id='word_1_98' title='bbox 1213 2294 1279 2368; x_wconf 87' lang='lat' dir='ltr'>que</span> <span class='ocrx_word' id='word_1_99' title='bbox 1307 2282 1341 2343; x_wconf 90' lang='lat' dir='ltr'>te</span> <span class='ocrx_word' id='word_1_100' title='bbox 1369 2271 1468 2345; x_wconf 88' lang='lat' dir='ltr'>decet</span> <span class='ocrx_word' id='word_1_101' title='bbox 1493 2271 1603 2365; x_wconf 80' lang='lat' dir='ltr'>gloria</span> 
     </span>
     <span class='ocr_line' id='line_1_16' title="bbox 230 2386 1106 2482; baseline 0 -23"><span class='ocrx_word' id='word_1_102' title='bbox 230 2395 265 2459; x_wconf 89' lang='lat' dir='ltr'>at</span> <span class='ocrx_word' id='word_1_103' title='bbox 289 2386 409 2477; x_wconf 85' lang='lat' dir='ltr'>honen,</span> <span class='ocrx_word' id='word_1_104' title='bbox 435 2411 511 2461; x_wconf 91' lang='lat' dir='ltr'>cum</span> <span class='ocrx_word' id='word_1_105' title='bbox 536 2386 662 2482; x_wconf 77' lang='lat' dir='ltr'>Spiritu</span> <span class='ocrx_word' id='word_1_106' title='bbox 688 2396 747 2460; x_wconf 86' lang='lat' dir='ltr'>tue</span> <span class='ocrx_word' id='word_1_107' title='bbox 772 2395 890 2461; x_wconf 88' lang='lat' dir='ltr'>sancto</span> <span class='ocrx_word' id='word_1_108' title='bbox 917 2408 1016 2475; x_wconf 90' lang='lat' dir='ltr'>nunc,</span> <span class='ocrx_word' id='word_1_109' title='bbox 1044 2397 1106 2459; x_wconf 87' lang='lat' dir='ltr'>etc.</span> 
     </span>
    </p>
   </div>
   <div class='ocr_carea' id='block_1_3' title="bbox 745 2726 1098 2802">
    <p class='ocr_par' dir='ltr' id='par_1_8' title="bbox 745 2726 1098 2802">
     <span class='ocr_line' id='line_1_17' title="bbox 745 2726 1098 2802; baseline 0.008 -3"><span class='ocrx_word' id='word_1_110' title='bbox 745 2728 867 2800; x_wconf 80' lang='lat' dir='ltr'>Oratio</span> <span class='ocrx_word' id='word_1_111' title='bbox 895 2729 942 2800; x_wconf 86' lang='lat' dir='ltr'>ad</span> <span class='ocrx_word' id='word_1_112' title='bbox 973 2726 1098 2802; x_wconf 77' lang='lat' dir='ltr'>Vatum.</span> 
     </span>
    </p>
   </div>
   <div class='ocr_carea' id='block_1_4' title="bbox 232 2947 1626 3161">
    <p class='ocr_par' dir='ltr' id='par_1_9' title="bbox 232 2947 1626 3161">
     <span class='ocr_line' id='line_1_18' title="bbox 334 2947 1605 3042; baseline 0.002 -21"><span class='ocrx_word' id='word_1_113' title='bbox 334 2949 386 3022; x_wconf 86' lang='lat' dir='ltr'>Te</span> <span class='ocrx_word' id='word_1_114' title='bbox 412 2947 618 3023; x_wconf 87' lang='lat' dir='ltr'>obtestamur</span> <span class='ocrx_word' id='word_1_115' title='bbox 632 2951 777 3025; x_wconf 86' lang='lat' dir='ltr'>Domine</span> <span class='ocrx_word' id='word_1_116' title='bbox 803 2950 1055 3042; x_wconf 78' lang='lat' dir='ltr'>dominantium3</span> <span class='ocrx_word' id='word_1_117' title='bbox 1080 2950 1235 3024; x_wconf 87' lang='lat' dir='ltr'>fiduciam</span> <span class='ocrx_word' id='word_1_118' title='bbox 1260 2948 1422 3026; x_wconf 79' lang='lat' dir='ltr'>hahentes</span> <span class='ocrx_word' id='word_1_119' title='bbox 1447 2954 1482 3023; x_wconf 92' lang='lat' dir='ltr'>in</span> <span class='ocrx_word' id='word_1_120' title='bbox 1508 2956 1605 3024; x_wconf 89' lang='lat' dir='ltr'>cari-</span> 
     </span>
     <span class='ocr_line' id='line_1_19' title="bbox 232 3065 1626 3161; baseline 0.004 -25"><span class='ocrx_word' id='word_1_121' title='bbox 232 3075 300 3136; x_wconf 87' lang='lat' dir='ltr'>tate</span> <span class='ocrx_word' id='word_1_122' title='bbox 326 3065 586 3139; x_wconf 86' lang='lat' dir='ltr'>mausuetudinis</span> <span class='ocrx_word' id='word_1_123' title='bbox 612 3074 706 3155; x_wconf 87' lang='lat' dir='ltr'>tuae,</span> <span class='ocrx_word' id='word_1_124' title='bbox 734 3076 768 3138; x_wconf 91' lang='lat' dir='ltr'>et</span> <span class='ocrx_word' id='word_1_125' title='bbox 793 3088 971 3161; x_wconf 79' lang='lat' dir='ltr'>precamur</span> <span class='ocrx_word' id='word_1_126' title='bbox 996 3076 1047 3155; x_wconf 81' lang='lat' dir='ltr'>ta,</span> <span class='ocrx_word' id='word_1_127' title='bbox 1073 3075 1110 3138; x_wconf 90' lang='lat' dir='ltr'>ut</span> <span class='ocrx_word' id='word_1_128' title='bbox 1135 3069 1221 3141; x_wconf 85' lang='lat' dir='ltr'>sicut</span> <span class='ocrx_word' id='word_1_129' title='bbox 1246 3068 1401 3140; x_wconf 87' lang='lat' dir='ltr'>misertus</span> <span class='ocrx_word' id='word_1_130' title='bbox 1428 3089 1467 3142; x_wconf 86' lang='lat' dir='ltr'>es</span> <span class='ocrx_word' id='word_1_131' title='bbox 1494 3067 1626 3158; x_wconf 80' lang='lat' dir='ltr'>uobis,&#39;</span> 
     </span>
    </p>
   </div>
   <div class='ocr_carea' id='block_1_5' title="bbox 230 3180 1752 3279">
    <p class='ocr_par' dir='ltr' id='par_1_10' title="bbox 230 3180 1752 3279">
     <span class='ocr_line' id='line_1_20' title="bbox 230 3180 1752 3279; baseline 0.002 -29"><span class='ocrx_word' id='word_1_132' title='bbox 230 3203 293 3275; x_wconf 92' lang='lat' dir='ltr'>per</span> <span class='ocrx_word' id='word_1_133' title='bbox 317 3183 522 3274; x_wconf 86' lang='lat' dir='ltr'>unigenitum</span> <span class='ocrx_word' id='word_1_134' title='bbox 540 3181 661 3254; x_wconf 86' lang='lat' dir='ltr'>Filium</span> <span class='ocrx_word' id='word_1_135' title='bbox 686 3193 788 3270; x_wconf 82' lang='lat' dir='ltr'>tuum,</span> <span class='ocrx_word' id='word_1_136' title='bbox 815 3193 849 3254; x_wconf 89' lang='lat' dir='ltr'>et</span> <span class='ocrx_word' id='word_1_137' title='bbox 874 3204 936 3279; x_wconf 88' lang='lat' dir='ltr'>per</span> <span class='ocrx_word' id='word_1_138' title='bbox 962 3203 1037 3254; x_wconf 92' lang='lat' dir='ltr'>eum</span> <span class='ocrx_word' id='word_1_139' title='bbox 1065 3180 1304 3256; x_wconf 80' lang='lat' dir='ltr'>commendasti</span> <span class='ocrx_word' id='word_1_140' title='bbox 1326 3182 1425 3255; x_wconf 87' lang='lat' dir='ltr'>nobis</span> <span class='ocrx_word' id='word_1_141' title='bbox 1446 3185 1607 3279; x_wconf 80' lang='lat' dir='ltr'>mysteria</span> <span class='ocrx_word' id='word_1_142' title='bbox 1745 3245 1752 3253; x_wconf 94' lang='lat'>.</span> 
     </span>
    </p>
   </div>
   <div class='ocr_carea' id='block_1_6' title="bbox 230 3295 1628 3741">
    <p class='ocr_par' dir='ltr' id='par_1_11' title="bbox 230 3295 1628 3741">
     <span class='ocr_line' id='line_1_21' title="bbox 232 3295 1628 3393; baseline 0.001 -26"><span class='ocrx_word' id='word_1_143' title='bbox 232 3295 316 3367; x_wconf 87' lang='lat' dir='ltr'>haec</span> <span class='ocrx_word' id='word_1_144' title='bbox 343 3297 513 3371; x_wconf 87' lang='lat' dir='ltr'>adoranda</span> <span class='ocrx_word' id='word_1_145' title='bbox 540 3308 575 3369; x_wconf 87' lang='lat' dir='ltr'>ct</span> <span class='ocrx_word' id='word_1_146' title='bbox 600 3307 732 3387; x_wconf 84' lang='lat' dir='ltr'>saneta3</span> <span class='ocrx_word' id='word_1_147' title='bbox 764 3301 810 3370; x_wconf 92' lang='lat' dir='ltr'>ita</span> <span class='ocrx_word' id='word_1_148' title='bbox 836 3301 937 3369; x_wconf 86' lang='lat' dir='ltr'>etiam</span> <span class='ocrx_word' id='word_1_149' title='bbox 962 3319 1024 3393; x_wconf 91' lang='lat' dir='ltr'>per</span> <span class='ocrx_word' id='word_1_150' title='bbox 1050 3298 1203 3370; x_wconf 88' lang='lat' dir='ltr'>cumdem</span> <span class='ocrx_word' id='word_1_151' title='bbox 1238 3297 1387 3393; x_wconf 88' lang='lat' dir='ltr'>depellas</span> <span class='ocrx_word' id='word_1_152' title='bbox 1421 3308 1456 3370; x_wconf 89' lang='lat' dir='ltr'>et</span> <span class='ocrx_word' id='word_1_153' title='bbox 1489 3300 1628 3390; x_wconf 89' lang='lat' dir='ltr'>ejicias·</span> 
     </span>
     <span class='ocr_line' id='line_1_22' title="bbox 232 3410 1605 3510; baseline 0.002 -28"><span class='ocrx_word' id='word_1_154' title='bbox 232 3435 252 3482; x_wconf 94' lang='lat' dir='ltr'>a</span> <span class='ocrx_word' id='word_1_155' title='bbox 278 3410 377 3484; x_wconf 86' lang='lat' dir='ltr'>nobis</span> <span class='ocrx_word' id='word_1_156' title='bbox 404 3435 537 3485; x_wconf 88' lang='lat' dir='ltr'>omnem</span> <span class='ocrx_word' id='word_1_157' title='bbox 564 3411 770 3508; x_wconf 79' lang='lat' dir='ltr'>phantasiam</span> <span class='ocrx_word' id='word_1_158' title='bbox 795 3413 1013 3501; x_wconf 81' lang='lat' dir='ltr'>mundanam3</span> <span class='ocrx_word' id='word_1_159' title='bbox 1039 3413 1191 3485; x_wconf 85' lang='lat' dir='ltr'>cencede</span> <span class='ocrx_word' id='word_1_160' title='bbox 1206 3411 1305 3486; x_wconf 87' lang='lat' dir='ltr'>nobis</span> <span class='ocrx_word' id='word_1_161' title='bbox 1325 3414 1475 3510; x_wconf 88' lang='lat' dir='ltr'>spiritum</span> <span class='ocrx_word' id='word_1_162' title='bbox 1496 3418 1605 3487; x_wconf 87' lang='lat' dir='ltr'>casti-</span> 
     </span>
     <span class='ocr_line' id='line_1_23' title="bbox 231 3527 1605 3626; baseline 0.003 -29"><span class='ocrx_word' id='word_1_163' title='bbox 231 3530 312 3598; x_wconf 88' lang='lat' dir='ltr'>tatis</span> <span class='ocrx_word' id='word_1_164' title='bbox 339 3539 374 3599; x_wconf 86' lang='lat' dir='ltr'>et</span> <span class='ocrx_word' id='word_1_165' title='bbox 400 3532 597 3619; x_wconf 76' lang='lat' dir='ltr'>sanctitatis,</span> <span class='ocrx_word' id='word_1_166' title='bbox 623 3537 659 3600; x_wconf 85' lang='lat' dir='ltr'>ut</span> <span class='ocrx_word' id='word_1_167' title='bbox 684 3539 791 3617; x_wconf 78' lang='lat' dir='ltr'>caste,</span> <span class='ocrx_word' id='word_1_168' title='bbox 817 3540 852 3601; x_wconf 87' lang='lat' dir='ltr'>ct</span> <span class='ocrx_word' id='word_1_169' title='bbox 876 3527 1051 3623; x_wconf 88' lang='lat' dir='ltr'>praeclare</span> <span class='ocrx_word' id='word_1_170' title='bbox 1077 3538 1203 3602; x_wconf 62' lang='lat' dir='ltr'>sumus</span> <span class='ocrx_word' id='word_1_171' title='bbox 1229 3550 1343 3601; x_wconf 89' lang='lat' dir='ltr'>ceram</span> <span class='ocrx_word' id='word_1_172' title='bbox 1357 3539 1401 3618; x_wconf 88' lang='lat' dir='ltr'>te,</span> <span class='ocrx_word' id='word_1_173' title='bbox 1428 3541 1462 3603; x_wconf 88' lang='lat' dir='ltr'>at</span> <span class='ocrx_word' id='word_1_174' title='bbox 1476 3552 1605 3626; x_wconf 85' lang='lat' dir='ltr'>opere·</span> 
     </span>
     <span class='ocr_line' id='line_1_24' title="bbox 230 3643 1605 3741; baseline 0.004 -29"><span class='ocrx_word' id='word_1_175' title='bbox 230 3664 304 3713; x_wconf 92' lang='lat' dir='ltr'>mur</span> <span class='ocrx_word' id='word_1_176' title='bbox 330 3643 390 3716; x_wconf 82' lang='lat' dir='ltr'>tihi</span> <span class='ocrx_word' id='word_1_177' title='bbox 415 3647 631 3717; x_wconf 89' lang='lat' dir='ltr'>ministerium</span> <span class='ocrx_word' id='word_1_178' title='bbox 658 3643 723 3717; x_wconf 88' lang='lat' dir='ltr'>hoe</span> <span class='ocrx_word' id='word_1_179' title='bbox 747 3647 942 3741; x_wconf 79' lang='lat' dir='ltr'>mysticum,</span> <span class='ocrx_word' id='word_1_180' title='bbox 968 3643 1058 3739; x_wconf 88' lang='lat' dir='ltr'>qued</span> <span class='ocrx_word' id='word_1_181' title='bbox 1083 3644 1330 3719; x_wconf 86' lang='lat' dir='ltr'>commendavit</span> <span class='ocrx_word' id='word_1_182' title='bbox 1354 3645 1453 3719; x_wconf 85' lang='lat' dir='ltr'>nobis</span> <span class='ocrx_word' id='word_1_183' title='bbox 1480 3650 1605 3738; x_wconf 85' lang='lat' dir='ltr'>unige-</span> 
     </span>
    </p>
   </div>
   <div class='ocr_carea' id='block_1_7' title="bbox 230 3752 1718 3855">
    <p class='ocr_par' dir='ltr' id='par_1_12' title="bbox 230 3752 1718 3855">
     <span class='ocr_line' id='line_1_25' title="bbox 230 3752 1718 3855; baseline 0.002 -27"><span class='ocrx_word' id='word_1_184' title='bbox 230 3759 318 3829; x_wconf 86' lang='lat' dir='ltr'>nitus</span> <span class='ocrx_word' id='word_1_185' title='bbox 344 3756 449 3831; x_wconf 86' lang='lat' dir='ltr'>Fiiius</span> <span class='ocrx_word' id='word_1_186' title='bbox 475 3769 567 3848; x_wconf 86' lang='lat' dir='ltr'>tuus,</span> <span class='ocrx_word' id='word_1_187' title='bbox 602 3782 665 3854; x_wconf 89' lang='lat' dir='ltr'>per</span> <span class='ocrx_word' id='word_1_188' title='bbox 699 3782 797 3855; x_wconf 86' lang='lat' dir='ltr'>quam</span> <span class='ocrx_word' id='word_1_189' title='bbox 831 3771 866 3832; x_wconf 89' lang='lat' dir='ltr'>et</span> <span class='ocrx_word' id='word_1_190' title='bbox 897 3752 972 3831; x_wconf 89' lang='lat' dir='ltr'>cum</span> <span class='ocrx_word' id='word_1_191' title='bbox 1007 3781 1073 3855; x_wconf 88' lang='lat' dir='ltr'>quc</span> <span class='ocrx_word' id='word_1_192' title='bbox 1106 3771 1142 3833; x_wconf 87' lang='lat' dir='ltr'>te</span> <span class='ocrx_word' id='word_1_193' title='bbox 1168 3760 1266 3834; x_wconf 87' lang='lat' dir='ltr'>decet</span> <span class='ocrx_word' id='word_1_194' title='bbox 1291 3760 1401 3855; x_wconf 82' lang='lat' dir='ltr'>gloria</span> <span class='ocrx_word' id='word_1_195' title='bbox 1427 3773 1462 3835; x_wconf 85' lang='lat' dir='ltr'>et</span> <span class='ocrx_word' id='word_1_196' title='bbox 1487 3760 1606 3850; x_wconf 89' lang='lat' dir='ltr'>honor,</span> <span class='ocrx_word' id='word_1_197' title='bbox 1710 3784 1718 3793; x_wconf 88' lang='grc'><em>·</em></span> 
     </span>
    </p>
   </div>
   <div class='ocr_carea' id='block_1_8' title="bbox 232 3873 982 3969">
    <p class='ocr_par' dir='ltr' id='par_1_13' title="bbox 232 3873 982 3969">
     <span class='ocr_line' id='line_1_26' title="bbox 232 3873 982 3969; baseline 0 -24"><span class='ocrx_word' id='word_1_198' title='bbox 232 3896 309 3945; x_wconf 92' lang='lat' dir='ltr'>cum</span> <span class='ocrx_word' id='word_1_199' title='bbox 334 3873 460 3969; x_wconf 85' lang='lat' dir='ltr'>Spiritu</span> <span class='ocrx_word' id='word_1_200' title='bbox 486 3886 543 3949; x_wconf 89' lang='lat' dir='ltr'>tuo</span> <span class='ocrx_word' id='word_1_201' title='bbox 571 3880 794 3966; x_wconf 82' lang='lat' dir='ltr'>sanctissimo,</span> <span class='ocrx_word' id='word_1_202' title='bbox 821 3886 856 3947; x_wconf 89' lang='lat' dir='ltr'>et</span> <span class='ocrx_word' id='word_1_203' title='bbox 880 3873 982 3948; x_wconf 88' lang='lat' dir='ltr'>beno.</span> 
     </span>
    </p>
   </div>
   <div class='ocr_carea' id='block_1_9' title="bbox 236 4002 1007 4906">
    <p class='ocr_par' dir='ltr' id='par_1_14' title="bbox 264 4002 908 4193">
     <span class='ocr_line' id='line_1_27' title="bbox 264 4002 672 4095; baseline 0.017 -24"><span class='ocrx_word' id='word_1_204' title='bbox 264 4046 266 4049; x_wconf 94' lang='lat'>-</span> <span class='ocrx_word' id='word_1_205' title='bbox 336 4002 500 4095; x_wconf 73' lang='lat' dir='ltr'>Populus.</span> <span class='ocrx_word' id='word_1_206' title='bbox 552 4006 672 4078; x_wconf 85' lang='lat' dir='ltr'>Amen.</span> 
     </span>
     <span class='ocr_line' id='line_1_28' title="bbox 338 4117 908 4193; baseline 0.002 -5"><span class='ocrx_word' id='word_1_207' title='bbox 338 4117 526 4192; x_wconf 81' lang='lat' dir='ltr'>Diacenec.</span> <span class='ocrx_word' id='word_1_208' title='bbox 579 4120 713 4193; x_wconf 87' lang='lat' dir='ltr'>Stemus</span> <span class='ocrx_word' id='word_1_209' title='bbox 741 4119 908 4192; x_wconf 82' lang='lat' dir='ltr'>decenter.</span> 
     </span>
    </p>

    <p class='ocr_par' dir='ltr' id='par_1_15' title="bbox 236 4230 1007 4906">
     <span class='ocr_line' id='line_1_29' title="bbox 236 4230 719 4309; baseline 0.012 -7"><span class='ocrx_word' id='word_1_210' title='bbox 236 4280 238 4285; x_wconf 83' lang='lat'><em>.</em></span> <span class='ocrx_word' id='word_1_211' title='bbox 338 4231 522 4309; x_wconf 64' lang='lat' dir='ltr'>Sacerdos</span> <span class='ocrx_word' id='word_1_212' title='bbox 576 4230 719 4309; x_wconf 80' lang='lat' dir='ltr'>Caritas.</span> 
     </span>
     <span class='ocr_line' id='line_1_30' title="bbox 338 4349 934 4447; baseline 0.012 -28"><span class='ocrx_word' id='word_1_213' title='bbox 338 4349 500 4442; x_wconf 77' lang='lat' dir='ltr'>Poputm.</span> <span class='ocrx_word' id='word_1_214' title='bbox 553 4350 697 4424; x_wconf 86' lang='lat' dir='ltr'>Etcum</span> <span class='ocrx_word' id='word_1_215' title='bbox 724 4355 839 4447; x_wconf 87' lang='lat' dir='ltr'>spiritu</span> <span class='ocrx_word' id='word_1_216' title='bbox 865 4361 934 4425; x_wconf 88' lang='grc' dir='ltr'>ιιιο.</span> 
     </span>
     <span class='ocr_line' id='line_1_31' title="bbox 338 4464 858 4540; baseline 0.006 -5"><span class='ocrx_word' id='word_1_217' title='bbox 338 4464 523 4536; x_wconf 77' lang='lat' dir='ltr'>Sacerdos.</span> <span class='ocrx_word' id='word_1_218' title='bbox 576 4466 717 4540; x_wconf 88' lang='lat' dir='ltr'>Sursum</span> <span class='ocrx_word' id='word_1_219' title='bbox 743 4468 858 4540; x_wconf 87' lang='lat' dir='ltr'>corda.</span> 
     </span>
     <span class='ocr_line' id='line_1_32' title="bbox 340 4579 1007 4672; baseline 0.007 -23"><span class='ocrx_word' id='word_1_220' title='bbox 340 4579 502 4672; x_wconf 74' lang='lat' dir='ltr'>Populus.</span> <span class='ocrx_word' id='word_1_221' title='bbox 553 4580 724 4655; x_wconf 87' lang='lat' dir='ltr'>Habemus</span> <span class='ocrx_word' id='word_1_222' title='bbox 751 4583 794 4654; x_wconf 94' lang='lat' dir='ltr'>ad</span> <span class='ocrx_word' id='word_1_223' title='bbox 818 4581 1007 4655; x_wconf 87' lang='lat' dir='ltr'>Dominum.</span> 
     </span>
     <span class='ocr_line' id='line_1_33' title="bbox 338 4693 984 4791; baseline 0.006 -25"><span class='ocrx_word' id='word_1_224' title='bbox 338 4693 523 4768; x_wconf 77' lang='lat' dir='ltr'>Sacerdos.</span> <span class='ocrx_word' id='word_1_225' title='bbox 576 4699 710 4771; x_wconf 90' lang='lat' dir='ltr'>Gratias</span> <span class='ocrx_word' id='word_1_226' title='bbox 737 4719 890 4791; x_wconf 80' lang='lat' dir='ltr'>agamus,</span> <span class='ocrx_word' id='word_1_227' title='bbox 920 4707 984 4770; x_wconf 86' lang='lat' dir='ltr'>etc.</span> 
     </span>
     <span class='ocr_line' id='line_1_34' title="bbox 340 4810 997 4906; baseline 0.014 -26"><span class='ocrx_word' id='word_1_228' title='bbox 340 4810 503 4903; x_wconf 79' lang='lat' dir='ltr'>Populus.</span> <span class='ocrx_word' id='word_1_229' title='bbox 556 4815 701 4906; x_wconf 82' lang='lat' dir='ltr'>Dignum</span> <span class='ocrx_word' id='word_1_230' title='bbox 729 4825 763 4885; x_wconf 89' lang='lat' dir='ltr'>et</span> <span class='ocrx_word' id='word_1_231' title='bbox 785 4817 910 4906; x_wconf 88' lang='lat' dir='ltr'>justum</span> <span class='ocrx_word' id='word_1_232' title='bbox 936 4826 997 4889; x_wconf 82' lang='lat' dir='ltr'>est</span> 
     </span>
    </p>
   </div>
   <div class='ocr_carea' id='block_1_10' title="bbox 237 4941 1608 5259">
    <p class='ocr_par' dir='ltr' id='par_1_16' title="bbox 237 4941 1608 5259">
     <span class='ocr_line' id='line_1_35' title="bbox 340 4941 1608 5043; baseline 0.008 -31"><span class='ocrx_word' id='word_1_233' title='bbox 340 4941 516 5016; x_wconf 75' lang='lat' dir='ltr'>Sacerdos</span> <span class='ocrx_word' id='word_1_234' title='bbox 541 4947 733 5018; x_wconf 76' lang='lat' dir='ltr'>inclinatur.</span> <span class='ocrx_word' id='word_1_235' title='bbox 786 4948 862 5020; x_wconf 86' lang='lat' dir='ltr'>Tibi</span> <span class='ocrx_word' id='word_1_236' title='bbox 884 4950 974 5040; x_wconf 78' lang='lat' dir='ltr'>Juste</span> <span class='ocrx_word' id='word_1_237' title='bbox 1001 4946 1141 5020; x_wconf 90' lang='lat' dir='ltr'>debetur</span> <span class='ocrx_word' id='word_1_238' title='bbox 1166 4946 1250 5035; x_wconf 88' lang='lat' dir='ltr'>laus,</span> <span class='ocrx_word' id='word_1_239' title='bbox 1278 4956 1312 5020; x_wconf 86' lang='lat' dir='ltr'>at</span> <span class='ocrx_word' id='word_1_240' title='bbox 1336 4957 1371 5020; x_wconf 88' lang='lat' dir='ltr'>te</span> <span class='ocrx_word' id='word_1_241' title='bbox 1397 4947 1494 5021; x_wconf 88' lang='lat' dir='ltr'>dccet</span> <span class='ocrx_word' id='word_1_242' title='bbox 1519 4972 1608 5043; x_wconf 86' lang='lat' dir='ltr'>gra·</span> 
     </span>
     <span class='ocr_line' id='line_1_36' title="bbox 237 5057 1607 5159; baseline 0.011 -31"><span class='ocrx_word' id='word_1_243' title='bbox 237 5057 357 5130; x_wconf 84' lang='lat' dir='ltr'>tiarum</span> <span class='ocrx_word' id='word_1_244' title='bbox 370 5062 471 5151; x_wconf 78' lang='lat' dir='ltr'>actio,</span> <span class='ocrx_word' id='word_1_245' title='bbox 489 5059 612 5156; x_wconf 85' lang='lat' dir='ltr'>tibique</span> <span class='ocrx_word' id='word_1_246' title='bbox 628 5083 770 5159; x_wconf 82' lang='lat' dir='ltr'>aequum</span> <span class='ocrx_word' id='word_1_247' title='bbox 789 5074 841 5136; x_wconf 89' lang='lat' dir='ltr'>est</span> <span class='ocrx_word' id='word_1_248' title='bbox 856 5063 1061 5139; x_wconf 86' lang='lat' dir='ltr'>adorationis</span> <span class='ocrx_word' id='word_1_249' title='bbox 1077 5062 1200 5138; x_wconf 90' lang='lat' dir='ltr'>cultum</span> <span class='ocrx_word' id='word_1_250' title='bbox 1214 5062 1378 5156; x_wconf 79' lang='lat' dir='ltr'>exhiberi,</span> <span class='ocrx_word' id='word_1_251' title='bbox 1395 5065 1438 5141; x_wconf 84' lang='lat' dir='ltr'>ab</span> <span class='ocrx_word' id='word_1_252' title='bbox 1455 5064 1607 5143; x_wconf 82' lang='lat' dir='ltr'>omnibus</span> 
     </span>
     <span class='ocr_line' id='line_1_37' title="bbox 249 5179 1400 5259; baseline 0.006 -8"><span class='ocrx_word' id='word_1_253' title='bbox 249 5179 253 5197; x_wconf 92' lang='lat'>&#39;</span> <span class='ocrx_word' id='word_1_254' title='bbox 1315 5182 1400 5259; x_wconf 75' lang='lat'>45*</span> 
     </span>
    </p>
   </div>
   <div class='ocr_carea' id='block_1_11' title="bbox 0 0 2276 6034">
    <p class='ocr_par' dir='ltr' id='par_1_17' title="bbox 0 0 2276 6034">
     <span class='ocr_line' id='line_1_38' title="bbox 0 0 2276 6034; baseline 0 0"><span class='ocrx_word' id='word_1_255' title='bbox 0 0 2276 6034; x_wconf 95' lang='lat' dir='ltr'> </span> 
     </span>
    </p>
   </div>
  </div>
 </body>
</html>
