4525 6034
678 513 771 590 ι438
1072 517 1148 594 DE
1199 516 1675 595 Phl'ltlllRGllh

693 707 727 776 in
752 703 869 778 Marco
895 703 962 777 lilio
994 703 1179 778 Elhonbari
1205 703 1413 778 anathemate
1438 701 1620 797 feriebant,
1652 706 1713 780 sed
1746 708 1929 782 simulatam
1955 731 2043 782 com-

693 823 881 893 munionem
914 819 1112 909 servabant,
1155 844 1230 892 curn
1267 825 1300 892 in
1333 822 1436 896 rebus
1471 825 1607 894 maximi
1641 829 1799 896 momenti
1840 825 2041 900 dissentirent

693 935 790 1009 Unde
817 939 944 1009 etiarnsi
971 958 1038 1008 non
1065 948 1157 1011 esset
1184 936 1375 1011 manifestus
1403 961 1518 1011 aarum
1543 937 1771 1011 Ecclesiamm
1798 962 1907 1029 error,
1930 941 1983 1014 vel
2005 965 2044 1015 er

695 1076 737 1126 ea
764 1054 958 1129 diversitate
985 1058 1066 1128 satis
1093 1057 1374 1126 convincerentur
1402 1077 1461 1128 eas
1488 1076 1566 1127 esse
1592 1065 1690 1127 extra
1717 1053 1922 1129 catholicam
1946 1061 2044 1132 ιιιιίιι-
2094 1069 2097 1074 ’

693 1180 760 1242 tarn
787 1178 822 1242 et
846 1193 964 1242 veram
995 1169 1201 1257 Ecclesiam,
1234 1172 1346 1262 cujus,
1379 1181 1414 1243 nt
1449 1174 1496 1243 ait
1527 1171 1702 1260 lrenaeus,
1732 1175 2046 1264 praedicationem

694 1293 747 1358 eat
771 1293 807 1357 et
829 1290 940 1380 firmo,
967 1288 1060 1380 opud
1085 1309 1184 1380 parom
1209 1309 1279 1388 aaa
1305 1292 1340 1357 et
1365 1288 1484 1358 eodem
1515 1286 1636 1357 colotis
1665 1290 1725 1357 oio
1756 1292 1916 1360 enicem
1940 1292 2045 1363 mondo

694 1403 895 1491 ostenditur,
923 1427 996 1473 com
1021 1407 1089 1495 ipsi
1114 1403 1292 1489 haeretici,
1321 1407 1380 1497 poi
1403 1427 1441 1475 ce
1464 1403 1541 1496 ptos
1561 1402 1693 1497 aliquid
1715 1412 1859 1496 promer
1884 1410 2046 1477 ceritatem

693 1522 849 1590 inuenire
880 1526 1019 1612 patant,
1047 1519 1250 1612 midtisorme
1280 1522 1453 1612 facientes
1486 1522 1571 1608 iter,
1605 1520 1648 1589 de
1682 1521 1800 1592 iisdem
1830 1543 1901 1593 aon
1930 1544 2046 1615 conpar

694 1638 829 1708 eosdem
868 1638 1054 1707 sententias
1093 1635 1284 1706 dabamini.
1343 1635 1423 1707 lllae
1460 1657 1545 1708 vero
1580 1645 1648 1707 non
1690 1635 1776 1710 adeo
1813 1637 1898 1710 altas
1930 1637 2046 1710 radices

566 1815 573 1831 ,
693 1755 860 1846 egissent,
894 1755 921 1825 si
948 1774 1016 1825 non
1042 1755 1190 1847 separati
1223 1775 1243 1823 a
1270 1751 1424 1846 reliquis,
1456 1753 1652 1847 praesertim
1683 1773 1770 1824 vero
1803 1752 1941 1825 aPotri
1965 1752 2046 1842 sede,

694 1872 904 1964 omniumque
931 1868 1130 1963 reliquarum
1157 1867 1385 1942 Ecclesiarurn
1412 1870 1658 1954 communione,
1698 1868 1794 1940 simul
1828 1890 1903 1940 cum
1929 1872 2047 1941 unitatis

693 1985 829 2060 vincrdo
855 1994 890 2057 et
914 1984 1134 2081 Apostolicae
1161 1988 1385 2057 successionis
1411 1984 1515 2073 linea,
1546 1987 1754 2056 autoritatem
1786 2008 1921 2082 quoquc
1944 1988 2048 2081 legiti-

692 2125 780 2175 marn
799 2100 1070 2174 Patriarchalium
1097 2101 1224 2173 sedium
1251 2104 1450 2190 amisissent,
1478 2123 1563 2195 quae
1590 2100 1633 2172 ad
1651 2101 1857 2175 coercendas
1882 2109 2050 2198 novitates,

692 2229 726 2291 et
753 2218 795 2291 ad
822 2228 973 2292 veterem
1000 2217 1205 2313 disciplinam
1232 2219 1456 2307 retinendam,
1488 2227 1524 2288 ut
1550 2215 1627 2288 olim
1654 2220 1699 2289 ita
1726 2229 1760 2289 et
1786 2227 1862 2291 tunc
1888 2222 2049 2314 valuisset,

692 2359 768 2407 cam
794 2337 934 2428 sejuncti
960 2333 1175 2406 Patriarchae
1194 2357 1213 2405 a
1232 2332 1427 2407 Catholicae
1452 2332 1628 2406 Ecclesiae
1655 2356 1800 2429 corpore
1821 2335 1904 2409 nihil
1929 2341 2050 2412 omnino

690 2462 864 2547 praestare
890 2449 955 2522 hoc
981 2453 1014 2521 in
1041 2470 1168 2542 genere
1194 2453 1368 2545 potuerint

405 2569 576 2638 nemansensi
594 2567 680 2667 Patri-
796 2568 897 2641 GXL.
938 2564 989 2638 Ea
1017 2570 1116 2638 etiam
1144 2589 1245 2641 eausa
1272 2565 1343 2654 luit,
1370 2589 1430 2638 cur
1452 2566 1605 2638 scelerati
1625 2564 1851 2660 Patriarchae,
1873 2571 1931 2664 qui
1947 2570 2050 2665 puhli-

371 2654 765 2811 ssfflulffiffigcam
792 2683 979 2757 Sacerdotii
1014 2694 1049 2755 et
1079 2681 1339 2779 Episcopatuum
1374 2682 1641 2755 nundinationem
1672 2686 1809 2794 turpiter
1843 2683 2051 2775 exercebant,

690 2800 780 2874 nulla
812 2800 1052 2873 Ecclesiastico
1088 2802 1264 2871 autoritate
1296 2804 1448 2870 coerceri
1482 2809 1637 2894 possent,
1678 2809 1777 2895 atque
1809 2803 1856 2872 ita
1889 2804 1925 2872 in
1954 2824 2050 2896 prava

690 2943 751 2993 sua
791 2916 1029 2990 consuetudine
1068 2924 1337 3012 perseverarent.
1403 2915 1486 2987 Sunt
1522 2914 1609 3010 apud
1643 2914 1864 2990 Nestorianos
1907 2917 2052 3014 exempla
2095 2993 2099 3001 ,

694 3036 914 3131 depositionis
935 3033 1117 3128 aliquorum
1130 3030 1408 3121 Patriarcharum,
1429 3042 1462 3102 at
1478 3033 1564 3103 inter
1578 3029 1730 3126 Coptitas
1745 3032 1833 3105 nulla
1848 3047 1936 3108 sunt.
1970 3034 2051 3105 lllti-

690 3175 764 3226 mus
791 3173 908 3223 eorum
927 3171 1067 3244 quorum
1089 3146 1249 3221 habemus
1268 3147 1451 3237 historiam,
1471 3146 1618 3244 Cprillus
1633 3145 1774 3220 Laklalri
1791 3150 1877 3222 lilius
1897 3153 1939 3224 de
1965 3148 2053 3222 simssi

690 3266 821 3343 scelere
846 3264 1030 3363 postulatus
1056 3264 1116 3337 iuit
1143 3264 1229 3359 apud
1255 3263 1413 3337 Sultanos
1438 3262 1582 3336 Adelum
1608 3274 1642 3336 et
1663 3261 1833 3338 Carmelum
1861 3269 1936 3358 ejus
1961 3263 2053 3337 hlinn

690 3382 857 3474 Yuhidas,
884 3362 1095 3454 Salaheddini
1122 3399 1359 3470 successores,
1395 3378 1589 3472 urgentibus
1621 3379 1847 3453 lacobitarum
1882 3384 2053 3479 primariis,

690 3510 726 3572 at
752 3522 846 3572 more
871 3501 1032 3591 majorum
1058 3497 1166 3590 redigi
1191 3499 1225 3568 in
1258 3496 1408 3568 ordinem
1433 3507 1559 3591 posset
1611 3495 1735 3568 Verum
1769 3520 1843 3570 curn
1868 3501 1955 3591 jussi
1981 3496 2052 3569 iue-

693 3624 768 3687 rnnt
801 3616 951 3702 edicere,
990 3636 1068 3686 num
1101 3615 1331 3708 permitterent
1368 3611 1464 3704 leges
1497 3609 1776 3702 Christianorum,
1817 3622 1853 3684 ut
1887 3633 2051 3710 supremos

693 3754 809 3804 eorum
835 3731 986 3803 Antistes
1014 3730 1055 3803 ab
1082 3729 1261 3825 Episcopis
1289 3729 1447 3822 dignitate
1472 3725 1684 3802 inferioribus
1716 3729 1962 3824 deponeretur,
1985 3717 2052 3800 'ne-

693 3858 875 3942 gaverunt:
910 3856 1009 3942 atque
1041 3849 1085 3918 ita
1126 3849 1181 3918 vir
1215 3845 1363 3917 nefarius
1399 3844 1589 3937 dignitatem
1622 3843 1665 3916 ad
1697 3845 1796 3917 finem
1828 3868 1938 3941 usque
1971 3847 2053 3916 utne

692 3967 834 4036 retinuit.
893 3963 1057 4056 Majorem
1097 3959 1161 4033 sihi
1199 3960 1375 4056 ahquando
1415 3961 1625 4033 autoritatem
1660 3972 1848 4034 sumserunt
1888 3957 2054 4034 laoobitae

691 4079 902 4169 Antiocheni,
930 4079 1005 4151 dum
1031 4079 1182 4151 lsaacum
1209 4077 1457 4150 Harranensem
1482 4075 1698 4173 Episcopum,
1726 4098 1824 4171 quem
1851 4074 1963 4149 Caliia
1988 4076 2053 4146 Pa-

676 4197 867 4270 xtriarcham
894 4218 972 4269 esse
995 4201 1161 4289 jusserat,
1188 4197 1360 4290 suscipere
1385 4202 1582 4283 renuerunt,
1615 4196 1691 4288 qnia
1717 4190 1750 4263 id
1777 4194 1961 4266 secundum
1985 4189 2052 4264 Ca-

691 4336 799 4387 nones
825 4336 892 4387 non
919 4309 1060 4399 licebat,
1094 4334 1158 4406 qua
1194 4311 1236 4382 de
1268 4333 1306 4382 re
1343 4310 1464 4382 dictum
1496 4318 1550 4381 est
1583 4311 1616 4378 in
1646 4307 1793 4381 Historia
1818 4307 2052 4382 Alexandrina.

691 4431 932 4525 Depositiones
974 4426 1105 4523 quidem
1143 4426 1407 4500 Patriarcharum
1456 4428 1491 4497 in
1528 4424 1693 4497 Ecclesiis
1734 4425 1959 4500 Orientalibus
1990 4427 2052 4516 jam

690 4545 979 4642 frequentissimae
1005 4553 1091 4630 sunt,
1118 4565 1165 4614 ex
1191 4567 1257 4639 quo
1289 4545 1430 4635 insignis
1463 4551 1498 4614 et
1522 4540 1669 4613 Arabica
1695 4544 1849 4637 superior
1875 4542 2052 4614 raecum

692 4661 898 4735 dominorum
925 4663 1062 4732 avaritia
1091 4663 1306 4733 occasionem
1332 4658 1528 4754 quotidianis
1560 4679 1666 4753 prope
1691 4660 1894 4746 Anteium,
1922 4657 2053 4752 praeci-

691 4802 756 4875 pue
783 4778 990 4851 Graecornm
1016 4776 1250 4850 mutationibus
1277 4775 1375 4848 dedit.
1428 4773 1512 4848 Cum
1539 4777 1627 4847 enim
1652 4797 1752 4847 nemo
1779 4774 1960 4866 dignitates
1985 4768 2053 4842 illas

691 4900 756 4967 nisi
782 4918 844 4993 per
871 4894 1081 4986 largitionem
1101 4894 1314 4991 adipiscatur,
1341 4895 1397 4988 qui
1413 4891 1487 4989 plus
1506 4893 1669 4988 pecuniae
1693 4890 1777 4965 fisco
1804 4887 1931 4961 inferre
1956 4885 2053 4983 polli-

690 5022 802 5104 cetur,
834 5014 864 5085 is
896 5033 962 5084 non
999 5011 1099 5084 modo
1137 5007 1409 5107 competitoribus
1445 5007 1609 5106 praeferri
1641 5007 1729 5102 apud
1760 5028 1822 5080 eos
1856 5004 1960 5095 solet,
1998 4996 2053 5074 sed
