4525 6034
369 1235 398 1288 p.
413 1219 474 1272 502.

692 574 767 649 324
1254 573 1483 653 NOTAE

692 774 797 824 macca
818 757 1062 823 orthodoxorum
1084 759 1356 823 Alexandrinorum
1376 760 1511 846 biturgia
1540 762 1680 840 extabat,
1703 763 1832 846 judicari
1853 782 1914 832 non
1936 775 2050 849 potest.

692 859 730 922 Ut
751 861 830 924 enim
851 878 887 922 se
908 859 998 922 babet
1018 860 1049 921 in
1073 859 1186 923 Codice
1209 859 1317 942 Regio,
1339 877 1405 923 eam
1425 860 1570 927 lacobitls
1582 863 1734 945 propriam
1756 882 1826 929 esse
1848 872 1963 929 certum
1985 874 2049 945 est;

692 978 759 1023 cum
781 959 868 1022 unius
890 961 921 1022 in
944 958 1062 1023 Christo
1083 967 1209 1022 naturae
1231 957 1462 1040 professionem,
1484 980 1563 1044 quaa
1583 962 1620 1027 ad
1643 964 1821 1027 sententiam
1844 963 2049 1029 Ortbcdoxaru

691 1058 798 1123 reduci
819 1076 880 1122 non
900 1067 1012 1141 potest,
1034 1063 1194 1123 conducat.
1238 1060 1348 1121 Verum
1376 1079 1485 1144 magna
1506 1081 1541 1125 se
1571 1061 1661 1126 offert
1682 1061 1835 1126 difficultas
1864 1064 1945 1126 eirea
1967 1064 2048 1127 illam

428 1132 490 1187 Μ·
511 1132 581 1187 Μ’*
604 1135 677 1187 Αἶα·
692 1157 930 1235 Confessionem.
973 1159 1114 1243 Legimus
1138 1159 1215 1222 enim
1244 1158 1275 1220 in
1305 1157 1433 1222 llistoria
1461 1160 1653 1224 Patriarchali
1675 1161 1843 1225 Gabrielem
1872 1163 1963 1226 filium
1986 1164 2049 1227 Τα-

690 1257 765 1333 rich,
788 1260 839 1341 qui
860 1261 939 1322 inter
959 1258 1027 1322 illos
1050 1258 1140 1322 LXX.
1162 1264 1345 1335 numeratur,
1367 1259 1398 1321 in
1419 1261 1515 1342 prima
1528 1260 1673 1344 Liturgia,
1695 1278 1783 1340 quarn
1797 1278 1883 1325 more
1905 1263 2049 1345 maiorum

691 1360 722 1420 in
743 1358 927 1422 hlouasterio
950 1360 980 1423 S.
1003 1358 1126 1421 blacarii
1140 1357 1314 1438 celebravit,
1336 1360 1554 1439 pronunciasse
1574 1360 1624 1423 illa
1637 1361 1741 1441 verba,
1762 1360 1838 1441 fecit
1857 1362 1940 1424 mum
1956 1381 2050 1426 amon

690 1478 757 1520 eum
777 1459 935 1520 divinitate
956 1477 1028 1538 suo,
1056 1466 1088 1521 et
1113 1459 1229 1540 reliqua
1258 1476 1336 1539 quae
1364 1466 1548 1541 mouentur:
1571 1460 1734 1523 hlonaebos
1762 1459 1811 1527 illa
1834 1478 1902 1525 cum
1922 1469 2049 1543 stupore

691 1557 852 1637 audivisse,
876 1565 1014 1639 tanquam
1037 1558 1094 1621 sibi
1115 1559 1284 1639 incognita,
1314 1574 1371 1621 nec
1403 1560 1433 1621 in
1455 1561 1518 1623 suis
1539 1558 1685 1623 Ecclesiis
1715 1559 1774 1623 dici
1795 1558 1901 1635 solita;
1924 1568 1986 1622 tum
2008 1560 2047 1624 de

689 1657 805 1720 illorum
827 1675 949 1721 sensum
970 1656 1135 1735 dubitasse,
1159 1658 1244 1740 quasi
1266 1656 1482 1738 confusionem,
1505 1660 1689 1739 mistionem,
1718 1667 1749 1722 et
1770 1659 1975 1724 alterationem
1998 1661 2048 1723 in-

689 1759 846 1821 ducerent.
889 1758 1093 1840 Respondisse
1116 1758 1300 1837 Gabrielem,
1323 1757 1550 1823 Confessionem
1579 1778 1614 1822 se
1635 1761 1872 1842 pronunciasse,
1895 1759 2046 1841 montedo

689 1859 726 1921 ab
748 1858 908 1941 Episcopis
932 1861 982 1940 qui
1003 1876 1108 1922 manus
1131 1859 1174 1921 illi
1195 1860 1414 1939 imposuerant,
1442 1859 1647 1940 praescripta,
1674 1857 1879 1938 verbatimque
1901 1866 2050 1941 suggesta

686 1957 801 2021 fuerat:
826 1965 966 2022 statutum
989 1965 1088 2021 tamen
1110 1957 1288 2022 eximendae
1310 1957 1490 2038 suspicionis
1513 1974 1614 2037 causa,
1636 1966 1669 2021 ut
1690 1958 1868 2033 adderetur,
1898 1959 1963 2019 cine
1983 1958 2046 2019 mi-

685 2060 797 2135 sticae,
820 2057 1013 2138 murimonte,
1035 2065 1090 2121 mat
1109 2059 1298 2121 meschone.
1343 2057 1434 2120 Gesta
1469 2064 1539 2119 sunt
1567 2057 1642 2121 haec
1674 2059 1771 2120 statim
1800 2064 1869 2138 post
1898 2054 2047 2118 Gabrielis

684 2158 913 2233 ordinationem,
936 2175 1014 2238 quae
1036 2156 1116 2220 facta
1138 2165 1185 2220 est
1207 2175 1285 2220 anno
1307 2156 1470 2238 Martyrum
1492 2155 1564 2219 stt.
1586 2156 1661 2220 Jesu
1683 2155 1792 2220 Christi
1816 2153 1908 2219 1131.
1944 2153 2043 2217 Addi-

684 2259 798 2320 tionem
820 2274 913 2337 porro
939 2256 1019 2319 illam
1047 2255 1154 2321 factam
1180 2256 1274 2320 fauisse
1300 2264 1459 2337 antequam
1488 2254 1594 2319 Codex
1621 2255 1907 2321 Graeco-Arabicus
1928 2252 2043 2336 Regius

684 2355 880 2435 scriberetur,
903 2355 1091 2420 manifestum
1113 2365 1176 2432 est;
1206 2364 1237 2419 et
1257 2355 1337 2419 illurn
1359 2374 1463 2420 omnes
1491 2354 1601 2418 deinde
1624 2355 1753 2421 Codices
1775 2355 1949 2437 pervasisse
1971 2353 2042 2417 inde

684 2456 828 2535 edicitur,
851 2455 931 2536 quod
953 2456 1052 2518 nullus
1073 2456 1132 2520 huc
1165 2474 1261 2538 usque
1283 2457 1365 2519 visus
1387 2457 1437 2534 sit,
1460 2456 1511 2536 qui
1532 2454 1612 2518 illam
1633 2473 1695 2519 non
1716 2454 1864 2517 exhibeat.
1898 2454 2042 2516 Fortasse

683 2553 886 2618 Alexandriae
908 2563 1031 2638 recepta
1050 2557 1112 2638 jam
1134 2556 1232 2620 fuerat
1253 2555 1363 2619 additio
1385 2555 1491 2638 prima,
1513 2573 1601 2636 quam
1622 2554 1784 2617 blacariani
1802 2551 1937 2617 lionaehi
1960 2568 2042 2614 non-

685 2655 754 2718 dum
777 2662 973 2736 acceperant:
992 2657 1073 2737 quod
1096 2663 1193 2719 tannen
1216 2675 1276 2719 non
1288 2657 1346 2718 nisi
1368 2654 1564 2736 conjectando
1586 2654 1646 2717 dici
1666 2661 1774 2736 potest.
1801 2652 1843 2715 At
1864 2652 2041 2732 cumprime

684 2753 890 2818 Confessionis
911 2773 994 2838 pars,
1017 2774 1124 2836 nempe
1148 2756 1264 2838 Corpus
1291 2763 1441 2835 sanetum,
1468 2738 1624 2837 usquead
1653 2753 1718 2816 illa:
1748 2752 1871 2832 Accepit
1897 2751 1978 2813 illum
1999 2770 2041 2812 es

681 2853 719 2918 B.
754 2854 891 2936 Vimine,
921 2855 1039 2920 Graece
1069 2855 1195 2919 dicenda
1216 2854 1461 2938 praescribantur
1489 2854 1520 2917 in
1543 2851 1676 2935 Coptieis
1698 2852 1857 2934 Liturgiis,
1887 2848 1936 2912 illa
1964 2867 2039 2912 uero

681 2955 833 3036 posterior
853 2972 924 3037 pars
946 2974 1007 3019 non
1029 2954 1087 3018 nisi
1109 2956 1253 3037 Coptice,
1285 2954 1405 3020 dubium
1427 2953 1495 3017 inde
1517 2954 1668 3032 nascitur,
1698 2959 1729 3015 et
1758 2950 1877 3033 quidem
1904 2966 1964 3012 non
1986 2950 2039 3011 in-

681 3055 854 3131 verisimile,
877 3057 957 3137 quod
980 3057 1140 3136 andquitns
1164 3054 1320 3119 Confessio
1343 3054 1445 3137 primis
1464 3053 1579 3117 duabus
1600 3050 1733 3135 periodis
1747 3051 1965 3127 tenninaretur,
1984 3068 2042 3111 re-

681 3154 761 3235 liqua
784 3154 958 3219 alacahitis
981 3155 1080 3218 addita
1101 3156 1290 3237 postmodum
1311 3155 1431 3219 fuerint.
1454 3153 1540 3216 Ratio
1553 3161 1600 3218 est
1614 3153 1683 3234 quia
1705 3168 1910 3233 quaecumque
1923 3148 2041 3212 Graece

681 3255 834 3340 extantia
857 3254 990 3336 Copticis
1012 3254 1126 3334 ciliciis,
1149 3273 1189 3317 err
1211 3255 1365 3318 veteribus
1377 3253 1500 3316 Graecis
1522 3260 1640 3316 retenta
1660 3259 1739 3329 sunt,
1762 3258 1795 3313 ut
1816 3247 2041 3312 adhortationes

681 3354 881 3418 Diaconorum
903 3354 941 3417 ad
964 3355 1206 3418 circumstantes:
1242 3344 1450 3440 Πρόσχωμεν.
1484 3348 1617 3431 heines
1643 3346 1759 3423 καλῶς.
1795 3333 2041 3432 Προςεύξασθε.

672 3443 783 3533 ’Ἄξιον
803 3449 859 3519 καὶ
881 3448 1017 3533 δίκαιον,
1041 3463 1072 3517 et
1094 3454 1181 3520 aliae.
1225 3454 1308 3517 Unde
1335 3453 1416 3535 quod
1441 3460 1503 3515 tota
1530 3451 1632 3515 ultima
1660 3447 1804 3531 periodus
1835 3448 1950 3510 Graece
1978 3464 2041 3511 non

681 3553 797 3616 dicatur
825 3555 855 3615 in
886 3553 1018 3635 Capticis
1048 3554 1207 3637 liturgiis,
1234 3555 1434 3617 recentiorem
1461 3551 1541 3615 illius
1569 3551 1781 3614 institutionem
1816 3562 1876 3609 non
1907 3545 2039 3609 obscure

682 3651 841 3736 significat.
886 3652 974 3726 Quod
997 3655 1027 3714 in
1049 3653 1106 3715 bac
1127 3653 1275 3717 Basiliana
1298 3651 1414 3716 Graece
1437 3658 1538 3728 extat,
1560 3669 1620 3714 non
1643 3656 1689 3712 est
1718 3654 1832 3711 certum
1854 3645 2037 3724 antiquitatis

680 3751 833 3814 indicium:
858 3753 912 3815 sed
934 3752 1004 3815 illud
1028 3753 1177 3836 omnificat
1197 3752 1256 3815 bue
1278 3769 1374 3832 usque
1396 3752 1433 3814 ab
1456 3750 1592 3814 omnibus
1620 3750 1805 3833 ignoratum,
1827 3746 1921 3809 fuisse
1942 3744 2040 3809 Jaco—

680 3851 786 3913 biticas
809 3851 963 3914 Ecclesias
985 3852 1068 3915 Ritus
1092 3851 1299 3930 Alexandrini,
1322 3869 1398 3933 quae
1420 3851 1551 3933 bnguam
1571 3847 1718 3911 Graecam
1739 3849 1770 3910 in
1791 3846 1887 3911 saeris
1907 3863 2040 3911 conser-

611 4004 614 4009 .
684 3952 835 4014 voverint:
858 3970 925 4014 cum
948 3951 1097 4015 distinctio
1118 3951 1320 4016 lacobitarum
1342 3959 1372 4013 et
1394 3949 1637 4014 Orthodoxorum
1659 3946 1877 4011 Patriarchatus
1899 3947 2039 4010 Alexan-

680 4050 757 4113 drini
779 4057 860 4113 certa
883 4050 1047 4129 videretur,
1071 4050 1152 4132 quad
1166 4052 1223 4114 ‘isti
1244 4049 1302 4113 soli
1325 4048 1450 4129 Graece,
1473 4056 1505 4113 ut
1528 4047 1685 4111 etiamnum
1707 4047 1820 4122 solent;
1848 4064 1997 4129 nunquam
2018 4062 2037 4106 a

679 4150 960 4214 bluhamedanorum
983 4152 1065 4213 initio
1088 4149 1214 4232 Coptiee
1236 4168 1322 4213 sacra
1349 4148 1508 4212 fecissent:
1537 4147 1581 4211 illi
1607 4147 1664 4210 bac
1685 4147 1750 4210 sola
1771 4146 1891 4229 lingua,
1907 4146 2037 4223 ,Graece

678 4268 839 4331 nunquam.
883 4250 924 4313 At
946 4269 1016 4314 esse
1038 4257 1201 4332 potuerunt
1221 4249 1356 4313 homines
1377 4248 1533 4312 tacebitne
1555 4247 1626 4310 satis
1648 4245 1764 4309 Graece
1786 4247 1883 4328 periti,
1906 4254 1939 4309 ut
1958 4245 2036 4307 haec

677 4368 775 4431 pauca
797 4350 892 4413 uerba
915 4349 1125 4427 transferrent,
1148 4351 1177 4412 ia
1201 4347 1307 4430 quibus
1331 4349 1418 4411 etiam
1440 4347 1596 4411 barbaries
1619 4344 1763 4428 quaedam
1782 4344 2034 4409 animadvertitur.

679 4447 828 4531 Quidquid
849 4450 967 4512 tandem
989 4452 1038 4530 sit,
1062 4451 1088 4512 si
1111 4450 1150 4513 de
1161 4450 1320 4512 autoritate
1341 4446 1428 4529 hujus
1446 4445 1650 4511 Confessionis
1672 4443 1824 4508 dubitandi
1845 4446 1895 4510 vel
1916 4443 2034 4506 minima

680 4567 771 4613 causa
792 4556 977 4629 superesset,
1001 4547 1192 4612 confirmatur
1224 4545 1274 4609 illa
1303 4546 1428 4629 egregie
1466 4563 1507 4608 err
1537 4545 1759 4625 comparatione
1786 4543 1895 4607 Graeci
1926 4558 2034 4604 exem-

678 4649 790 4732 plaris,
819 4647 898 4728 qnod
925 4646 984 4711 huc
1012 4666 1108 4729 usquc
1134 4648 1318 4730 incognitum
1348 4644 1462 4708 fuerat:
1490 4652 1552 4706 tum
1573 4643 1760 4724 Aethiopici,
1793 4642 1874 4726 quod
1899 4638 2032 4705 eamdem

678 4750 773 4813 refert
795 4755 947 4828 acceptam
969 4748 1007 4811 ab
1029 4746 1234 4811 Alexandrina
1255 4745 1391 4809 Ecclesia
1412 4742 1595 4823 Jacobitica,
1623 4761 1701 4826 quae
1723 4761 1742 4806 a
1764 4751 1899 4825 tempore
1919 4739 2032 4820 Benja-

679 4850 748 4912 mini
772 4847 969 4926 Patriarchae,
993 4849 1043 4929 qui
1065 4847 1168 4910 sedem
1193 4845 1287 4909 tenuit
1314 4862 1382 4907 cum
1404 4843 1610 4907 bluhamedani
1636 4842 1809 4926 Aegyptum
1835 4841 2030 4925 subegerint,

679 4967 783 5014 omnes
805 4946 1001 5028 Aethiopibus
1023 4963 1178 5010 sacrorum
1200 4945 1286 5029 legas
1307 4944 1509 5028 praescripsit
