4525 6034
537 631 713 711 bruscum
738 630 1000 710 PthlhRCllhE
1026 631 1293 710 hhllllhllllllllll.
1526 630 1615 717 293Ι

237 829 310 892 esto
337 816 435 891 nobis
462 820 632 894 omnibus:
660 822 736 915 quia
762 831 798 893 tu
823 819 965 890 Domine
991 822 1065 917 ipse
1092 843 1130 894 es
1158 822 1213 915 qui
1240 820 1415 914 unicuique
1424 820 1514 910 juste
1539 839 1603 889 re-

234 936 371 1025 tribuis,
398 944 432 1007 et
458 939 486 1009 si
512 940 616 1010 intres
642 936 816 1009 nobiscum
841 938 875 1007 in
897 935 1057 1027 judicium
1081 936 1243 1023 Domine,
1277 957 1345 1008 nou
1373 932 1603 1026 justificabitur

233 1054 269 1122 in
295 1064 476 1148 conspectu
502 1064 560 1125 tuo
588 1056 694 1125 omnis
719 1057 851 1125 vivens.
904 1051 972 1123 Sed
999 1050 1139 1125 ostende
1164 1052 1264 1126 nohis
1284 1053 1425 1145 gratiam
1443 1060 1542 1139 tuam,
1570 1058 1604 1121 et

234 1165 277 1239 ab
304 1171 383 1260 igue
409 1169 584 1263 gehenuae
610 1191 672 1265 per
696 1171 928 1242 miserationes
954 1166 1149 1240 liberemur:
1174 1178 1210 1240 ut
1235 1178 1372 1264 propter
1392 1166 1603 1239 haecomnia

232 1281 405 1357 laudemus
432 1293 466 1355 et
492 1284 678 1359 exaltemus
705 1307 826 1357 nomen
853 1293 942 1356 tuum
968 1283 1151 1377 gloriosum
1178 1288 1213 1356 in
1239 1283 1391 1358 omuibus
1423 1292 1458 1355 ct
1490 1282 1604 1356 hene-

236 1398 377 1489 dietum,
403 1400 537 1472 Domini
564 1404 663 1472 etiam
689 1402 771 1473 lesu
798 1399 938 1491 Christi,
965 1412 1000 1475 et
1025 1401 1168 1498 Spiritus
1195 1404 1242 1474 tui
1268 1401 1383 1475 sancti.

338 1517 500 1611 Papulas.
552 1517 616 1607 Ut,
643 1526 707 1589 eto.

338 1633 522 1706 Sacerdos.
575 1633 650 1706 Pax
674 1632 775 1706 vohis
803 1632 964 1706 omnibus.

338 1750 499 1843 Popsdas.
551 1749 696 1823 Etcum
723 1752 840 1845 spiritu
866 1758 932 1822 tuo.

338 1868 522 1940 Sacerdos.
575 1865 829 1941 Misericordiae
854 1867 919 1939 Dei
946 1869 1011 1939 sint
1036 1888 1138 1962 super
1163 1887 1240 1939 vos.

270 2004 279 2017 ·
338 1982 499 2077 Popsdar.
550 1984 695 2056 Etcum
721 1986 838 2079 spiritu
864 1991 931 2054 tuo.

338 2099 519 2172 Diaconos
544 2101 630 2172 dicit
657 2098 878 2170 catholicam.

338 2214 513 2288 Sacerdos
535 2220 670 2311 sraapit
696 2221 731 2288 et
755 2219 869 2307 apost
896 2213 1060 2285 Oblatas.

486 2585 662 2657 Sacerdos
688 2585 773 2656 dicit
800 2584 998 2657 Orationem
1024 2585 1071 2654 ad
1095 2584 1198 2656 Pater
1223 2592 1349 2656 noster.

336 2794 437 2866 Pater
470 2774 597 2882 sau'cte,
624 2790 762 2863 excelse
789 2801 823 2863 et
849 2791 1013 2881 timenda,
1039 2793 1094 2885 qui
1129 2812 1204 2862 cum
1230 2791 1351 2862 timore
1384 2787 1531 2864 laudaris
1566 2801 1601 2865 et

230 2909 392 2982 exaltaris
427 2909 469 2983 ab
506 2908 658 2982 omnibus
691 2906 879 2997 ordinibus,
911 2906 1106 2980 chiliadibus
1142 2916 1177 2978 et
1208 2905 1414 3004 myriadibus
1440 2909 1601 3001 Angelo-

228 3049 320 3098 rum:
349 3030 403 3122 qui
431 3051 451 3098 a
478 3021 655 3100 Cherubim
682 3024 866 3115 inclinatis,
892 3028 926 3096 in
952 3034 1043 3097 motu
1074 3033 1222 3096 rotarum
1252 3022 1480 3111 benediceris,
1516 3032 1551 3095 et
1580 3048 1601 3096 a

166 3166 168 3181 ¹
226 3146 344 3215 turmis
370 3145 550 3215 innumeris
577 3139 753 3236 Seraphim
779 3144 970 3232 igneomm,
1005 3139 1319 3213 sanctificationibus
1355 3138 1531 3232 gloriosis,
1567 3150 1602 3213 et

226 3263 366 3332 canticis
393 3256 676 3346 immaterialibus,
702 3279 778 3330 cum
805 3268 951 3330 tremore
978 3256 1211 3330 sanctificaris:
1239 3258 1295 3351 qui
1321 3258 1420 3327 etiam
1448 3257 1601 3330 adoraris

227 3384 264 3448 et
289 3374 487 3468 glorificaris
515 3398 535 3446 a
562 3372 659 3446 nobis
685 3373 841 3461 infirmis,
868 3372 1028 3467 abjectis,
1055 3384 1089 3445 et
1114 3374 1273 3445 terrenis:
1300 3373 1454 3467 Aequum
1487 3384 1541 3447 est
1566 3383 1602 3447 ut

227 3495 425 3563 invocemus
452 3500 486 3561 te
511 3489 612 3562 Pater
644 3500 799 3577 aeterne,
834 3511 897 3584 per
928 3489 1109 3562 doctrinam
1145 3488 1313 3563 vivificam
1349 3500 1383 3560 et
1417 3491 1602 3562 orationem

229 3606 446 3695 dominicam,
474 3629 572 3702 mam
597 3609 784 3698 unigenitus
810 3606 914 3678 Filius
940 3618 1015 3679 tuus
1040 3605 1227 3701 Apostolos
1254 3626 1335 3679 suos
1368 3615 1505 3679 sanctos
1532 3606 1601 3680 uo.-

230 3726 312 3812 cuit,
339 3733 373 3795 et
398 3727 526 3819 pignus·
544 3721 731 3816 adoptionis
756 3721 898 3794 liliorum
923 3720 1021 3795 nohis
1048 3724 1237 3811 concessit,
1263 3726 1491 3818 mysteriaque
1516 3722 1602 3796 haec

229 3840 366 3912 vivifiea
392 3839 491 3913 nobis
516 3836 658 3927 tradidit,
685 3847 721 3910 ut
746 3860 820 3910 cum
842 3837 961 3910 hducia
987 3861 1075 3933 quae
1100 3838 1186 3912 hhos
1212 3836 1310 3911 decet
1336 3848 1370 3911 et
1391 3841 1500 3929 juvat,
1527 3863 1602 3913 eum

230 3958 340 4027 anima
366 3964 507 4050 purgata
534 3978 555 4027 a
581 3954 719 4027 maculis
745 3959 892 4050 peccati,
919 3963 1030 4027 mente
1057 3953 1099 4027 ab
1132 3955 1284 4029 omuibus
1318 3953 1489 4031 affectibus
1520 3980 1602 4029 ma-

229 4069 402 4143 torialihus
427 4069 553 4159 libera,
581 4070 685 4143 eorde
710 4090 794 4166 puro
822 4094 842 4142 a
868 4073 995 4142 cunctis
1021 4070 1281 4163 cogitationibus
1308 4073 1509 4163 carnalibus,
1535 4097 1601 4147 una

230 4210 320 4261 voce
346 4190 527 4280 gratiarum
554 4192 694 4261 actionis
720 4188 838 4284 plena,
866 4187 1047 4260 audeamus
1073 4197 1107 4261 te
1133 4191 1296 4261 iuvocare
1321 4189 1454 4261 Patrem
1488 4194 1600 4264 omni-

230 4313 424 4401 potentem,
452 4326 568 4392 orare,
596 4317 629 4377 et
657 4304 778 4377 dicere.
831 4306 932 4378 Pater
957 4316 1072 4378 noster
1099 4308 1155 4401 qui
1180 4328 1218 4380 es
1244 4308 1277 4377 iu
1305 4305 1419 4378 coelis.

335 4421 496 4514 Popalas.
550 4420 782 4495 Sanctificetur
807 4443 929 4494 nomeu
956 4432 1056 4494 tuum.

335 4536 519 4609 Sacerdos.
571 4538 715 4611 Domine
740 4536 836 4611 fortis
864 4546 898 4609 et
923 4546 1064 4634 potens,
1091 4541 1146 4633 qui
1171 4541 1343 4627 virtutem,
1377 4549 1412 4612 et
1442 4549 1601 4634 potesta-

231 4665 298 4726 tem
325 4653 422 4726 nobis
449 4653 568 4728 dedisti
594 4654 759 4728 adversus
784 4657 940 4727 virtutem
965 4654 1071 4728 hostis
1097 4655 1289 4751 spiritualis,
1315 4655 1419 4728 lihera
1446 4666 1481 4728 et
1506 4657 1602 4729 salva

230 4792 295 4844 nos
322 4769 364 4842 ah
392 4770 543 4843 omnibus
570 4770 724 4844 sordibus
750 4772 948 4867 perniciosis
975 4780 1044 4843 eta
1065 4769 1301 4845 tentationibus
1327 4768 1601 4864 intolerabilibus

231 4890 406 4981 virgisque
430 4886 570 4961 furoris:
597 4892 675 4984 quia
701 4898 791 4961 tuum
818 4895 870 4959 est
895 4908 1046 4980 reguum,
1073 4898 1107 4959 et
1132 4897 1167 4959 tu
1194 4909 1323 4967 esrex
1349 4887 1491 4979 gloriae,
1518 4885 1601 4960 tihi-

234 5026 299 5099 que
324 5004 464 5095 gloriam
490 5005 684 5094 referimus,
711 5013 746 5075 et
770 5007 941 5097 unigenito
968 5004 1054 5077 Filio
1081 5015 1158 5097 tuo,
1184 5015 1219 5076 et
1243 5002 1379 5100 Spiritui
1406 5015 1534 5078 sancto.

337 5119 498 5215 Populus.
551 5122 671 5195 Amen.

1320 5237 1400 5312 40*
