4525 6034
716 588 811 662 176·
1218 595 1578 678 LITURGIA

712 773 823 838 Christi
845 774 883 837 ed
906 775 1163 839 consecrationem
1185 779 1288 859 ponis,
1316 799 1356 842 ex
1378 780 1541 844 ontissione
1562 788 1596 844 ut
1616 781 1751 858 videtur,
1773 781 1892 863 qualem
1913 787 2060 850 notavimus

712 874 743 937 in
772 894 807 937 ee
838 893 916 957 quoe
946 875 1086 938 tribuitur
1106 876 1252 959 Dionysio
1275 879 1433 943 Barsalibi:
1464 881 1550 944 aliter
1579 901 1614 945 se
1644 880 1735 944 habet
1761 881 1859 950 forme
1891 884 2003 946 calicis:
2028 887 2062 949 ite

710 975 836 1039 scilicet.
880 975 938 1037 tlte
959 983 1006 1052 cet
1025 978 1152 1057 sanquis
1173 997 1267 1055 merce,
1288 981 1321 1040 in
1341 979 1428 1042 Nooo
1451 981 1654 1045 Testamento:
1675 1001 1742 1044 cum
1764 982 1795 1044 in
1808 982 1976 1064 Evangelio
1996 987 2062 1047 scri-

712 1083 795 1155 ptum
818 1075 867 1152 sit,
890 1075 947 1138 Hic
969 1076 1053 1137 calix
1074 1096 1185 1138 novom
1207 1086 1411 1141 testamentum
1434 1089 1480 1142 est
1500 1083 1532 1143 in
1553 1101 1619 1143 mea
1641 1083 1793 1161 sanquine.

799 1174 829 1238 2.
852 1172 934 1237 llaec
958 1175 1054 1237 oratio
1077 1194 1134 1256 pro
1159 1175 1335 1239 Christianis
1356 1177 1492 1258 Regibus
1514 1197 1574 1243 non
1597 1181 1718 1243 extabat
1741 1182 1770 1242 in
1794 1180 1907 1245 Codice
1929 1198 1988 1263 quo
2007 1181 2061 1244 llo-

711 1274 789 1335 moni
811 1274 944 1338 editores
966 1277 1012 1337 usi
1035 1284 1115 1355 sunt,
1138 1284 1169 1339 et
1192 1296 1231 1339 ex
1253 1277 1326 1341 lllss.
1350 1294 1415 1339 eam
1438 1279 1615 1370 adjecimus:
1643 1280 1680 1343 de
1703 1300 1738 1343 ee
1761 1280 1833 1343 nihil
1857 1281 2064 1342 observandum

712 1375 855 1454 occurrit,
878 1382 1002 1456 praeter
1024 1375 1074 1438 ille
1097 1378 1227 1459 quaein
1250 1377 1316 1439 aliis
1337 1377 1481 1461 Liturgiis
1504 1378 1676 1443 adsimiles
1700 1380 1841 1443 formulas
1863 1383 2034 1445 notavimus.

1141 1690 1656 1734 -w—-m

1097 2089 1699 2270 Lttuudtl

759 2421 937 2541 illidi
972 2421 1437 2563 imbutoribus,
1473 2426 1543 2543 ut
1577 2425 2025 2546 diluentibus.

1107 2710 1259 2783 Primam
1285 2709 1406 2784 Oratio
1432 2717 1513 2784 aotc
1536 2711 1675 2785 Pacem.

778 2909 895 3013 Deos
927 2936 1029 3008 Pater
1065 2940 1120 3032 qui
1156 2935 1274 3009 Filium
1310 2945 1400 3007 tuum
1437 2936 1589 3009 dilectum
1622 2941 1740 3010 misisti
1768 2937 1811 3010 ad
1838 2936 1981 3011 salutem
2005 2962 2067 3014 no-

708 3064 825 3128 stram:
859 3056 914 3149 qui
945 3053 1080 3143 infirmi,
1113 3057 1232 3147 egeni,
1263 3064 1297 3126 et
1331 3053 1472 3126 morbidi
1505 3077 1655 3144 eramus,
1689 3058 1744 3150 qui
1783 3079 1847 3151 per
1879 3060 2067 3147 sauguinem

707 3194 803 3246 suum
829 3172 1038 3259 dominicum,
1064 3192 1128 3243 nos
1155 3171 1301 3267 perditos
1329 3169 1462 3242 reduxit
1488 3172 1529 3243 ad
1557 3170 1646 3243 ovile
1673 3182 1760 3242 tuum
1789 3170 1976 3267 spirituale:
2008 3171 2067 3241 de·

706 3311 883 3386 precemur
909 3297 943 3358 te
969 3287 1130 3376 Domine,
1163 3297 1200 3358 ut
1226 3281 1389 3382 suscipias
1423 3309 1443 3357 e
1478 3287 1629 3360 manibus
1661 3290 1785 3360 nostris
1819 3287 2066 3384 peccatricibus,
2170 3287 2173 3295 ⁴

648 3481 650 3486 ,
707 3397 904 3478 sacrificium
930 3403 995 3476 hoo
1021 3403 1210 3491 timendum,
1238 3400 1420 3498 spirituale,
1447 3413 1481 3474 et
1506 3405 1725 3491 incruentum,
1753 3414 1787 3475 et
1811 3427 1874 3500 per
1900 3402 1981 3476 illud
2005 3427 2066 3474 ve-

707 3525 794 3593 niam
822 3519 971 3592 concede
998 3528 1225 3615 peccatorum,
1251 3521 1522 3624 iusipientiarum,
1549 3529 1583 3591 et
1608 3522 1788 3608 criminum,
1815 3542 1902 3614 qrree
1930 3545 1951 3592 a
1976 3519 2066 3591 nobis

708 3640 886 3710 commisse
913 3645 1005 3708 sunt:
1032 3659 1095 3733 per
1120 3635 1366 3732 beneplacitum
1391 3629 1571 3708 voluntatis
1599 3647 1686 3725 tuoe,
1714 3647 1747 3707 et
1772 3658 1833 3730 per
1860 3641 2013 3728 gratiam
2036 3646 2065 3710 et

708 3752 982 3844 misericordiam,
1010 3762 1044 3825 et
1069 3776 1218 3826 amorem
1245 3750 1501 3844 ergohomines,
1528 3755 1687 3845 unigeniti
1701 3751 1776 3823 Filii
1802 3754 1860 3840 tui,
1886 3775 2064 3848 perquem

707 3878 842 3942 etcum
869 3890 933 3966 quo
960 3879 994 3942 te
1021 3869 1129 3963 decet,
1155 3869 1277 3963 gloria,
1304 3867 1468 3960 ethonor‚
1496 3878 1530 3940 et
1553 3872 1735 3965 imperium,
1761 3892 1836 3941 cum
1863 3869 1988 3965 Spiritu
2014 3878 2062 3939 tuo

706 3987 799 4086 vivo.

809 4102 970 4196 Popalao.
1022 4102 1142 4206 Amen.
1542 4188 1547 4200 ·

810 4218 994 4292 Sacerdos.
1048 4217 1171 4291 Coram
1198 4226 1244 4308 te,
1269 4216 1414 4289 Domine
1439 4219 1543 4305 Deus,
1569 4215 1762 4290 inclinemus
1775 4217 1862 4290 colla
1890 4224 2062 4292 animarum

707 4357 952 4433 corporumque
977 4344 1180 4425 nostrorum,
1207 4343 1241 4405 et
1267 4335 1419 4423 oramus,
1452 4337 1659 4430 petimusque
1686 4357 1705 4404 o
1733 4334 1908 4408 clementia
1935 4348 2008 4423 tuo,
2033 4343 2064 4403 ut

705 4451 860 4545 largiaris
893 4451 991 4524 nobis
1025 4450 1156 4522 divitias
1189 4453 1337 4543 gratim,
1369 4450 1598 4542 benignitatis,
1633 4459 1668 4521 et
1698 4451 1951 4524 misericordiae
1974 4462 2061 4522 tuae:

706 4570 843 4642 auxilie
858 4580 915 4640 tua
939 4590 1003 4642 nos
1031 4567 1191 4662 adjuvent
1217 4567 1369 4641 omnibus
1398 4566 1514 4639 diebus
1540 4570 1630 4639 vitoe
1655 4575 1801 4655 nostroe,
1828 4592 1891 4664 per
1918 4571 2061 4662 gratiam,

706 4684 978 4773 misericordiam,
1006 4695 1041 4756 et
1066 4704 1216 4756 amorem
1243 4706 1327 4777 erga
1353 4683 1502 4755 homines
1529 4685 1688 4775 unigeniti
1713 4681 1788 4754 Filii
1815 4688 1872 4756 tui.

808 4801 971 4896 Papulas.
1023 4802 1143 4873 Amen.

809 4918 985 4992 Sacerdos
1020 4918 1157 4990 elevares
1193 4941 1319 4990 vacem.
1371 4920 1513 4991 Domine
1548 4916 1641 4988 Deus
1673 4919 1904 5013 omnipotens,
1944 4922 1995 5013 qui
2026 4938 2060 4988 ee

706 5038 828 5112 caritas
854 5058 956 5129 vere,
983 5044 1017 5108 et
1042 5043 1178 5130 sancte,
1204 5043 1339 5133 praesto
1374 5035 1471 5108 nobis
1496 5044 1532 5107 ut
1562 5032 1713 5107 omuibus
1739 5033 1857 5107 diebus
1882 5037 1971 5108 vitoe
1994 5052 2058 5103 no·
