4525 6034
637 548 715 624 294
1247 548 1483 625 uoltu

637 736 699 797 nio.
745 733 859 796 Tamen
882 753 922 796 ex
946 734 1083 797 oratione
1107 750 1185 813 quae
1208 734 1345 797 omatibus
1368 733 1427 796 illis
1451 733 1666 815 praemittitur,
1697 733 1770 814 quid
1798 734 1829 796 in
1851 733 2021 813 participa-

637 833 721 895 tione
743 832 951 895 Eucharistiae
975 832 1074 896 datum
1098 831 1276 896 Christianis
1298 832 1400 911 luerit,
1423 833 1536 897 docere
1553 851 1610 897 nos
1631 832 1887 906 vultSalmaslus3
1910 850 2020 915 nempe

638 948 698 993 uon
722 950 800 1012 quae
823 932 853 993 in
878 932 943 1013 ipsa
967 932 1106 995 oratione
1129 934 1357 1010 contineantur,
1390 932 1446 995 sed
1469 950 1547 1013 quae
1570 933 1600 993 in
1623 931 1840 995 absurdissimo
1863 949 2020 996 commen-

637 1032 734 1093 tario:
759 1049 848 1112 quem
869 1031 936 1094 sola
959 1031 1114 1114 liturgiae
1138 1030 1296 1113 dispositio
1318 1030 1439 1095 refellit.
1484 1031 1575 1109 Nam,
1608 1038 1641 1093 ut
1671 1031 1769 1093 omnia
1799 1031 1866 1112 ejus
1893 1038 2020 1113 peecata

638 1147 698 1191 uno
722 1130 831 1192 intuitu
853 1139 1035 1211 appareant,
1080 1129 1186 1193 Oratio
1218 1149 1306 1211 quam
1329 1133 1417 1207 citat,
1448 1147 1507 1192 uon
1538 1129 1647 1192 dicitur
1674 1138 1746 1210 post
1768 1131 2018 1206 communionem,

636 1228 691 1291 sed
715 1227 807 1292 inulto
830 1230 926 1309 prius.
971 1228 1122 1292 Sacerdos
1145 1247 1207 1292 non
1236 1229 1380 1311 populum
1409 1229 1588 1310 alloquitur,
1619 1227 1675 1291 sed
1702 1227 1817 1291 Deum:
1846 1227 1918 1289 nilril
1946 1226 2020 1288 dicit

638 1343 744 1389 eorum
768 1346 845 1408 quae
869 1328 1033 1391 Salmasius
1064 1330 1228 1410 supponit:
1258 1329 1379 1391 tandem
1402 1330 1500 1392 oratio
1535 1326 1736 1391 Confessione
1763 1328 1948 1408 explicatur,
1978 1325 2019 1388 de

636 1444 695 1506 qua
717 1427 844 1489 verbum
867 1427 918 1489 ille
940 1445 1001 1490 non
1024 1427 1106 1505 lecit,
1129 1446 1188 1491 nec
1209 1428 1397 1507 Albertinus,
1419 1446 1477 1491 nec
1499 1428 1559 1505 alii,
1587 1428 1723 1507 quamvis
1746 1433 1866 1489 extaret
1888 1426 1919 1486 in
1941 1442 2019 1486 ver-

636 1527 722 1588 sione
745 1524 851 1589 Latina
874 1527 996 1608 saepius
1020 1527 1115 1605 adita,
1147 1528 1233 1590 utin
1263 1527 1388 1590 Canone
1416 1526 1557 1589 Generali
1587 1525 1780 1606 Aethiopum.
1832 1524 1890 1599 Qui
1919 1523 2020 1586 credit

638 1642 716 1705 quae
739 1623 790 1689 ilia
813 1623 1015 1690 confessione
1038 1628 1246 1705 continentur,
1275 1625 1497 1690 aSalmasiana
1522 1623 1690 1707 Theolcgia
1712 1624 1929 1687 remotissimus
1952 1631 2017 1686 est:

638 1735 668 1790 at
697 1729 738 1789 ita
769 1726 905 1808 Coptitas
933 1725 1061 1787 eredere
1083 1726 1135 1806 qui
1165 1732 1268 1809 neget,
1299 1724 1372 1789 illud
1400 1725 1507 1789 saltem
1536 1742 1652 1807 negare
1681 1741 1742 1785 non
1771 1724 1883 1805 poterit
1913 1721 2018 1785 verbis

637 1826 940 1910 significantioribus,
978 1826 1137 1906 minusque
1168 1824 1315 1908 ambiguis
1345 1825 1433 1888 sudem
1463 1824 1555 1887 realis
1583 1824 1840 1886 transmutationis
1869 1820 2018 1902 explicari

637 1944 697 1989 non
720 1942 829 2007 posse,
861 1925 938 1988 adeo
961 1931 995 1986 ut
1017 1924 1156 1987 Ecclesia
1178 1924 1312 1987 Romana
1343 1925 1373 1986 in
1396 1922 1590 1986 Proiessioue
1620 1921 1690 1984 tidei
1716 1929 1787 2003 post
1810 1919 2018 1983 Tridentinuru

640 2024 807 2088 Concilium
837 2023 1005 2106 publicata,
1040 2041 1102 2086 uon
1131 2024 1227 2105 magis
1255 2024 1418 2105 perspicue
1448 2022 1487 2085 de
1516 2020 1706 2085 Eucharistia
1733 2020 1891 2102 loquatur,
1927 2036 2018 2099 quam

637 2124 695 2187 ista
718 2131 788 2187 anta
811 2123 1056 2189 Communiouem
1081 2121 1252 2187 Confessio.

1047 2412 1601 2460 ,ψῃ

807 2836 890 2955 IN
941 2832 1399 2952 ulluudllu
1453 2828 1856 2947 uoltlulu

1125 3069 1299 3149 suncti
1341 3067 1523 3145 dlltlttt

1242 3266 1416 3351 llll'l'ss.

1150 3478 1513 3494 m

984 3670 1665 3768 LiturpiuCyrilli.

731 3890 828 3969 Haec
848 3900 985 3984 liturgia
1007 3916 1066 3961 una
1090 3905 1139 3960 est
1160 3915 1201 3960 ex
1223 3894 1337 3973 tribus,
1369 3911 1444 3975 quas
1469 3892 1608 3974 Coptitae
1630 3889 1787 3953 Jacobitae
1818 3894 1963 3968 usurpant
1984 3888 2020 3950 in

640 4008 738 4070 sacris
762 4006 877 4084 olllciis,
900 4011 934 4066 ut
956 4023 996 4066 ex
1012 3999 1196 4064 Christoduli
1217 3998 1408 4061 Patriarclrac
1432 3995 1716 4072 constitutionibus,
1738 3991 1926 4070 Abulbircat,
1946 3990 2020 4053 Au-

640 4114 710 4170 tore
734 4105 885 4169 Scientiae
907 4102 1142 4166 Ecclesiastioae
1165 4107 1196 4161 et
1218 4097 1284 4161 aliis
1308 4097 1461 4161 discimus.
1495 4095 1568 4158 Eam
1592 4093 1700 4157 Codex
1726 4091 2019 4154 Graeco-Arabicus

639 4223 703 4270 non
725 4210 948 4286 repraesentat,
971 4218 1030 4263 non
1053 4198 1137 4281 quod
1160 4199 1289 4276 Graece,
1313 4205 1345 4259 ut
1367 4197 1445 4259 duae
1467 4195 1556 4273 aliae,
1578 4211 1640 4257 non
1655 4192 1799 4269 extiterit,
1822 4189 1889 4265 sed,
1910 4198 1943 4252 ut
1957 4208 2019 4252 ve-

640 4303 765 4367 risimile
788 4311 847 4382 est,
871 4300 1054 4382 exemplaris
1083 4297 1217 4361 deiectu.
1261 4296 1353 4373 Nam,
1379 4303 1413 4358 ut
1436 4312 1503 4357 eam
1532 4292 1774 4373 comparantibus
1798 4307 1866 4352 cum
1888 4289 2018 4365 Graeca,

641 4402 735 4465 llarci
759 4404 879 4465 nomine
901 4401 982 4464 edita
1003 4398 1192 4461 manifestum
1215 4402 1274 4472 est,
1296 4395 1429 4458 secunda
1453 4396 1518 4475 ejus
1542 4410 1630 4475 pars,
1658 4394 1724 4454 sive
1746 4388 1912 4470 Anaplrora
1937 4403 2019 4468 pro-

640 4503 709 4582 prie
731 4502 822 4577 dicta,
845 4501 932 4563 alteri
954 4507 1001 4562 est
1024 4500 1064 4560 ita
1085 4497 1202 4575 similis,
1223 4497 1250 4558 si
1272 4511 1369 4575 pauca
1393 4494 1571 4573 excipimus,
1603 4498 1636 4552 ut
1658 4509 1698 4553 ex
1721 4488 1829 4553 eodem
1850 4486 1933 4548 iente
1954 4484 2018 4547 llu-

642 4604 726 4664 xisse
756 4609 915 4681 utramque
942 4604 1096 4679 appareat.
1142 4597 1221 4661 Saue
1252 4593 1430 4656 Abulbircat
1458 4610 1526 4654 curn
1559 4591 1637 4653 lianc
1669 4589 1834 4671 liturgiam
1863 4592 2017 4663 recenset,

642 4721 709 4763 eam
733 4718 749 4761 a
774 4698 925 4763 nonnullis
947 4697 1042 4760 Marci
1065 4697 1186 4759 nomine
1209 4693 1399 4774 appellatam,
1422 4697 1533 4754 monet.

730 4799 784 4862 llla
813 4814 889 4860 vero
920 4814 998 4878 quae
1030 4795 1087 4863 hoc
1116 4792 1202 4856 titulo
1231 4790 1310 4854 edita
1338 4791 1394 4853 luit
1416 4807 1495 4852 anno
1520 4786 1615 4851 1583.
1660 4785 1815 4864 Lutatiae,
1844 4783 1962 4845 Graece
1983 4788 2018 4844 et

642 4898 749 4961 Latine
777 4915 794 4958 a
822 4897 941 4959 loanue
969 4913 987 4957 a
1016 4895 1047 4958 S.
1077 4892 1202 4955 Andrea
1229 4892 1357 4974 insignis
1385 4889 1544 4952 Ecclesiae
1573 4887 1751 4951 Parisiensis
1783 4883 1952 4955 canonico,
1975 4898 2018 4941 ex

645 4996 759 5060 Codice
782 4993 1104 5078 Grypo-Ferratensi,
1126 4990 1159 5054 id
1179 4989 1271 5053 habet
1292 4988 1459 5073 singulare,
1482 4985 1574 5068 quod,
1596 4993 1740 5067 quantum
1762 4984 1915 5065 conjicere
1938 4995 2018 5059 pos-
