4525 6034
660 563 807 638 XXXVI
1185 566 1568 644 DlSSERTATlO

362 773 416 820 ο·
490 771 548 821 ·ι.
659 753 768 826 multis
795 755 998 845 argumentis
1024 752 1191 849 probavit
1244 751 1338 824 llaec
1364 773 1468 848 porro
1495 764 1571 826 sunt
1596 777 1683 848 quae
1709 758 1743 827 iu
1770 755 1825 828 illa
1850 755 2033 852 Amphilo-

659 867 722 940 chii
749 872 819 942 vita
846 869 1013 961 leguntur,
1041 879 1076 941 et
1102 891 1189 965 quae
1214 866 1319 940 refert
1343 867 1482 941 Aeneas
1509 868 1721 962 Parisieusis,
1747 874 1781 943 in
1807 871 1891 945 haec
1917 872 2035 945 verba.

659 984 747 1057 Post
772 985 940 1079 quoddam
967 991 1078 1055 auten
1105 966 1233 1077 ternpus
1254 984 1442 1076 postolavit
1466 986 1593 1074 Deum,
1622 993 1660 1056 ot
1685 986 1786 1058 duret
1810 988 1863 1059 ilii
1887 992 2036 1083 pretioue

659 1108 762 1194 utque
788 1100 992 1171 intellectam
1021 1103 1177 1193 propriis
1207 1099 1418 1172 sermonibus
1451 1104 1579 1196 offerre
1611 1105 1868 1198 inconpoioeum
1891 1108 2034 1198 comfi-

658 1219 745 1286 einm
771 1215 831 1303 illi,
859 1222 894 1286 et
918 1218 1036 1286 uenire
1062 1238 1165 1308 anper
1191 1237 1265 1286 eron
1290 1219 1403 1286 eoacti
1427 1216 1578 1310 Spiritus
1609 1218 1798 1291 ademtam.
1849 1220 1938 1292 Pori
1962 1222 2037 1295 dier

656 1351 740 1402 oero
766 1354 840 1418 reo,
866 1334 955 1403 sieut
981 1334 1016 1401 in
1043 1338 1165 1403 eetoae
1186 1334 1303 1424 foetos
1328 1331 1475 1403 advento
1491 1337 1603 1405 soracti
1621 1334 1783 1427 Spiritus,
1810 1338 1954 1427 septimo
1978 1338 2036 1409 die

658 1447 944 1541 apprehendente,
973 1450 1087 1540 eoepit
1111 1449 1308 1518 ministrare
1332 1447 1430 1536 Deo,
1465 1472 1531 1543 per
1562 1449 1713 1544 sinqqur
1744 1450 1827 1521 dier.
1879 1451 1930 1522 Et
1956 1460 2037 1546 port

658 1563 799 1658 aliquod
824 1570 960 1656 tempus,
984 1563 1054 1656 (ide
1081 1570 1116 1633 et
1142 1565 1314 1651 oratione,
1341 1566 1456 1656 eoepit
1476 1567 1738 1659 propriomonu
1752 1564 1906 1638 reatae
1928 1572 2036 1639 mini-

657 1683 835 1752 atrotionie
860 1682 1029 1771 eupaterio.
1083 1680 1200 1772 Atque
1225 1701 1295 1748 nno
1319 1685 1422 1750 noete
1446 1679 1631 1752 adueniens
1661 1683 1696 1751 ei
1721 1680 1888 1754 Dominae
1913 1686 1949 1755 in
1974 1688 2036 1755 oi-

658 1799 756 1867 eiooe
782 1818 855 1865 cum
881 1793 1074 1887 Apostoiie,
1098 1796 1370 1888 propositionem
1399 1798 1503 1888 ponis
1531 1799 1669 1889 faciens
1701 1798 1738 1866 in
1772 1804 1892 1869 nuncto
1919 1798 2036 1887 ultori,

659 1913 825 1981 excitauit
841 1909 1019 1996 Boethium,
1047 1910 1165 1981 dicens
1182 1913 1227 1998 ei,
1252 1910 1433 1983 recondam
1450 1934 1545 1982 soom
1562 1910 1836 2004 postulationem.
1875 1914 2066 2007 stephan-a

659 2033 714 2097 tor
740 2049 780 2099 oa
806 2034 896 2097 tarum
922 2025 1042 2113 lande,
1078 2031 1116 2127 apt
1144 2047 1211 2119 per
1240 2028 1406 2118 proprior
1430 2046 1603 2097 ammones
1629 2029 1757 2121 offeror
1783 2030 2038 2122 inconquineron

599 2202 605 2209 .
656 2144 874 2235 omnificion,
903 2144 961 2235 qni
986 2162 1055 2211 non
1078 2144 1199 2234 serem
1223 2143 1402 2227 eiaionern,
1435 2144 1590 2213 canerit
1615 2165 1689 2212 mon
1715 2148 1880 2231 menore,
1908 2152 1944 2215 et
1968 2168 2037 2216 oc-

347 2502 646 2568 ltejiciturtestimouium

338 2603 371 2640 ex
383 2591 435 2641 vita
445 2588 543 2643 Basilii.

658 2259 783 2329 cedens
808 2257 857 2327 ud
881 2256 994 2328 altore
1021 2260 1136 2349 coepit
1162 2256 1280 2327 dicere
1304 2256 1459 2328 scribens
1484 2260 1521 2326 in
1548 2256 1672 2328 chorte
1697 2260 1758 2345 eie,
1781 2258 1972 2352 Repleotur
1998 2281 2039 2332 oe

657 2396 764 2445 meum
790 2372 903 2461 lande,
930 2379 993 2443 etc.
1021 2372 1149 2446 scilicet
1174 2370 1320 2468 reliquas
1346 2370 1520 2465 Litarrgiae
1545 2394 1677 2468 preces.

763 2489 989 2580 Agnoscimus
1006 2509 1088 2560 saue
1116 2490 1150 2558 in
1176 2491 1240 2559 ista
1267 2490 1458 2560 narratione
1477 2485 1682 2559 Graecorum
1709 2486 1944 2586 octipedem
1971 2511 2037 2560 uec

658 2610 693 2679 in
719 2604 919 2677 vindicanda
945 2602 1032 2674 illius
1067 2606 1211 2676 veritate
1244 2625 1349 2699 opera
1381 2602 1567 2676 abutemur:
1600 2602 1680 2676 illud
1706 2605 1932 2678 tautummodo
1966 2602 2037 2677 ob-

659 2717 869 2796 servabimus
886 2718 1071 2814 simplicem
1083 2718 1171 2792 illius
1186 2721 1386 2791 narrationis
1401 2739 1536 2791 sensum
1555 2718 1831 2810 essartandum,
1858 2731 2037 2815 antequam

659 2859 775 2910 sacras
803 2835 974 2927 Liturgiae
1000 2856 1120 2930 preces
1148 2834 1329 2924 ordinaret,
1356 2834 1463 2906 Deum
1492 2838 1689 2939 invocasse,
1718 2858 1827 2930 eoque
1854 2839 2038 2931 inspirante

657 2975 741 3049 opus
768 2950 963 3047 perfecisse.
1017 2950 1159 3045 Reliqua
1186 2973 1295 3047 neque
1322 2953 1430 3022 sancti
1456 2952 1522 3022 viri
1547 2950 1729 3040 humilitati,
1755 2974 1865 3046 neque
1883 2951 2037 3046 discipli-

658 3091 724 3141 nae
751 3069 972 3156 conveniunt,
1003 3069 1204 3162 praesertim
1238 3088 1311 3137 cum
1346 3069 1378 3137 in
1413 3070 1486 3162 ipsa
1519 3066 1670 3159 Liturgia
1704 3089 1824 3163 preces
1860 3078 2038 3140 occurrant

657 3185 744 3257 illius
770 3180 976 3277 temporibus
1004 3185 1226 3277 antiquioreS,
1259 3192 1295 3253 ut
1328 3194 1404 3255 suut
1429 3180 1617 3273 Praefatio,
1650 3181 1791 3279 hymnus
1819 3181 2037 3276 Cheruhicus,

659 3301 813 3372 recitatio
840 3296 1023 3370 verborum
1042 3296 1177 3382 Christi,
1203 3297 1377 3371 invocatio
1398 3298 1541 3394 Spiritus
1568 3301 1686 3387 sancti,
1714 3297 1830 3371 Oratio
1848 3297 2037 3388 Dominica,

656 3417 790 3488 Sancto
816 3416 957 3501 eunctis,
985 3422 1019 3483 et
1045 3413 1208 3506 quaedam
1236 3412 1323 3485 aliae
1350 3418 1438 3485 sacri
1454 3413 1561 3486 Ohicii
1586 3424 1711 3511 partes.
1764 3413 1883 3509 Neque
1910 3436 2037 3509 operae

657 3533 797 3626 pretium
833 3538 886 3600 est
917 3530 982 3599 viri
1018 3527 1198 3601 doctissimi
1229 3527 1350 3601 Jacohi
1387 3526 1502 3602 Goarii
1535 3530 1715 3626 exemplo,
1750 3529 1793 3601 de
1828 3530 2036 3602 concilianda

657 3645 769 3718 Procli
795 3646 998 3733 narratione,
1026 3666 1100 3715 cum
1126 3643 1402 3740 Amphilochiana
1430 3656 1610 3738 satagere,
1638 3667 1713 3716 cum
1739 3646 1803 3719 ista
1831 3644 2035 3719 mhahilihus

656 3761 722 3835 illis
755 3757 959 3844 ἕπειςοὸίοις
983 3762 1168 3834 novitatem
1195 3763 1268 3856 ipsa
1295 3782 1388 3832 suam
1415 3760 1616 3834 sufficienter
1642 3759 1781 3857 prodat:
1815 3758 1920 3833 altera
1947 3765 2035 3833 sim-

656 3875 739 3972 plex
766 3880 808 3948 sit
833 3879 1008 3971 magisque
1035 3876 1245 3962 verisimilis,
1280 3900 1377 3972 quam
1405 3877 1529 3949 ideirco
1557 3878 1664 3951 solum
1691 3875 1849 3948 Trullaua
1876 3875 2035 3972 Synodus

657 3992 838 4087 adoptavit.
901 3991 957 4063 Ex
992 4015 1033 4064 ea
1069 3995 1156 4064 euim
1192 3995 1273 4065 satis
1309 3991 1521 4065 couhrmatur
1559 3997 1615 4089 pia
1648 3995 1792 4064 omnium
1828 3989 2035 4065 Graecarum

514 4114 519 4123 ⁴
657 4109 809 4198 traditio,
861 4107 1043 4181 secuudum
1085 4131 1182 4202 quam
1230 4130 1350 4204 preces
1384 4107 1637 4181 Eucharisticae
1682 4129 1768 4202 quae
1812 4106 2036 4181 versabantur

369 4594 551 4649 Testimonium
575 4596 646 4652 Petri

334 4679 442 4734 Diaeoui
453 4680 488 4733 de
497 4682 586 4735 Basilii
599 4683 646 4735 hi-

332 4767 426 4835 turgia.

659 4226 803 4296 omnium
817 4224 982 4316 manibus,
1009 4224 1104 4296 etad
1131 4224 1247 4298 altaria
1275 4235 1346 4297 toto
1372 4227 1496 4322 passim
1514 4223 1651 4296 Oriente
1677 4222 1932 4318 usurpahautur,
1958 4245 2038 4297 esse

658 4362 678 4410 a
705 4339 831 4413 Basilio
855 4343 952 4432 juxta
988 4350 1159 4436 receptam
1187 4340 1457 4413 consuetudinem
1485 4339 1673 4429 ordinatas,
1700 4361 1829 4435 usuque
1854 4337 2034 4411 Ecclesia-

657 4476 730 4526 rum
755 4453 917 4552 probatas
944 4465 979 4528 et
1004 4456 1229 4545 confirmatas,
1259 4459 1459 4530 existimant.

767 4572 893 4644 Verum
928 4581 1024 4644 extat
1055 4575 1220 4667 antiquius
1253 4571 1354 4645 urulto
1399 4573 1442 4646 de
1474 4572 1626 4664 liturgia
1660 4571 1776 4644 Basilii
1808 4572 1879 4662 jam
1911 4572 2033 4665 scripta

659 4689 882 4759 testimouium
902 4687 992 4759 Petri
1008 4688 1165 4778 Diaconi,
1194 4698 1228 4761 et
1254 4689 1393 4762 aliorum
1406 4688 1661 4779 Monachorum,
1688 4690 1743 4783 qui
1769 4689 1803 4757 iu
1829 4708 1932 4758 causa
1957 4682 2035 4755 hlei

659 4823 706 4872 ex
733 4801 870 4874 Oriente
896 4802 1039 4875 Romam
1066 4806 1160 4877 missi
1185 4804 1329 4896 fuerant,
1355 4807 1389 4877 in
1415 4804 1501 4877 libro
1528 4805 1570 4878 de
1597 4805 1830 4878 lucarnatione
1857 4813 1891 4874 et
1917 4800 2033 4874 Gratia

659 4916 795 4988 Domini
820 4922 926 4991 nostri
952 4919 1034 4991 iesu
1062 4919 1185 4992 Christi
1211 4921 1254 4992 ad
1280 4920 1491 5012 Fulgentium
1519 4932 1553 4994 et
1579 4922 1662 4994 alios
1680 4919 1869 5015 Episcopus
1884 4916 2035 5000 Africae,

662 5030 797 5125 Christi,
824 5045 859 5105 ut
886 5038 988 5127 aiunt,
1015 5035 1230 5109 confessione
1256 5037 1450 5110 decoratos:
1483 5060 1604 5134 uempe
1631 5058 1706 5108 eum
1733 5058 1754 5107 a
1781 5033 2032 5109 'thrasamundo
