4525 6034
681 568 760 643 418
1064 568 1666 648 ourlrulluuul

677 759 808 830 ritatem
835 757 920 830 baec
946 757 1153 832 consuetudo
1179 780 1337 851 magnam
1362 756 1462 830 babet
1489 739 1535 830 'ex
1563 754 1756 830 Canouibus
1781 756 1940 830 Nicaenis
1955 759 2047 831 Aru-

677 875 781 965 bicis,
808 878 841 947 in
868 872 987 970 quibus
1013 876 1200 969 perscripta
1227 884 1289 946 est.
1342 871 1460 968 Neque
1487 870 1647 965 indigena
1673 872 1759 946 ullus
1778 876 1965 964 assumitur,
1991 877 2048 949 sed

677 992 841 1086 Aegyptii
867 994 1053 1079 mittuntur,
1079 1001 1119 1062 ut
1143 1012 1188 1061 ex
1214 988 1324 1061 multis
1351 987 1514 1085 exemplis
1542 986 1729 1061 observare
1745 988 1832 1060 licet
1885 988 1946 1062 Jus
1966 991 2049 1064 istud

678 1105 743 1177 buc
769 1128 875 1202 usque
900 1105 1121 1181 Alexandrini
1147 1103 1361 1177 Patriarcbae
1388 1108 1422 1175 in
1442 1103 1653 1200 Aethiopiam
1680 1115 1862 1194 exercent,
1887 1128 2049 1202 nunquam

679 1224 863 1317 interrupta
891 1221 1148 1321 consuetudine,
1174 1224 1239 1293 nisi
1265 1224 1431 1316 superiori
1458 1220 1611 1310 sacerdo,
1638 1242 1713 1292 cum
1729 1219 1838 1292 Romu
1866 1246 1884 1294 a
1913 1223 2049 1318 quibus-

682 1336 756 1409 dam
783 1338 934 1429 Regibus
967 1338 1170 1411 concordiae
1204 1335 1437 1434 procurandae
1467 1336 1638 1423 studiosis,
1675 1339 1804 1432 accepti
1837 1348 1912 1411 sunt
1945 1338 2050 1410 Latini

679 1452 914 1544 Patriarcbae,
941 1453 1002 1526 sed
1028 1453 1152 1526 infelici
1176 1452 1277 1549 plane
1304 1474 1480 1526 successu:
1508 1459 1544 1524 ut
1567 1450 1673 1523 basius
1698 1454 1733 1522 iu
1759 1452 1906 1525 Historia
1933 1454 2049 1527 Balta-

681 1572 767 1641 saris
794 1568 951 1659 Telleaii,
978 1578 1013 1640 et
1039 1572 1093 1664 qui
1121 1572 1231 1641 omnia
1259 1567 1300 1640 ab
1329 1592 1372 1642 eo
1399 1570 1540 1663 accepit,
1566 1566 1645 1640 Jobi
1670 1565 1800 1639 budelli
1826 1567 1965 1664 aliisque
1990 1593 2049 1642 re-

680 1685 883 1757 centioribus
927 1683 1096 1758 autoribus
1135 1685 1204 1777 legi
1239 1695 1359 1779 potest.
1412 1683 1508 1756 Mitto
1546 1675 1710 1756 ioannem
1743 1683 1960 1774 Bermudem,
1988 1691 2049 1781 qui,

680 1803 744 1870 etsi
780 1800 957 1892 indigena,
990 1822 1059 1872 nou
1095 1803 1204 1892 magis
1237 1810 1350 1873 tamen
1385 1824 1406 1871 a
1441 1799 1609 1895 plerisque
1643 1797 1865 1894 Aethiopibus
1898 1811 2050 1896 receptus

592 1971 596 1976 .
680 1925 752 2005 est,
779 1938 878 2010 quam
904 1918 999 1989 missi
1026 1939 1072 1988 ex
1098 1916 1271 1988 Societate
1297 1916 1379 1988 Jesu
1405 1925 1496 2005 tres,
1531 1914 1660 1987 Nonius
1693 1913 1866 2004 Burretus,
1897 1916 2049 1990 Andreas

370 2603 510 2677 Aethiopes
522 2623 555 2659 ue
567 2608 667 2678 eligere

354 2694 458 2761 quidem
472 2702 579 2762 possunt
592 2711 667 2747 suum

249 2810 253 2818 -
315 2849 318 2856 Δ
352 2775 550 2847 Metropolitum.

681 2030 848 2124 Oviedus‚
886 2042 920 2105 et
963 2053 1143 2105 successor
1181 2036 1263 2128 ipsis
1304 2032 1498 2124 designatus
1539 2030 1765 2127 Appolliuaris
1808 2030 1851 2102 de
1889 2032 2050 2106 Almeida.

681 2146 778 2233 Quae
804 2171 908 2245 porro
936 2151 1108 2221 successio
1136 2169 1253 2221 eorum
1278 2147 1546 2219 Patriarcbarum
1572 2146 1673 2219 fuerit
1698 2153 1732 2216 et
1757 2143 1835 2239 quid
1861 2146 1903 2218 de
1930 2153 2050 2240 singu-

676 2259 788 2335 lorum
826 2266 987 2338 missione
1022 2274 1056 2335 et
1097 2263 1314 2336 Ordinatioue
1349 2262 1499 2337 Historia
1531 2262 1762 2335 Alexandrina
1803 2265 2050 2359 complectatur,

678 2388 814 2473 praeter
839 2380 940 2453 multa
968 2383 1114 2475 quaein
1142 2382 1215 2472 ejus
1243 2382 1331 2453 serie
1357 2404 1377 2452 a
1403 2375 1501 2451 nobis
1535 2378 1622 2451 dicta
1658 2390 1748 2468 sunt,
1785 2378 1912 2451 dicetur
1945 2402 2050 2451 accu-

678 2497 797 2585 ratius,
824 2499 858 2566 in
882 2499 1127 2570 Dissertatione
1154 2496 1197 2568 de
1222 2495 1378 2570 Ecclesia
1403 2492 1612 2590 Aethiopica.
1689 2483 1691 2488 ’

720 2687 725 2702 ,
785 2612 902 2686 CVlll.
955 2612 1077 2686 Paucis
1105 2611 1293 2685 observare
1320 2612 1438 2685 sufficit
1464 2633 1594 2683 omnem
1614 2631 1754 2705 prorsus
1780 2608 2050 2682 Ecclesiasticam

680 2733 891 2802 autoritatem
926 2728 968 2801 ub
1003 2732 1098 2801 annis
1132 2729 1273 2825 amplius
1307 2726 1416 2819 mille,
1449 2729 1494 2799 itu
1526 2729 1561 2797 in
1592 2725 1824 2799 Alexandrino
1859 2723 2051 2796 Patriarcba

676 2845 905 2919 dacobitarum
931 2869 1015 2940 erga
1040 2844 1225 2941 Aethiopes
1251 2843 1376 2934 luisse,
1405 2853 1439 2914 ut
1465 2865 1533 2915 non
1559 2841 1659 2915 modo
1687 2841 1968 2931 ordinandorum,
1994 2838 2051 2912 sed

677 2983 742 3033 nec
768 2960 998 3055 eligendorum
1023 2960 1311 3057 Metropolitanum
1338 2981 1473 3033 suorum
1499 2957 1692 3031 facultatem
1717 2957 1887 3032 baberent
1927 2956 2051 3027 Verum

678 3081 950 3174 quotiescumque
977 3079 1023 3150 illi
1050 3078 1138 3150 diem
1172 3085 1266 3150 suuni
1299 3075 1474 3166 obierant,
1504 3072 1716 3148 mittebantur
1751 3071 1794 3144 ud
1826 3071 2051 3145 Patriarcbam

676 3194 940 3267 Alexandrinum
965 3193 1085 3267 literae
1110 3193 1219 3287 Regis
1244 3194 1425 3266 Primatum
1443 3194 1551 3284 regni,
1579 3190 1697 3285 quibus
1724 3190 1766 3261 de
1792 3192 1974 3262 vacatione
1990 3210 2050 3259 se-

677 3309 728 3381 dis
755 3314 935 3384 certiorem
962 3333 1037 3382 eum
1063 3308 1244 3396 faciebant,
1270 3308 1503 3406 rogabantque
1530 3310 1626 3385 simul
1658 3320 1694 3382 ut
1723 3331 1847 3382 novum
1883 3307 1949 3382 sibi
1974 3310 2050 3382 An-

676 3428 811 3499 tistitem
838 3428 1016 3501 ordinaret.
1070 3426 1258 3500 Voluerunt
1284 3426 1461 3522 aliquando
1496 3426 1683 3523 Aethiopes
1718 3448 1845 3519 cogere
1871 3424 2050 3521 Metropo-

676 3539 767 3614 btum
794 3567 901 3635 suum,
928 3542 1088 3617 Gabriele
1118 3544 1157 3615 F.
1194 3542 1317 3615 'l'aricb
1349 3542 1615 3616 Alexandrinam
1647 3542 1835 3615 Ecclesiam
1869 3540 2049 3629 obtinente,

675 3667 712 3728 ut
737 3658 850 3753 plures
878 3663 1025 3755 septenis
1051 3658 1242 3755 Episcopus
1270 3659 1459 3749 ordinaret,
1491 3658 1580 3754 quod
1612 3657 1667 3730 ille
1694 3659 1963 3730 constantissime
1989 3678 2048 3727 re·
2111 3679 2115 3685 ’
2232 3633 2233 3672 7

676 3778 823 3846 cusavit:
857 3779 933 3870 quia
968 3774 1088 3848 luisset
1119 3775 1153 3846 id
1184 3784 1318 3869 praeter
1354 3797 1482 3848 morem
1516 3785 1549 3847 et
1580 3779 1747 3870 antiquam
1780 3773 1908 3865 legem,
1946 3795 1991 3844 ne
2021 3775 2048 3844 si

676 3887 851 3961 duodecim
876 3891 1067 3986 Episcopus
1093 3890 1264 3996 haberent,
1292 3903 1372 3986 quot
1398 3890 1587 3964 Orientales
1602 3893 1726 3985 requiri
1752 3899 1891 3962 censent
1918 3887 1962 3960 ad
1988 3910 2048 3960 or-

611 4105 614 4108 ·
677 4003 854 4077 dinandum
880 4007 1118 4095 Patriarcbam‚
1145 4005 1342 4101 subjectioni
1368 4007 1620 4082 Alexandrinae
1656 4006 1748 4080 sedis
1775 4028 1814 4080 se
1849 4007 2047 4091 eximerent,

677 4131 711 4191 et
737 4123 908 4218 proprioru
935 4122 998 4195 sibi
1024 4123 1215 4195 Antistitem
1244 4133 1398 4195 crearent
1423 4135 1522 4219 atque
1550 4123 1752 4196 ordinarent.
1795 4122 1910 4216 Atque
1938 4143 1985 4191 ex
2009 4142 2047 4190 ea

676 4235 813 4310 historia
840 4238 1034 4330 intelligitur
1064 4237 1288 4335 Metropolitis
1321 4239 1522 4335 Aethiopiae
1549 4245 1605 4332 jus
1637 4239 1789 4311 relictum
1820 4237 1925 4310 fuisse
1953 4235 2047 4311 ordi·

675 4352 777 4425 naudi
801 4352 1003 4449 Episcopus,
1031 4353 1130 4427 modo
1158 4357 1383 4450 septenarium
1408 4355 1499 4429 illum
1529 4377 1700 4427 numemm
1734 4377 1801 4428 uon
1833 4352 2047 4438 excederent,

674 4491 743 4540 uon
769 4490 854 4543 vero
880 4468 957 4542 illos
978 4468 1187 4541 Alexandria
1213 4473 1388 4566 accepisse
1411 4475 1483 4564 jam
1509 4471 1693 4562 ordinatos,
1720 4472 1804 4543 sicut
1831 4491 1915 4561 erga
1933 4465 2047 4540 Nubas

673 4583 799 4657 fuctum
824 4583 931 4658 fuisse
956 4584 1139 4658 verisimile
1165 4596 1227 4661 est.
1279 4585 1366 4659 Mira
1392 4608 1476 4660 sane
1502 4587 1708 4660 consuetudo
1741 4586 1825 4659 baec
1850 4584 1931 4672 fuit,
1958 4581 2047 4656 mul-

673 4704 784 4796 usque
809 4699 1029 4774 incommodis
1055 4698 1217 4793 obnoxia,
1244 4699 1305 4776 sed
1332 4725 1419 4797 quae
1443 4712 1555 4775 mmen
1580 4702 1644 4776 buc
1669 4724 1777 4799 usque
1801 4702 2046 4797 perseveravit,

674 4828 775 4912 atque
800 4817 987 4914 Aethiopas
1021 4820 1056 4889 in
1088 4815 1274 4890 Jacobitica
1304 4816 1437 4891 haeresi
1470 4822 1612 4891 retinuit
1664 4818 1736 4892 Eos
1769 4827 1878 4891 autem
1912 4815 2045 4889 Metro·

674 4935 797 5029 politas
831 4938 887 5029 qui
922 4932 965 5006 ab
1000 4934 1163 5028 Aegypto
1197 4932 1427 5023 mittebantur,
1466 4944 1602 5029 praeter
1644 4937 1770 5007 itineris
1808 4931 2074 5025 longitudinem¹

675 5052 771 5142 (nam
796 5051 921 5124 biennii
944 5048 1018 5123 iere
1049 5051 1194 5145 spatium
1220 5045 1394 5142 effluebat,
1428 5059 1605 5146 antequam
1630 5072 1741 5126 novus
1771 5049 1984 5145 Metropolim
2013 5049 2045 5117 iu
