4525 6034
647 577 723 679 aaa
945 576 1307 655 urrunnun
1360 576 1739 656 couuuurs

647 775 768 861 pentur
793 767 915 837 inimici
942 768 999 852 tui,
1027 775 1060 836 et
1086 763 1214 856 hagiam
1241 789 1260 836 a
1287 763 1376 837 facie
1402 774 1457 837 tna
1489 786 1607 866 omnes
1640 767 1694 860 qui
1728 763 1869 837 oderunt
1903 771 2026 837 nomen'

647 891 738 953 tunm
766 889 916 953 sanctum
943 891 976 952 et
1001 879 1221 952 benedictum.
1274 880 1463 977 Plebcsque
1488 891 1565 952 tuae
1598 878 1795 954 benedictae
1822 881 1887 954 sint
1912 879 2022 953 bene·

649 997 846 1070 dictionibus
874 995 1015 1068 millenis
1042 1005 1076 1067 et
1102 995 1216 1069 decies
1243 995 1361 1070 millies
1388 995 1549 1085 millenis,
1582 1006 1618 1068 ut
1643 995 1768 1068 saciant
1793 1016 1928 1067 omnem
1953 1014 2023 1066 vo-

648 1111 807 1183 luntatcm
834 1122 934 1200 tuam,
961 1116 1203 1208 pergratiam,
1230 1110 1505 1199 misericordiam,
1532 1122 1566 1182 et
1589 1135 1738 1184 amorem
1764 1133 1847 1203 erga
1873 1109 2022 1183 hominos

649 1230 809 1321 unigeniti
835 1227 911 1300 Filii
940 1230 994 1314 tui,
1022 1226 1168 1315 Domini,
1195 1226 1270 1315 Dei,
1298 1236 1331 1297 et
1357 1227 1537 1300 salvatoris
1564 1230 1669 1299 nostri
1695 1226 1779 1299 lesu
1800 1225 1939 1315 Christi,
1965 1249 2024 1323 per

651 1368 749 1441 quem
776 1343 846 1433 tibi,
875 1352 1007 1415 etcum
1035 1365 1099 1433 eo,
1126 1352 1253 1415 etcum
1279 1341 1403 1439 Spiritu
1435 1353 1551 1415 sancto
1576 1346 1619 1415 sit
1645 1342 1753 1435 gloria
1780 1352 1815 1414 et
1839 1346 2022 1437 imperium,

650 1468 799 1534 nuncet
825 1483 970 1558 semper,
997 1470 1031 1532 et
1056 1463 1090 1531 in
1118 1458 1253 1532 saccula
1282 1459 1501 1532 saeculorum.
1552 1459 1673 1534 Amen.

1078 1734 1200 1805 Oratio
1225 1755 1292 1828 pro
1317 1756 1408 1827 paca
1432 1736 1600 1826 perfecta.
1671 1812 1674 1819 ,

755 1922 939 1996 Sacerdos.
993 1922 1085 1996 Deus
1112 1945 1235 2016 magne
1262 1933 1296 1994 et
1322 1932 1458 1993 aeterne
1491 1925 1546 2015 qui
1571 1918 1722 1993 formasti
1748 1919 1917 1992 hominem
1944 1942 2053 1993 cor-·

650 2040 812 2135 ruptionis
840 2049 1028 2136 expertem,
1055 2050 1197 2111 mortem
1222 2059 1307 2109 vero
1337 2060 1424 2132 quae
1451 2039 1627 2132 antiquitus
1655 2040 1791 2109 intravit
1817 2035 2026 2108 inmundum

650 2176 713 2251 per
739 2155 894 2227 invidiam
923 2164 1074 2243 satanae,
1102 2165 1136 2227 et
1160 2157 1315 2226 virhrtem
1344 2157 1415 2247 ejus
1442 2153 1635 2226 destruxisti
1662 2176 1723 2249 per
1746 2150 1926 2224 adventum
1948 2153 2028 2222 uni-

651 2273 756 2363 geniti
781 2270 857 2343 Filii
883 2273 928 2342 tui
954 2271 1107 2360 Domini,
1135 2271 1218 2360 Dei,
1246 2282 1280 2342 et
1306 2271 1487 2343 salvatoris
1513 2273 1619 2342 nostri
1644 2269 1727 2343 lesu
1745 2266 1869 2341 Christi
1898 2278 1934 2339 et
1959 2271 2027 2338 im-

517 2406 518 2409 ’
650 2385 786 2483 plevisti
812 2396 936 2459 terram
962 2410 1048 2482 pace
1075 2396 1149 2458 tua:
1175 2385 1270 2457 ‘uude
1302 2387 1470 2458 exercitus
1502 2384 1669 2458 coelestes
1696 2382 1883 2477 glorificant
1910 2395 1945 2456 te
1972 2383 2027 2455 di-

651 2513 780 2592 centes,
807 2501 916 2595 gloria
943 2502 1018 2576 Deo
1045 2502 1221 2591 incaelis,
1248 2510 1282 2572 et
1307 2505 1342 2573 in
1367 2506 1458 2573 terra
1485 2524 1567 2596 pax,
1593 2499 1749 2594 bonaque
1776 2500 1850 2591 ejus
1870 2500 2027 2574 voluntas

650 2616 848 2691 hominihus.

756 2735 944 2805 Diaconos
998 2733 1101 2806 Orate
1127 2756 1190 2829 pro
1217 2756 1303 2829 pace
1328 2730 1489 2827 perfecta,
1516 2743 1551 2804 et
1577 2733 1682 2802 amica
1704 2731 1906 2805 salutatione
1927 2733 2028 2829 Apo-

652 2849 781 2922 stoliea.
835 2849 1080 2945 Ammectimini
1106 2852 1270 2921 invicem:
1300 2847 1359 2919 11.
1376 2849 1439 2935 Qui
1454 2869 1520 2919 non
1549 2851 1809 2936 communicatis,
1836 2852 1949 2919 exitet
1977 2850 2030 2943 qui

653 2967 916 3053 communicetis
944 2964 1179 3061 amplectimini
1205 2968 1367 3055 invicem,
1394 2967 1428 3035 in
1454 2962 1655 3059 plenitudine
1681 2964 1793 3037 cordis
1819 2967 1950 3037 vestri:
1977 2966 2030 3059 qui

653 3086 953 3156 communicatums
981 3093 1032 3153 est
1058 3080 1223 3154 custodiat
1250 3104 1288 3154 sa
1315 3105 1335 3153 a
1362 3079 1460 3152 malo.

758 3198 817 3274 12.
844 3196 1030 3268 Sacerdos.
1057 3197 1199 3269 Domine
1225 3219 1287 3292 per
1307 3195 1542 3288 benignitatem
1562 3205 1652 3267 mam
1668 3193 1768 3291 imple
1788 3195 1893 3269 corda
1918 3205 2030 3269 nostra

651 3337 737 3410 pace
765 3323 841 3402 tna,
869 3322 902 3384 et
930 3311 1052 3403 munda
1077 3334 1141 3387 nos
1169 3311 1211 3384 ab
1239 3315 1328 3384 omni
1361 3310 1510 3399 macula,
1543 3320 1578 3383 et
1610 3310 1828 3399 immunditia,
1862 3312 1909 3385 ab
1945 3314 2031 3384 omni

650 3429 819 3502 vindictae
846 3427 967 3516 studio,
995 3427 1037 3500 ab
1064 3428 1190 3500 invidia
1217 3438 1250 3499 et
1276 3430 1467 3520 injuriarum
1492 3426 1727 3499 recordatione
1752 3424 1920 3499 lethifera.
1954 3427 2030 3498 Do-

651 3549 740 3617 mine
766 3544 821 3617 sac
847 3566 910 3618 nos
937 3566 1054 3616 omnes
1084 3543 1217 3637 dignos,
1244 3555 1280 3616 nt
1299 3543 1536 3638 amplectamur
1554 3545 1698 3615 invicem
1715 3546 1747 3613 iu
1764 3540 1879 3613 osculo
1901 3552 2031 3629 sancto,

652 3669 688 3733 u't
713 3664 935 3757 percipiamus
962 3659 1089 3754 absque
1116 3659 1393 3731 condemnatione
1415 3658 1536 3732 donum
1556 3669 1645 3730 tuum
1662 3658 1812 3730 eoeleste
1830 3669 1865 3730 et
1885 3660 2031 3732 immor-

652 3777 739 3866 tale,
767 3780 853 3850 sicut
878 3775 976 3847 decet
1002 3779 1145 3868 gratiam
1171 3786 1273 3865 mam,
1301 3778 1355 3869 qui
1383 3797 1458 3846 curn
1484 3774 1607 3870 Spiritu
1635 3784 1762 3862 sancto,
1789 3781 1852 3845 etc.

756 3891 918 3984 Populus.
947 3890 1077 3985 Christe
1093 3890 1188 3965 Deus
1214 3900 1330 3962 noster
1355 3889 1410 3961 lac
1435 3911 1499 3963 nos
1526 3889 1645 3981 dignos
1673 3888 1834 3962 salutandi
1861 3899 1898 3960 te
1915 3888 2031 3962 osculo

653 4017 770 4081 sancto
799 4016 833 4079 et
858 4005 1018 4095 coelesti,
1053 4016 1089 4079 ut
1120 4007 1293 4079 laudemus
1329 4017 1363 4077 te
1395 4028 1470 4077 cum
1498 4003 1676 4077 Cherubim
1708 4014 1743 4076 et
1768 4003 1968 4100 Seraphim,
2001 4011 2033 4076 et

653 4126 833 4198 clamemus
862 4123 1019 4195 dicendo:
1046 4122 1203 4212 Sanctus,
1230 4120 1385 4212 Sanctus,
1412 4121 1555 4193 Sanctus
1582 4124 1809 4216 omnipotens:
1836 4120 1931 4215 pleni
1959 4128 2032 4194 sunt

652 4241 740 4314 coeli
769 4250 802 4312 et
828 4247 918 4311 terra
944 4239 1054 4331 gloria
1082 4248 1198 4312 sancta
1226 4250 1291 4310 tua.

756 4355 941 4427 Sacerdos.
995 4357 1159 4427 Dominus
1186 4357 1230 4426 sit
1255 4354 1450 4442 vobiscum,
1486 4363 1619 4427 sanctus
1646 4356 1680 4424 in
1706 4353 1857 4439 sanctis,
1893 4358 2029 4421 sauctus

652 4477 686 4543 in
714 4473 851 4559 sanctis,
879 4480 1014 4543 sanctus
1042 4472 1074 4542 iu
1101 4472 1235 4543 sanctis.
1291 4466 1424 4541 Gratias
1452 4472 1581 4562 agimus
1608 4467 1667 4542 tibi
1693 4466 1854 4552 Domine,
1883 4487 1949 4560 per
1975 4463 2029 4534 di-

650 4588 774 4661 lectum
792 4584 911 4659 Filium
930 4597 1020 4657 tuum
1033 4589 1254 4678 unigenitum
1280 4586 1470 4673 Dominum,
1487 4584 1596 4658 Deum
1610 4595 1644 4656 et
1660 4580 1865 4657 salvatorem
1882 4591 2032 4655 nostrum

652 4704 767 4777 lesum
797 4701 976 4790 Christum,
1003 4723 1102 4796 quem
1127 4702 1249 4775 ultimis
1276 4700 1392 4773 diebus
1419 4700 1662 4773 maistinobis:
1689 4698 1807 4773 Filium
1827 4710 1933 4790 mum,
1960 4697 2032 4772 sal-

651 4819 833 4909 vatorem,
852 4815 1119 4913 redemptorem,
1145 4816 1314 4910 Angelum
1340 4816 1470 4891 consilii
1496 4818 1560 4906 tui,
1593 4818 1648 4911 qni
1685 4825 1737 4887 est
1767 4815 1914 4888 verbnm
1949 4839 1970 4887 a
2000 4822 2031 4884 te

651 4936 821 5033 prodiens,
850 4942 884 5005 et
909 4935 942 5004 iu
969 4956 1035 5027 quo
1064 4937 1174 5006 onmia
1201 4933 1310 5007 iecisti
1336 4955 1397 5030 per
1422 4930 1628 5007 voluntatem
1656 4941 1755 5003 tuam
