4525 6034
586 618 631 695 IN
660 616 913 695 titulatur
943 617 1195 695 PHILOXENI.
1493 616 1569 692 30⁷

208 802 245 866 de
268 801 326 865 lide
348 801 484 881 Patrum,
515 808 547 865 et
569 820 587 865 a
608 802 762 885 plerisque
784 801 848 864 aliis
869 801 1030 865 Jacohitis:
1058 802 1148 865 multa
1170 801 1248 865 enim
1271 801 1393 883 scripsit
1416 799 1493 883 Syra
1515 820 1569 866 sua

207 903 317 986 lingua.
362 901 453 965 Extat
480 904 552 965 satis
574 903 703 984 spissum
725 901 864 965 volumen
887 902 952 984 ejus
975 899 1148 964 Orationum
1170 901 1310 982 Syriacus
1333 903 1364 964 in
1385 900 1570 964 Bibliotheca

208 999 419 1084 Sequeriana,
448 1002 586 1083 antiquus
608 1009 639 1065 et
661 1002 759 1066 bonae
780 1008 885 1080 notae,
909 1001 963 1065 sed
986 1000 1069 1064 lacer
1097 1010 1128 1064 et
1154 1001 1232 1063 male
1259 1000 1394 1081 habitus,
1424 1002 1454 1062 in
1484 1003 1569 1084 cujus

208 1100 300 1163 titulis
321 1101 436 1164 Xenaia
459 1119 580 1182 quoque
602 1100 780 1182 appellatur.
823 1100 940 1163 Nomen
961 1100 1040 1163 istud
1062 1101 1214 1165 Persicum
1236 1119 1297 1164 non
1320 1109 1382 1176 est,
1405 1108 1438 1164 ιιι
1460 1103 1569 1164 existi-

206 1202 297 1262 mavit
316 1199 520 1282 Nicephorus,
543 1201 597 1264 sed
621 1199 776 1282 Syriacum
799 1218 839 1263 ex
861 1199 979 1264 Graeco
1000 1194 1100 1275 Ξένος
1120 1200 1295 1279 formatum,
1318 1201 1398 1282 quod
1421 1201 1568 1283 hospitem

207 1307 237 1363 et
259 1308 436 1363 extraneum
458 1300 607 1385 significat
629 1302 725 1383 magis
748 1309 861 1379 mmen,
891 1299 970 1363 hunc
992 1308 1023 1363 et
1043 1303 1254 1384 peregrinum,
1279 1319 1367 1381 quam
1388 1301 1439 1381 qui
1460 1299 1568 1380 hospi-

140 1448 143 1454 .
205 1399 346 1462 talitatem
361 1408 501 1463 exercet:
525 1401 659 1481 quamms
672 1400 778 1463 Petrus
791 1398 952 1482 Gnapheus
973 1397 1089 1463 Graece
1103 1398 1297 1463 Philoxenum
1319 1399 1402 1464 illum
1423 1399 1568 1482 appellari

205 1499 349 1562 maluerit
392 1499 460 1562 Fuit
489 1508 587 1565 autem
616 1499 787 1581 Episcopus
818 1497 1029 1579 llierapoleos,
1061 1518 1149 1582 quam
1181 1498 1285 1563 urbem
1315 1499 1383 1581 Syri
1411 1498 1568 1578 Mohmrqe,

204 1598 324 1661 Arabes
350 1598 485 1680 dlenbiqe
513 1608 632 1663 vocant.
674 1600 721 1662 De
754 1598 859 1662 eadem
887 1598 962 1662 urbe
993 1598 1082 1661 multa
1103 1599 1245 1683 leguntur
1267 1599 1346 1682 apud
1369 1598 1568 1683 Geographos

204 1697 334 1777 Arabes,
348 1697 538 1778 Abuliedam,
550 1701 694 1763 lacutum
706 1698 833 1777 etalios,
849 1718 889 1761 ex
909 1697 1017 1780 quibus
1040 1699 1267 1762 observationes
1289 1698 1422 1762 cruditas
1445 1697 1568 1780 collegit

204 1797 252 1860 vir
273 1797 462 1861 doctissimus
484 1798 616 1863 lacobus
640 1798 743 1863 Golius
766 1800 798 1862 in
820 1797 1039 1861 Commentario
1062 1799 1098 1861 ad
1121 1797 1330 1881 Allraganum,
1353 1816 1427 1880 quas
1450 1813 1566 1859 consu·
1636 1823 1644 1840 ·
1715 1820 1724 1840 ·

204 1895 269 1959 lere
292 1897 420 1979 quisque
442 1906 552 1980 potest.

291 1996 328 2058 Ut
358 2014 452 2078 porro
481 2016 546 2060 rem
575 2006 709 2061 nostram
739 2016 863 2083 agamus
897 1997 972 2059 haec
992 1996 1127 2079 Liturgia
1151 2004 1233 2059 extat
1254 1998 1285 2060 in
1307 1996 1420 2078 aliquot
1440 1996 1566 2059 vetustis

204 2095 439 2177 exemplaribus,
462 2096 627 2178 praecipue
649 2098 679 2161 in
702 2095 998 2162 Oolbertin039220.
1043 2096 1076 2158 ln
1098 2095 1197 2159 multis
1220 2097 1296 2175 aliis,
1318 2114 1378 2159 uno
1391 2094 1565 2159 colbertino

203 2191 314 2259 39210.
337 2197 554 2279 Segroierianis,
577 2204 608 2259 et
625 2197 701 2273 aliis,
724 2198 874 2278 reperitur
888 2175 1021 2278 {jusdem
1044 2197 1121 2259 tituli
1142 2215 1212 2274 una,
1234 2196 1286 2259 sed
1301 2197 1420 2278 penitus
1431 2195 1566 2257 diversa:

204 2310 291 2372 quam
313 2295 514 2376 subjiciemus.
559 2296 659 2360 Tertia
682 2314 802 2379 quoque
824 2297 956 2360 occurrit
979 2298 1009 2358 in
1033 2295 1146 2359 Codice
1169 2295 1382 2378 Seguieriano,
1411 2294 1566 2358 Philoxeni
1618 2354 1621 2360 ,

201 2392 346 2476 Episcopi
366 2392 582 2478 Bagdadensis,
605 2395 643 2459 dc
666 2414 724 2477 qua
746 2414 801 2459 suo
823 2395 893 2460 loco
915 2393 1041 2458 dicetur,

532 2709 567 2781 2.
615 2707 737 2780 Volero
758 2712 931 2803 perficere
956 2707 1097 2802 Pascha
1121 2706 1240 2803 laquie.

313 2898 391 2976 lora
412 2910 524 2993 legitur
544 2912 576 2975 in
598 2912 711 2994 aliquot
733 2913 798 2975 aliis
820 2913 1059 2988 recentioribus,
1087 2911 1173 2974 utin
1195 2909 1389 2992 praecedenti
1412 2928 1452 2972 ex
1473 2926 1566 2972 com-

201 3016 283 3077 muni
295 3013 463 3093 traditione,
486 3033 563 3097 quae
577 3024 675 3079 mmen
697 3017 859 3098 plerasque
879 3018 1013 3079 rationes
1029 3013 1214 3078 Graecorum
1228 3012 1266 3075 ad
1288 3011 1456 3076 fermentati
1478 3012 1565 3093 panis

201 3115 412 3177 necessitatem
434 3114 640 3179 stabiliendam
662 3118 782 3179 omnino
805 3115 993 3179 conturbant.
1033 3114 1108 3176 Nam
1129 3115 1156 3177 si
1178 3115 1208 3175 in
1231 3112 1335 3176 Coena
1356 3109 1491 3174 Pascbali
1515 3120 1567 3174 aut

202 3221 273 3294 post
294 3232 359 3275 eam
380 3213 476 3276 statim
498 3212 704 3277 Eucharistiae
727 3212 948 3278 Sacramentum
971 3215 1135 3277 institutum
1157 3220 1221 3290 est,
1249 3230 1286 3275 eo
1316 3229 1394 3292 pane
1417 3209 1565 3273 Christum

202 3333 289 3377 usum
312 3312 405 3377 fuisse
427 3315 478 3395 qui
498 3314 528 3376 in
551 3333 655 3378 mensa
675 3314 763 3391 soret,
785 3323 817 3377 et
838 3315 933 3395 quiin
953 3333 988 3376 ea
1007 3313 1157 3376 adhibitus
1171 3312 1279 3391 luerat,
1303 3310 1465 3387 verisimile
1484 3328 1565 3385 esse,

201 3413 300 3477 Latini
326 3429 387 3475 non
415 3415 518 3495 pauci,
552 3415 679 3477 maxime
706 3422 828 3477 veteres
854 3432 953 3495 prope
982 3429 1088 3476 omnes
1117 3431 1185 3475 cum
1219 3412 1343 3474 Graecis
1378 3409 1564 3490 disputantes

201 3520 380 3575 statuerunt.
424 3513 498 3589 lude,
526 3514 635 3577 iactum
664 3521 697 3577 ut
726 3532 766 3575 ex
795 3514 859 3576 istis
890 3512 1025 3575 nonnulli
1056 3512 1205 3575 Christum
1233 3510 1346 3574 Pascha
1376 3509 1476 3592 legale
1505 3527 1565 3571 non

203 3611 377 3675 celebrasse
406 3612 630 3677 contenderint:
661 3631 788 3695 quorum
815 3612 891 3674 duos
920 3620 1061 3675 recenset
1088 3612 1210 3675 Photius
1237 3612 1268 3673 in
1288 3609 1471 3673 Bibliotheca
1494 3626 1564 3671 sua:
1613 3630 1671 3684 cop,
1700 3632 1760 3685 115.
1786 3642 1809 3684 ο,
1826 3632 1887 3685 11⁶,

202 3719 234 3774 et
256 3718 361 3774 extant
381 3709 495 3795 aliquot
517 3711 683 3795 fragmenta
705 3711 919 3794 opusculorum
945 3712 983 3774 de
1012 3712 1118 3775 eodem
1141 3718 1318 3794 argumento
1342 3712 1372 3773 in
1394 3711 1486 3772 variis
1509 3727 1566 3771 co-
1611 3714 1887 3772 brottebecum.

201 3810 319 3873 dicibus
340 3811 410 3873 hlss.
448 3813 528 3876 lnter
550 3811 719 3876 Orientales
744 3812 936 3894 Theologos,
963 3812 1013 3893 qui
1040 3813 1071 3874 in
1093 3830 1129 3874 ea
1152 3810 1300 3874 sententia
1322 3809 1448 3884 fuerint,
1478 3808 1566 3890 pauci
1590 3801 1650 3856 Η·
1666 3821 1692 3874 P·
1707 3805 1752 3857 37.

201 3911 402 3990 reperiuntur.

334 4204 369 4275 3.
410 4204 500 4293 Ouio
526 4205 680 4278 Christro
707 4213 797 4277 tuum
821 4213 972 4279 ecoctam
997 4209 1164 4301 equolam
1190 4209 1226 4276 in
1251 4205 1350 4278 nohis
1377 4210 1436 4277 oct.

294 4396 410 4475 Mrnon
431 4428 492 4473 vox
515 4409 630 4474 Graeca
655 4419 702 4474 est
723 4429 795 4474 usus
817 4409 1034 4488 Ecclesiastici,
1057 4427 1144 4491 quam
1167 4409 1245 4491 Syri,
1267 4409 1385 4473 Arabas
1408 4414 1438 4471 et
1454 4408 1566 4471 Orien-

199 4513 280 4577 tales
302 4512 408 4594 reliqui
430 4532 512 4577 suam
534 4513 683 4595 iecerunt,
706 4515 744 4577 ad
766 4514 990 4598 significandum
1014 4513 1161 4591 Chrisma,
1184 4530 1243 4594 quo
1261 4512 1400 4595 baptisati
1412 4513 1443 4574 iu
1465 4509 1564 4575 fronte

199 4615 366 4694 signantur.
412 4614 577 4697 Praecipue
597 4634 673 4680 vero
696 4615 776 4697 apud
798 4614 929 4677 Orientis
949 4614 1103 4677 Ecclesias
1126 4631 1162 4675 ea
1191 4631 1269 4675 voce
1298 4611 1482 4696 significatur
1506 4609 1565 4676 Sa-

199 4721 385 4776 cramentum
408 4702 664 4795 condonationis,
694 4723 728 4777 ut
756 4716 796 4803 in⁸
815 4713 920 4777 Latina
942 4713 1119 4796 appellatur,
1165 4712 1241 4777 Cum
1262 4730 1337 4776 vero
1360 4714 1446 4776 simul
1469 4716 1565 4779 admi-

198 4812 324 4875 nistrari
346 4811 413 4877 cum
434 4813 615 4895 Baptismate
637 4813 748 4892 soleat,
779 4832 836 4894 per
864 4821 958 4877 totum
987 4813 1156 4889 Orientem,
1185 4820 1219 4874 ut
1247 4813 1318 4876 olim
1346 4815 1377 4875 in
1400 4813 1564 4879 Occidente

199 4930 268 4975 mos
292 4911 355 4989 luit,
379 4913 497 4993 quando
518 4914 687 4998 Episcopus
710 4911 824 4993 aderat,
846 4913 929 4976 multi
951 4921 1065 4976 temere
1089 4912 1223 4976 Graecos
1247 4919 1277 4975 et
1297 4912 1431 4994 reliquos
1451 4910 1564 4977 Orien-

198 5010 279 5073 tales
292 5009 486 5093 Christianos,
510 5012 770 5077 confirmationem
785 5030 954 5094 agnoscere
973 5022 1113 5095 tanquam
1127 5031 1226 5076 novae
1239 5012 1317 5097 legis
1329 5011 1562 5095 Sacramentum,
1608 5014 1613 5023 '

198 5119 406 5193 negaverunt,
429 5132 468 5177 co
490 5115 599 5198 mogh,
628 5112 709 5196 quod
731 5132 749 5175 a
770 5112 959 5196 Presbyteris
983 5113 1062 5195 apud
1083 5113 1151 5178 illos
1174 5112 1410 5195 administratur,
1440 5132 1502 5178 non
1531 5123 1564 5177 ut

239 5236 362 5280 τοιιιιιι
1306 5217 1356 5292 42
