4525 6034
697 573 775 648 474
1202 573 1562 651 erraturi

801 759 961 854 Populus.
1015 760 1161 852 Dignum
1188 770 1222 831 et
1245 762 1369 852 justum
1396 771 1457 834 est

802 877 978 949 Sacerdos
1004 877 1195 947 inclinatae.
1247 877 1339 950 Vere
1373 876 1507 970 dignum
1541 885 1575 948 et
1604 880 1726 969 justum
1761 886 1831 966 est,
1870 886 1904 949 ut
1933 880 2037 970 gratias

698 1016 837 1087 agamus
864 993 933 1080 tibi,
960 1003 994 1065 te
1020 991 1257 1086 glorificemus,
1283 1002 1318 1064 te
1345 992 1542 1081 adoremuS,
1570 1004 1604 1065 et
1629 990 1799 1064 laudemus
1826 993 1935 1084 Deus,
1957 994 2039 1066 Pater

699 1108 891 1183 coelestium
918 1118 952 1181 et
978 1110 1183 1181 terrestrium
1210 1109 1371 1198 Domine,
1397 1108 1515 1181 Filium
1543 1119 1632 1181 tunm
1658 1112 1861 1200 unigenitum
1894 1120 1925 1183 et
1946 1111 2040 1205 Spiri-

699 1237 765 1299 tum
793 1237 883 1299 tuum
911 1236 1070 1299 sanctum.

803 1342 953 1415 Elaeam
978 1364 1103 1414 vocem.
1157 1342 1251 1413 'luae
1277 1349 1352 1416 sunt
1377 1340 1531 1428 Domine,
1556 1363 1675 1414 omnes
1703 1355 1879 1417 creaturae
1913 1364 1989 1437 quae
2016 1346 2043 1413 iu

700 1460 817 1547 coebs,
844 1469 878 1531 et
905 1463 1049 1555 quaein
1076 1470 1166 1531 terra
1193 1468 1280 1544 sunt,
1308 1468 1342 1529 et
1367 1467 1401 1529 te
1427 1456 1652 1529 indesinenter
1677 1457 1872 1551 glorificant
1911 1459 1957 1530 Te
1979 1459 2044 1529 lao-

700 1577 757 1649 dat
782 1576 851 1648 sol:
878 1587 912 1648 te
938 1575 1015 1648 luna
1043 1585 1243 1663 veneratur,
1275 1585 1309 1646 te
1345 1596 1500 1667 magnum
1533 1573 1704 1668 praedicat
1736 1574 1907 1648 stellarum
1933 1597 2044 1668 agmen,

702 1706 736 1767 te
763 1691 935 1766 celebrant
960 1696 1083 1780 maria,
1118 1703 1153 1763 et
1185 1694 1294 1763 omnia
1329 1713 1415 1785 quae
1450 1693 1560 1763 ineis
1588 1700 1671 1762 suut.
1723 1692 1833 1763 Terra
1867 1714 1947 1763 vero
1977 1712 2044 1784 quae

704 1820 756 1882 est
782 1806 962 1880 scabellum
996 1808 1057 1881 sub
1090 1807 1230 1904 pedibus
1263 1810 1348 1895 tuis,
1375 1806 1492 1880 adorat
1517 1817 1569 1897 te,
1603 1819 1637 1879 et
1669 1807 1834 1900 glorificat
1867 1807 2045 1879 diuinitatem

702 1937 790 1999 tuam
817 1927 851 1996 iu
877 1923 1030 1996 Ecclesia
1066 1922 1121 1997 illa
1155 1946 1241 2018 quae
1267 1922 1409 2019 bpmnos
1435 1944 1537 2018 puros
1572 1917 1614 1994 ad
1647 1932 1680 1995 te
1714 1926 1803 1995 canit
1837 1946 1897 1996 ore
1931 1923 2047 1995 filiorm

704 2049 855 2116 suorum:
890 2063 953 2135 per
979 2044 1135 2113 vaticinia
1161 2039 1420 2135 Prophetarum,
1456 2061 1518 2134 per
1553 2043 1685 2131 agmina
1719 2039 1974 2135 Apostolorum,
2000 2059 2048 2133 per

702 2157 842 2230 caedem
867 2166 902 2228 et
926 2156 1161 2253 lapidationem
1188 2141 1381 2252 martym'rm
1407 2178 1468 2251 per
1494 2158 1689 2247 sauguinem
1722 2160 1945 2251 suspirantem
1969 2151 2049 2226 Con-

701 2274 879 2359 lessorum‚
906 2296 967 2368 per
994 2271 1176 2346 doctrinam
1204 2276 1408 2360 Doctorum,
1441 2294 1506 2367 per
1537 2271 1730 2368 praeclaros
1763 2294 1879 2344 mores
1912 2270 2049 2362 Religio-

703 2413 826 2478 sorum,
853 2413 915 2487 per
941 2388 1081 2463 sudores
1108 2401 1143 2463 et
1168 2389 1322 2477 labores,
1350 2409 1464 2459 eorum
1498 2391 1553 2483 qui
1585 2386 1794 2460 voluntariae
1821 2411 1862 2460 se
1888 2390 2051 2485 paupertati

702 2507 915 2579 addixerunt:
941 2528 1003 2602 per
1028 2505 1168 2578 familias
1190 2510 1337 2603 piorum:
1365 2527 1427 2602 per
1449 2515 1564 2577 coetus
1587 2510 1767 2599 justorum-t
1794 2527 1858 2600 per
1885 2489 2051 2579 lestal'ir-

702 2627 828 2716 ginnm,
859 2644 920 2718 per
946 2621 1151 2694 sedulitatem
1184 2621 1452 2707 Nazaraeorum‚
1480 2643 1542 2716 per
1579 2624 1857 2693 exercitationem
1883 2619 2053 2693 Monachu-

703 2763 792 2812 rum:
818 2761 880 2834 per
906 2742 1127 2834 privationem
1155 2749 1188 2810 et
1215 2741 1442 2813 secessionem
1466 2737 1705 2810 solitariorum:
1732 2759 1794 2833 per
1818 2740 2053 2833 peregn'uomn

703 2859 973 2953 persecutiones:
1006 2878 1068 2951 per
1100 2860 1335 2929 necessitatem
1367 2877 1565 2950 pauperum:
1601 2875 1662 2948 per
1694 2852 1866 2949 lacrymas
1893 2856 2052 2950 poeniten-

704 2976 795 3063 tium,
820 2994 882 3068 per
907 2971 1144 3069 eleemosynas
1170 2969 1447 3044 misericordium:
1474 2993 1535 3066 per
1562 2972 1704 3066 suspiria
1724 2992 1841 3043 eornm
1870 2974 1926 3067 qui
1951 2991 2055 3065 perse-

704 3092 870 3161 cutionem
895 3091 1074 3185 patiuntur:
1100 3111 1163 3186 per
1190 3088 1419 3185 quodcumque
1435 3086 1567 3159 tandem
1595 3108 1701 3179 genus
1735 3108 1896 3159 verorum
1922 3084 2054 3159 bdelium.

707 3205 845 3278 Caelum
882 3209 981 3278 etiam
1015 3211 1048 3277 in
1080 3204 1094 3241 ²
1126 3205 1230 3278 tribus
1267 3202 1429 3276 Ecclesiis
1462 3202 1584 3275 ibidem
1618 3202 1794 3292 ordinatis,
1831 3206 1866 3275 in
1898 3202 1961 3274 illis
1985 3204 2054 3272 enin

705 3321 899 3411 celebraris,
926 3323 1125 3415 glorificaris
1150 3331 1186 3393 'et
1211 3320 1375 3412 laudaris,
1401 3343 1463 3416 per
1489 3319 1727 3391 indesinentem
1754 3318 1890 3391 laudum
1916 3317 2055 3391 celabu-

704 3441 838 3524 tionem,
852 3437 997 3535 ¹hymnis
1022 3441 1113 3535 puris
1141 3449 1174 3510 et
1201 3442 1337 3526 sanctis,
1364 3436 1497 3509 citharis
1522 3433 1692 3524 suavibus,
1719 3446 1752 3535 et
1771 3424 1945 3527 iucundis,
1969 3432 2055 3506 exal-

704 3554 882 3629 tationibus
908 3554 1109 3647 magnificis,
1137 3565 1171 3626 et
1196 3552 1460 3651 triumphalibus,
1494 3551 1587 3626 iestis
1621 3561 1656 3623 et
1687 3554 1827 3624 canticis
1866 3575 1951 3647 quae
1982 3547 2055 3619 nullo

704 3671 849 3761 silentio,
876 3681 932 3742 aut
956 3671 1021 3743 line
1048 3674 1271 3758 terminantur,
1300 3670 1413 3743 oribus
1440 3672 1518 3761 igue
1545 3671 1733 3741 succensis:
1766 3666 1823 3740 ubi
1861 3665 1952 3740 mille
1976 3664 2056 3738 millia

702 3797 737 3858 et
762 3787 932 3883 myriades
958 3786 1143 3883 myriadum
1171 3812 1190 3860 a
1217 3785 1406 3861 laudatione
1433 3807 1498 3857 non
1526 3788 1709 3880 quiescunt,
1734 3784 1861 3877 linguis
1888 3787 1918 3856 si
1945 3783 2056 3878 quidem

699 3911 776 3973 sunt
800 3924 869 3974 uon
895 3909 1039 3993 carneis,
1066 3903 1126 3976 sed
1153 3902 1325 3991 llammeis,
1352 3910 1385 3973 et
1411 3900 1618 3997 praeclaram
1641 3897 1763 3972 habent
1787 3898 1980 3973 facundiam
1992 3901 2054 3993 spi·

609 4036 613 4048 ’
703 4022 802 4089 ritus:
834 4041 896 4113 per
927 4023 1054 4091 cantica
1089 4022 1290 4092 suavissima
1327 4018 1552 4111 Angelorum,
1594 4039 1656 4113 per
1687 4015 1813 4110 jubdos
1850 4020 2056 4113 incorporeos

702 4133 1008 4227 Archangelorum,
1034 4159 1095 4233 per
1121 4159 1228 4210 voces
1254 4134 1440 4208 modulatas
1476 4134 1738 4228 Principatuum,
1771 4155 1835 4227 per
1863 4132 2055 4231 splendorem

703 4249 927 4341 Potestatum‚
954 4275 1017 4349 per
1043 4243 1208 4326 clamores
1236 4251 1400 4324 terribiles
1426 4252 1711 4336 Domiuatiouum,
1738 4271 1800 4345 per
1827 4254 1964 4343 agmina
1988 4246 2057 4316 Vir-

703 4376 819 4457 tutum,
845 4390 907 4464 per
933 4372 1075 4442 eximias
1101 4391 1209 4442 voces
1236 4368 1465 4441 Tbronorum:
1492 4390 1554 4464 per
1581 4369 1724 4440 tonitrua
1751 4365 1916 4440 terribilia
1943 4361 2058 4434 Cheru-

678 4477 794 4573 ‘bim,
829 4506 890 4581 per
922 4485 1056 4559 volatus
1088 4485 1243 4559 ardentes
1279 4482 1451 4580 Seraphim
1486 4506 1550 4556 sex
1584 4484 1656 4556 alas
1686 4481 1897 4572 habentium,
1930 4481 1981 4575 qui
2004 4497 2057 4547 nno

709 4600 907 4697 aequalique
939 4605 1025 4673 inter
1057 4624 1174 4675 omnes
1206 4599 1327 4694 jubilo,
1355 4599 1560 4693 glorificant,
1587 4600 1747 4689 clamant,
1781 4588 2059 4674 vociferanturet

710 4715 830 4789 dicunt.

814 4833 975 4927 Populus.
1027 4834 1179 4906 Sanctus.
1206 4830 1360 4908 Sanctus.
1387 4834 1539 4906 Sanctus.

814 4936 989 5022 Sacerdos
1021 4948 1211 5020 inclinatus.
1265 4949 1357 5022 Vere
1392 4951 1479 5021 enim
1515 4957 1650 5021 sanctus
1686 4967 1740 5034 es,
1772 4945 1942 5020 Dominus
1975 4944 2056 5016 etiam

709 5085 751 5134 ae
784 5063 862 5138 Rex
895 5069 1059 5160 omnium,
1093 5089 1168 5138 enm
1201 5068 1371 5161 unigenito
1404 5064 1488 5138 Filio
1521 5074 1599 5158 tuo,
1631 5073 1665 5136 et
1696 5061 1823 5158 Spiritu
1855 5071 1974 5137 sancto
2000 5067 2055 5143 mo,
