4525 6034
587 583 628 659 lll
653 580 861 659 ll'lllllllldll
886 578 1023 657 Jacom
1047 578 1236 658 missurn.
1523 579 1596 655 381

229 769 330 852 logos,
353 766 501 831 Severum
512 766 696 848 Episcopum
718 764 913 843 Aschmonin,
936 765 987 846 qui
1008 764 1088 828 idem
1110 764 1178 828 luse
1199 765 1335 846 exponit,
1358 771 1390 826 ct
1411 764 1497 843 alios,
1521 781 1601 846 quo-

229 888 296 931 rum
318 866 387 930 alihi
409 867 578 930 testimonia
601 866 696 929 relata
718 873 797 928 sunt.
841 864 938 927 Unum
959 872 1059 927 autem
1081 881 1194 945 corpus
1216 872 1352 927 sanctum
1375 863 1499 928 dicitur:
1530 866 1601 945 quia

228 966 375 1030 utmultis
386 966 476 1030 docet
486 965 633 1029 Barsalihi
655 972 873 1028 sacramentum
895 982 986 1027 unum
1008 970 1067 1040 cst,
1089 963 1224 1045 quamvis
1247 965 1278 1025 in
1299 965 1463 1046 speciebus
1476 964 1601 1039 duabus,

230 1068 355 1132 etvasis
370 1065 503 1129 duobus:
526 1073 718 1147 quopropter,
740 1065 845 1145 inquit,
866 1065 1020 1144 porticale
1041 1064 1132 1126 culici
1152 1063 1330 1139 amadan,
1351 1056 1385 1126 ut
1409 1065 1601 1144 affirmamur,
1631 1057 1716 1112 'con
1734 1061 1761 1111 ὑ·
1777 1058 1824 1110 Ν·
1837 1059 1928 1130 ΜΗ

228 1168 287 1230 noo
308 1184 375 1228 aa
396 1184 508 1246 copus
528 1167 617 1228 aaa
635 1165 809 1244 sanaem.-
831 1166 965 1244 macac
987 1163 1163 1242 sacomam
1183 1163 1272 1224 aaa
1293 1165 1444 1243 ammo,
1465 1162 1671 1243 mamhra·
1692 1145 1734 1198 ¹⁶·

229 1268 300 1329 ticet
310 1267 371 1327 sim
381 1263 648 1342 asmodaeum,
671 1282 783 1343 corpur
795 1272 826 1325 ct
838 1265 972 1344 sompnia,
994 1283 1085 1325 amaon
1104 1271 1205 1325 tamea
1220 1270 1266 1323 cat
1287 1281 1398 1343 corpas
1419 1263 1601 1326 dommicam

234 1362 323 1426 Vahi
342 1364 411 1428 Dei.

604 1641 638 1712 3.
673 1641 874 1730 Benedicil,
897 1643 1017 1733 saepit,
1043 1639 1125 1729 edil,
1152 1645 1216 1710 cic.

340 1836 397 1913 lrs
418 1845 451 1907 in
471 1844 614 1927 Liturgiis
639 1843 773 1925 Copticis
796 1850 827 1906 et
850 1842 983 1924 Syriacis
1011 1843 1180 1922 nonnullis,
1210 1842 1265 1906 sed
1295 1842 1404 1907 rarius.
1450 1841 1616 1934 Constans*

229 1958 328 2014 tamen
352 1949 497 2032 Syrorum
518 1949 685 2012 Doctorum
711 1949 860 2010 sententia
889 1956 946 2011 est
991 1947 1145 2010 Barsalihi.
1190 1945 1344 2009 Sacerdos
1363 1947 1493 2027 pomum
1514 1966 1600 2010 com-
1648 1951 1685 2004 nt
1703 1970 1726 2003 c.
1747 1952 1790 2004 18.

227 2053 363 2113 mamicot
382 2051 552 2132 mysteriis:
582 2049 661 2111 aienti
687 2049 779 2109 etiam
807 2046 953 2110 Dominus
979 2054 1083 2110 noatcr
1102 2047 1233 2126 pamma
1253 2037 1372 2126 parilem
1394 2047 1601 2108 communico-

178 2221 181 2228 ,
227 2152 275 2212 oit
295 2151 420 2230 corpori
440 2158 470 2211 et
491 2147 949 2229 aonmdoiatoincucnaculo:
971 2146 1081 2208 deivido
1101 2153 1258 2226 auumque
1278 2143 1443 2223 [thopeth
1465 2163 1600 2208 conmm-

229 2250 354 2311 nicomt.

296 2511 331 2579 ll.
371 2508 451 2579 Non
478 2513 595 2600 tepent
616 2511 768 2599 peccota
793 2510 913 2576 nostru
939 2504 1083 2598 cipiliaco
1110 2503 1312 2575 Christicolis
1337 2506 1386 2588 tul
1412 2508 1532 2575 suncti.

321 2700 395 2779 Hoc
416 2710 485 2773 loco
498 2707 602 2796 μῦρον
623 2709 688 2771 sive
702 2707 950 2772 chrismationem
968 2706 1132 2791 significari
1153 2707 1347 2788 perspicuum
1370 2716 1433 2786 est,
1456 2715 1489 2770 ut
1512 2709 1601 2771 etiam

229 2817 336 2881 iisdem
357 2814 461 2877 verbis
490 2815 521 2875 in
542 2813 678 2894 liturgia
706 2812 861 2876 Philoxeni
887 2811 1082 2893 llahugeusls
1110 2813 1178 2874 sive
1206 2811 1439 2892 llieropolitani,
1475 2810 1600 2895 legitur:

229 2937 291 2981 noa
309 2915 413 2995 facim
433 2932 490 2976 noa
507 2920 626 2992 purtem
648 2913 727 2992 ionia
748 2913 829 2974 illius
849 2912 1002 2987 ardentis,
1031 2911 1103 2992 qma
1125 2909 1267 2972 Choicae
1294 2920 1374 2973 tuum
1396 2918 1533 2972 sunctum
1554 2912 1603 2972 si-
1631 2916 1634 2924 '

231 3022 356 3095 ⁴‹proculann
377 3015 410 3075 in
431 3012 520 3074 nobis
541 3019 595 3076 est.
640 3011 685 3073 Eo
708 3010 776 3073 loco
799 3029 855 3091 per
877 3029 985 3074 vocem
1008 3009 1202 3085 Chrismatis,
1231 3008 1408 3091 intelligitur
1430 3026 1491 3072 non
1513 3009 1602 3073 modo

231 3119 450 3176 sacramentum
475 3110 724 3190 Confirmationis,
748 3112 813 3172 sive
836 3110 951 3193 Myron,
974 3117 1007 3172 ut
1030 3108 1200 3191 appellatur
1222 3127 1240 3171 a
1262 3106 1440 3173 Christianis
1459 3108 1603 3174 Orienta-
1726 3183 1730 3193 ⁶

231 3213 324 3291 libus,
354 3210 410 3275 sod
439 3200 529 3273 ctiam
555 3209 714 3292 Baptismi,
746 3212 797 3291 qui
825 3210 912 3272 simul
941 3211 971 3272 in
1002 3208 1126 3273 Oriente
1156 3208 1387 3272 administratur.
1431 3208 1472 3270 nt
1493 3210 1523 3270 in
1546 3210 1603 3272 ista

230 3311 366 3393 liturgia
389 3317 547 3391 utrumque
569 3317 790 3374 sacramentum
812 3309 1023 3391 distinguitur,
1045 3307 1238 3390 sigillumque
1260 3306 1454 3383 chrismatis,
1477 3326 1493 3370 a
1515 3317 1602 3372 veste

231 3410 439 3492 Baptismatis,
468 3428 527 3490 qua
555 3408 705 3472 Christum
728 3409 891 3484 induimus,
922 3408 1002 3471 aliud
1025 3426 1095 3472 esse
1117 3407 1298 3470 declaratur.
1342 3406 1389 3470 Eo
1412 3408 1548 3485 nomine,
1572 3407 1602 3469 id

231 3511 316 3590 quod
336 3527 391 3573 nos
415 3507 561 3572 Catholici
584 3507 789 3572 characterem
813 3506 999 3589 appellamus
1020 3506 1149 3590 intelligi
1171 3514 1289 3570 certum
1319 3514 1383 3583 est,
1414 3525 1503 3588 quern
1533 3507 1602 3569 dum

233 3627 331 3690 acque
344 3627 402 3691 per
420 3606 557 3671 Chrisma
579 3609 645 3671 sivo
658 3608 918 3671 Confirmationem
939 3607 1067 3688 imprimi
1081 3605 1271 3688 agnoscunt,
1293 3605 1381 3668 simul
1403 3614 1506 3685 rectae
1529 3624 1602 3668 suae
1628 3600 1635 3619 '

233 3709 272 3810 dc
295 3707 353 3771 hoc
376 3715 565 3771 sacramento
588 3707 744 3770 doctrinae
767 3707 966 3769 testimonium
989 3705 1100 3770 dicunt.

234 3989 270 4059 5.
310 3986 386 4058 Noc
411 3988 439 4055 ii
464 4007 585 4072 minna,
611 3984 774 4070 Domine,
809 3987 867 4077 qui
892 3987 1106 4056 nolinuimos
1132 3984 1377 4070 contumelium,
1405 3988 1440 4053 et
1466 4003 1602 4074 oppro-

641 4099 752 4170 brium
773 4122 841 4193 pro
868 4104 1001 4172 nomine
1027 4107 1098 4190 tuo,
1124 4107 1188 4173 etc.

332 4294 387 4373 Aa
404 4304 543 4367 miseram
559 4301 796 4366 Christianorum
819 4304 1020 4367 conditionem
1038 4304 1093 4366 suh
1107 4303 1323 4367 Muhamcdana
1346 4301 1504 4385 tyrannide
1526 4301 1602 4363 haec

234 4409 329 4473 verba
352 4408 516 4472 referenda
539 4414 623 4470 sunt:
647 4424 713 4468 cum
732 4406 793 4488 jam
813 4407 977 4470 extinctum
999 4415 1084 4470 esset
1104 4409 1261 4472 Persarum
1279 4407 1449 4488 lrnperium.
1506 4431 1510 4440 ,

336 4690 370 4764 6.
415 4686 460 4758 Ut
485 4689 659 4757 conunhlu
684 4691 719 4756 el
744 4689 841 4756 unito
867 4687 1043 4759 onineohua
1069 4693 1104 4758 et
1130 4683 1334 4778 corporibus
1359 4688 1497 4755 nostris.

322 4878 379 4961 Ex
400 4891 447 4954 his
470 4901 501 4955 ct
522 4892 665 4955 similibus
688 4892 856 4968 sententiis,
879 4909 957 4973 quae
978 4892 1090 4971 passim
1112 4892 1144 4952 in
1158 4889 1269 4954 Officiis
1291 4889 1387 4951 sacris
1407 4887 1602 4952 Orientalium

233 5002 414 5072 occurrunt,
444 4997 517 5058 satis
546 5001 681 5074 constat,
712 4987 783 5074 quid
805 4993 847 5057 illi
869 4993 1059 5068 sentiantde
1082 5012 1157 5057 vera
1179 5000 1210 5056 et
1230 4992 1305 5056 reali
1329 4994 1467 5073 corporis
1490 4991 1601 5056 Christi

233 5115 291 5177 per
304 5112 459 5159 sacrorum
473 5097 684 5179 mysteriorum
696 5095 918 5175 susceptionem
930 5093 1169 5174 manducatione,
1192 5092 1272 5175 quod
1291 5110 1352 5156 non
1373 5092 1463 5157 modo
1485 5092 1601 5156 animae

1316 5195 1396 5272 51*
