4525 6034
213 1027 291 1120 lo
336 1024 718 1119 urrururlu
760 1025 1028 1150 nucula
1072 1023 1590 1174 nnalcnuansrs

637 1242 1160 1360 dssilltvilld.

314 1550 394 1645 Quis
417 1560 468 1623 ille
492 1559 621 1623 Thomas
643 1559 856 1638 Heracleensis
878 1559 1049 1641 Episcopus
1070 1558 1177 1638 luerit,
1207 1561 1286 1624 haud
1309 1560 1398 1624 laede
1420 1569 1469 1624 est
1490 1564 1590 1645 conji-

216 1683 302 1728 cere:
334 1662 586 1741 inhabitamus,
617 1672 648 1725 et
669 1663 840 1744 Episcopus
853 1662 926 1746 tuit.
971 1661 1032 1724 Sed
1055 1681 1113 1743 qua
1134 1670 1233 1725 aetate
1256 1664 1383 1741 vixerit,
1412 1662 1471 1726 huc
1493 1682 1591 1745 usque

216 1763 339 1844 assequi
354 1779 416 1824 non
430 1763 592 1842 potuimus.
637 1761 766 1826 Citatum
788 1771 888 1824 tamen
911 1760 1019 1824 alicubi
1041 1761 1121 1823 hunc
1144 1770 1279 1844 autorem
1302 1763 1481 1843 reperimus,
1504 1764 1592 1843 quasi

217 1863 363 1944 quaedam
387 1862 425 1924 de
449 1860 616 1924 Christiana
639 1859 789 1942 religione
812 1859 957 1941 opuscula
980 1860 1151 1939 scripserit:
1181 1868 1242 1922 tum
1272 1862 1361 1922 etiam
1388 1859 1466 1921 hanc
1488 1861 1593 1923 Litor-

216 1963 312 2046 giam,
344 1977 423 2039 quae
453 1978 470 2021 a
500 1956 587 2020 nohis
616 1958 742 2038 primum
764 1966 888 2039 reperta
910 1957 1009 2021 estin
1033 1959 1155 2039 antiquo
1179 1958 1291 2021 Codice
1315 1958 1499 2022 Colbertino.
1544 1960 1594 2020 An

217 2059 324 2122 eadem
347 2059 386 2120 sit
407 2075 485 2139 quae
508 2065 682 2119 nuncratur
703 2058 782 2120 iuter
804 2057 877 2120 alias
900 2058 938 2120 ab
954 2057 1127 2119 Abrahamo
1150 2057 1330 2131 Echelleusi,
1352 2057 1493 2120 attributa
1508 2057 1594 2119 'lho-

218 2175 286 2220 mae
309 2156 539 2233 Giarmachitae,
561 2155 724 2218 obscurum
746 2157 836 2237 plane
858 2155 946 2218 nohis
968 2163 1031 2218 est:
1054 2172 1122 2217 nam
1145 2156 1218 2219 nihil
1237 2156 1357 2220 adducit
1379 2176 1420 2219 ex
1443 2175 1491 2234 ea,
1513 2158 1593 2220 unde

216 2256 266 2318 vel
287 2256 470 2319 levissimum
494 2254 633 2316 iudicium
664 2253 732 2316 duci
762 2257 874 2335 possit,
897 2255 1011 2331 istane,
1040 2271 1079 2314 an
1101 2254 1197 2317 altera
1219 2257 1266 2317 sit.
1313 2255 1395 2317 Haec
1417 2261 1517 2317 autem
1539 2255 1594 2316 Li-

216 2356 315 2436 turgia
339 2353 485 2435 singulari
507 2352 586 2434 apud
599 2352 754 2416 Jacobitas
770 2352 865 2435 Syros
888 2351 1014 2440 artificio
1038 2353 1273 2429 commendatur,
1295 2361 1326 2415 et
1348 2354 1429 2433 quod
1453 2353 1594 2416 diversae
1656 2411 1659 2417 .

218 2452 326 2533 quibus
357 2461 475 2515 constat
506 2452 659 2514 orationes
689 2452 853 2515 secundum
876 2451 1037 2532 Alphabeti
1059 2451 1196 2530 litteras,
1219 2451 1422 2531 Threuorum,
1453 2459 1485 2513 et
1506 2453 1595 2515 Psal-

217 2569 335 2614 morum
348 2551 607 2614 Abscedariorum
622 2567 707 2612 more
730 2552 863 2632 incipiat,
887 2560 917 2614 et
940 2551 1021 2631 quod
1044 2550 1163 2613 cultiori
1185 2550 1255 2613 stilo
1277 2556 1391 2632 scripta
1413 2552 1461 2613 sit.
1492 2551 1595 2615 Altum

218 2658 265 2713 est
294 2667 370 2713 sane
398 2649 436 2712 de
465 2649 524 2712 hoo
558 2649 671 2712 Thoma
702 2649 781 2731 apud
811 2669 865 2713 eos
896 2667 972 2730 quos
1002 2650 1130 2713 vidimus
1159 2657 1282 2712 autores
1312 2651 1474 2713 silentium.
1519 2652 1594 2726 Quis

217 2757 317 2811 tamen
339 2748 392 2810 ille
415 2748 506 2811 suerit
527 2748 732 2811 existimamus
755 2748 861 2812 haberi
882 2766 975 2830 posse
989 2767 1040 2811 ex
1053 2748 1167 2812 Codice
1182 2748 1242 2812 ΜΒ.
1255 2748 1461 2813 Bibliothecae
1477 2748 1594 2832 Regiae

219 2846 347 2928 Syriaco
362 2846 593 2910 membranaceo
609 2848 660 2929 qui
672 2847 839 2931 Evangelia
853 2855 983 2929 quatuor
995 2850 1129 2911 continet
1146 2847 1370 2928 elegantissime
1385 2850 1499 2928 scripta
1514 2865 1593 2910 anno

218 2944 387 3008 Alexandri
409 2943 517 3009 MDlll.
546 2945 605 3008 hoc
628 2952 675 3008 est
697 2945 809 3009 Christi
830 2944 964 3012 thllCl.
1010 2946 1059 3010 td
1082 2946 1184 3026 operis
1207 2945 1321 3008 calcem
1344 2945 1420 3008 haec
1441 2947 1593 3028 leguntur.

218 3043 276 3106 Hic
289 3051 335 3105 est
349 3044 425 3106 liber
437 3044 457 3106 l
459 3044 490 3108 V.
512 3043 746 3124 Eaanpeiiornm
768 3052 942 3108 sanctornm
963 3047 1016 3124 pai
1036 3045 1202 3107 transhatns
1224 3053 1270 3107 est
1291 3066 1331 3106 es
1353 3045 1475 3107 Graeca
1493 3047 1596 3126 linqua

217 3143 251 3203 in
272 3141 451 3223 Syriacam,
480 3143 581 3204 stadio
604 3144 803 3204 exactimimo
825 3145 1016 3223 maximoque
1038 3143 1162 3205 habore:
1186 3145 1289 3222 primo
1318 3144 1437 3223 quidem
1462 3146 1495 3205 in
1520 3145 1596 3207 arbe

218 3239 366 3320 Hadonp,
395 3243 460 3302 siae
487 3240 644 3321 Hierapoli
671 3259 752 3302 anno
775 3239 959 3304 occcxtx.
1002 3240 1175 3303 Alexandri
1195 3241 1387 3316 Macedonis,
1409 3249 1541 3322 ternpore
1562 3242 1595 3306 S.

219 3337 382 3402 Phdaaerti
403 3337 598 3417 Cortsessoris
626 3347 656 3401 et
679 3338 826 3418 Episcopi
846 3340 979 3418 m'asdem
1001 3341 1144 3403 civitatis.
1189 3339 1307 3401 Deinde
1328 3359 1402 3402 aero
1424 3343 1596 3420 reeoanitns

220 3455 337 3499 samma
359 3456 427 3498 cam
456 3438 628 3517 dilipentia,
658 3456 679 3499 a
707 3457 754 3499 me
777 3437 888 3500 litania
908 3457 1060 3518 paupere,
1091 3439 1135 3499 ad
1163 3439 1224 3500 dao
1254 3439 1446 3517 exemplaria
1473 3440 1597 3502 Graeca

220 3537 335 3596 eximia
357 3542 387 3595 et
407 3537 636 3597 accuratissime
658 3539 773 3616 scripta
794 3536 1013 3614 Alexandriae,
1037 3539 1162 3599 civitate
1182 3554 1295 3616 maana
1316 3537 1359 3597 ad
1379 3535 1411 3599 S.
1436 3535 1597 3599 Antoniam

221 3634 286 3694 siae
306 3633 522 3695 Honasteriam
543 3633 763 3714 Heiipiosornm
777 3634 809 3698 S.
821 3634 946 3698 Antonii
960 3634 1223 3697 annoAleaandri
1231 3631 1460 3700 dcccxxvii.
1486 3635 1597 3699 Christi

220 3731 312 3793 DXV.
357 3732 439 3794 llaec
468 3738 554 3793 erant
586 3733 738 3814 descripta
761 3753 801 3795 ox
824 3733 937 3797 Codice
960 3735 1102 3813 primario
1126 3732 1162 3794 ab
1186 3734 1254 3814 ipso
1276 3732 1346 3794 libri
1369 3735 1519 3815 scriptore
1541 3734 1597 3796 Je-

221 3830 315 3892 schua
336 3830 370 3893 F.
395 3829 531 3893 lohanan
561 3831 742 3910 Sacerdote,
766 3833 817 3911 qui
839 3832 936 3907 addit,
956 3832 1044 3910 pinita
1066 3851 1133 3893 esse
1155 3839 1284 3912 quantor
1296 3831 1464 3913 Eaanyetia
1486 3852 1598 3894 secan-

223 3929 294 3990 dum
318 3929 478 3990 editionem
500 3928 747 3991 Heracleensem:
769 3929 828 3992 hoc
852 3938 898 3992 est
922 3928 1055 3991 Thomae
1077 3929 1168 4003 illius,
1191 3929 1229 3992 de
1253 3947 1313 4008 quo
1336 3946 1437 4009 supra.
1469 3930 1497 3992 ls
1520 3947 1596 4011 ergo

223 4026 424 4090 videturesse
439 4027 568 4091 Thomas
583 4028 795 4091 Heracleensis
810 4027 995 4109 Episcopus:
1018 4035 1051 4089 ut
1073 4027 1210 4108 proclive
1233 4035 1281 4089 est
1293 4028 1482 4090 existimare:
1506 4036 1597 4107 atque

223 4125 300 4194 adeo
322 4127 437 4188 vixisse
459 4125 541 4189 illum
563 4134 686 4207 oportet
707 4127 831 4189 ineunte
854 4127 977 4189 saeculo
998 4126 1061 4188 vll.
1084 4143 1146 4205 quo
1169 4126 1357 4205 potissimum
1380 4133 1515 4206 tempore
1538 4127 1598 4188 llo-

223 4231 351 4286 ruerunt
374 4222 480 4287 Severi
502 4225 652 4306 discipuli,
675 4233 767 4305 atque
789 4225 897 4306 reliqui
920 4225 1055 4307 ejusdem
1077 4232 1182 4286 sectae
1204 4223 1381 4302 Antistites,
1412 4243 1489 4304 quos
1519 4225 1598 4287 inter

224 4324 311 4385 divos
334 4321 492 4386 Jacobitae
516 4332 682 4388 numerant.
727 4324 832 4385 Parem
855 4322 1043 4405 epigraphen
1066 4321 1210 4384 exhibent
1233 4323 1354 4385 codices
1378 4322 1427 4384 alii
1449 4324 1598 4385 vetustis-

223 4420 289 4481 simi
310 4420 547 4504 Evangeliomm
569 4423 722 4502 Vaticani,
751 4430 781 4485 et
802 4423 967 4485 Florentiui
990 4439 1065 4503 quos
1088 4419 1201 4483 Romae
1226 4429 1256 4483 ει
1277 4421 1448 4483 Florentiae
1471 4421 1596 4485 vidimus

224 4537 292 4581 ann.
315 4519 470 4583 MDCCl.
500 4529 531 4583 et
553 4521 776 4603 antiquissimos
798 4530 905 4584 noster
927 4521 1058 4601 scriptus
1083 4536 1161 4582 anno
1184 4518 1369 4582 Graecorum
1392 4518 1546 4582 llCDlV.
1569 4520 1596 4581 l.

225 4616 260 4682 C.
283 4617 389 4681 cht.
422 4619 556 4682 Meminit
579 4639 699 4701 quoque
723 4620 863 4682 editionis
887 4618 1100 4682 Heracleensis
1121 4619 1288 4699 Dionysius
1306 4616 1464 4695 Barsalibi,
1488 4617 1595 4678 citatus

225 4717 262 4778 ab
284 4715 428 4780 Eduardo
450 4717 601 4781 Pocockio
627 4719 659 4779 in
680 4717 871 4781 Praelatione
901 4717 938 4780 ad
960 4716 1112 4798 Epistulas
1142 4716 1256 4797 aliquot
1278 4714 1448 4778 Catholioas
1472 4712 1597 4794 Syriaca

225 4815 372 4879 etLatine
395 4836 412 4879 a
435 4834 469 4879 se
492 4816 601 4879 editas:
624 4818 654 4879 in
677 4817 786 4899 quihus
808 4815 910 4880 verbis
932 4822 1069 4894 vocatur,
1093 4816 1223 4895 litamur
1237 4814 1407 4894 Episcopus
1420 4813 1596 4876 Heracleae.

231 4912 417 4994 Versiortern‚
440 4915 570 4978 reddidit
591 4914 777 4979 Pocockius:
809 4923 840 4977 at
862 4932 923 4977 vox
945 4913 1070 4995 Syriaca
1093 4927 1229 5011 tropat),
1260 4930 1321 4975 nou
1352 4913 1524 4974 versionem
1552 4910 1599 4971 si-

226 5010 358 5092 gnificat,
382 5013 438 5077 sed
461 5013 634 5090 editionem,
649 5032 705 5077 seu
716 5014 936 5093 recensionem,
954 5030 1042 5094 quarn
1057 5010 1095 5074 ad
1108 5009 1225 5074 Graeca
1240 5005 1426 5092 exemplaria
1439 5028 1474 5073 se
1488 5007 1600 5070 iecisse

226 5115 355 5172 testatur
376 5112 442 5192 ipso
466 5111 611 5189 Thomas,
632 5130 694 5174 non
716 5112 841 5194 Syriaco
864 5113 1004 5175 vertisse.

1311 5210 1392 5284 52*
