4525 6034
654 527 730 601 378
1043 529 1119 602 DE
1172 521 1647 603 Pluulnudttn

653 714 779 786 electus
806 727 876 789 est:
904 737 979 787 nam
1007 717 1069 786 etsi
1096 711 1282 786 Monachus
1311 723 1414 800 esset,
1443 719 1551 783 ιιιιιιιι
1579 714 1656 806 quia
1683 719 1901 805 acceperunt,
1927 722 2025 807 post-

653 810 752 925 quam
784 853 830 901 ex
865 855 960 904 more
998 830 1222 925 proclamatus
1255 826 1333 913 luit,
1366 851 1441 899 cum
1468 825 1545 900 olim
1578 848 1720 897 uxorem
1752 824 1905 915 duxisse,
1941 852 2025 924 quae
2154 845 2164 858 ·

653 944 760 1018 adhuc
791 950 825 1018 in
865 951 955 1020 vivIs
997 954 1211 1042 superesset,
1237 943 1337 1039 idque
1372 942 1547 1015 multorum
1591 942 1779 1014 testimonla
1816 945 2025 1033 constitisset,

651 1060 815 1158 Episcopi
841 1062 884 1133 ad
912 1085 996 1157 quos
1025 1060 1196 1134 Ordinatio
1224 1058 1409 1156 spectabat,
1435 1079 1553 1130 manus
1580 1056 1625 1129 illi
1652 1061 1824 1162 imponere
1842 1059 2025 1146 noluerunt,

654 1179 719 1248 nisi
745 1189 923 1273 postquam
950 1176 1155 1266 didicissent,
1183 1198 1258 1247 eum
1286 1173 1417 1270 quidem
1445 1171 1684 1270 aparentibus
1712 1184 1864 1246 coactum
1887 1200 2027 1248 uxorem

656 1291 807 1385 duxisse,
834 1292 895 1367 scd
923 1315 997 1363 eam
1023 1313 1090 1364 non
1119 1294 1289 1383 attigisse,
1326 1312 1400 1362 cum
1431 1292 1494 1385 ipsi
1531 1291 1640 1361 statim
1671 1298 1749 1384 post
1781 1294 1911 1387 nuptias
1943 1315 2026 1387 per-

656 1412 840 1498 suasisset,
865 1420 900 1480 ut
927 1410 1153 1500 virginitatem
1181 1417 1366 1478 servarent.
1407 1404 1459 1477 Ea
1486 1427 1589 1476 cansa
1615 1416 1694 1501 post
1720 1416 1860 1477 mortem
1886 1405 2026 1479 Simonis

655 1521 710 1594 LI.
738 1527 882 1616 rejectus
910 1535 962 1597 cst
987 1524 1084 1595 Isaac
1110 1523 1149 1593 F.
1176 1520 1351 1594 Andunae.

381 1615 517 1711 Nunquam
535 1644 643 1714 8ιιιιῑ·
760 1637 862 1710 LVII.
889 1638 996 1710 Senta
1023 1648 1227 1710 memoratur
1254 1636 1295 1708 ab
1323 1635 1511 1709 Ebnassalo
1540 1648 1573 1709 et
1599 1661 1618 1708 ι
1651 1636 1846 1732 quibusdam
1878 1638 1970 1728 aliis,
1996 1648 2029 1709 ut

331 1742 390 1779 ”⁶¹⁸¹
412 1728 538 1780 ⁰l⁰d⁶¹“·
656 1775 822 1849 nunquam
849 1776 946 1825 ιιιιιιιι
973 1777 1033 1827 sua
1061 1757 1257 1844 sanguinem
1284 1752 1471 1824 effudisset:
1498 1751 1532 1823 id
1559 1756 1645 1824 enim
1671 1752 1767 1826 neias
1782 1752 1921 1827 hahetur
1945 1754 2029 1850 apud

658 1891 718 1941 eos
746 1869 976 1943 sacerdotibus
1002 1880 1038 1941 ut
1063 1869 1165 1940 tdlum
1193 1867 1315 1940 animal
1347 1890 1445 1938 ιιιιιιιι
1478 1890 1539 1939 sua
1565 1878 1711 1940 mactent
1745 1880 1802 1941 aut
1836 1875 2028 1962 sanguinem

384 2004 427 2056 re.
451 2004 510 2058 coa.
532 1983 804 2074 annullandam,
831 1993 866 2056 ut
892 2008 938 2057 ex
965 1984 1106 2059 Conone
1131 1983 1267 2056 XLVII.
1296 1982 1513 2056 collectionis
1541 1983 1705 2079 Syrorum
1738 1983 1967 2057 Jacohitarum
1999 1998 2030 2057 et

348 2087 410 2157 ¹¹⁶⁹·
656 2100 800 2174 diversis
826 2101 900 2174 aliis
926 2100 1136 2174 manifestum
1164 2111 1225 2171 est.

760 2216 877 2288 LVIII.
905 2217 1071 2312 Septima,
1098 2227 1135 2287 ιιι
1160 2214 1305 2308 hnguam
1331 2215 1444 2311 populi
1471 2218 1523 2288 cui
1542 2215 1783 2311 praeficiendus
1811 2229 1900 2306 erat,
1927 2215 2029 2288 lami-

656 2332 773 2404 harem
805 2331 962 2420 baberet,
999 2331 1085 2406 adeo
1121 2342 1158 2404 ut
1190 2354 1295 2424 agere
1328 2354 1403 2402 cum
1439 2335 1508 2405 suis
1545 2331 1672 2426 absque
1699 2336 1879 2428 iuterprete
1905 2343 2029 2429 posset,
2090 2325 2099 2336 ⁸

659 2470 842 2544 sacrasque
870 2451 1051 2544 scripturas
1078 2472 1124 2520 ex
1152 2455 1314 2541 suggestu
1339 2444 1439 2519 facile
1465 2451 1498 2519 in
1524 2447 1670 2541 hnguam
1682 2447 1898 2520 vernaculam
1923 2451 2029 2518 inter-

575 2595 577 2600 ·
658 2568 793 2660 pretari.
819 2564 870 2635 Ea
899 2564 1016 2657 regula
1041 2568 1242 2660 peregrinos
1252 2586 1335 2636 -nou
1364 2564 1521 2654 excludit,
1548 2564 1648 2635 modo
1670 2562 1805 2655 linguae
1831 2564 2031 2636 vernaculae

657 2701 753 2750 usum
779 2678 935 2770 habeant,
963 2684 1115 2776 quamvis
1142 2684 1176 2751 in
1203 2679 1397 2775 quihusdam
1420 2677 1612 2752 Canonihus
1638 2682 1873 2775 praepriatur,
1901 2701 1945 2750 ne
1963 2704 2030 2752 ex-

655 2796 764 2867 tranei
788 2794 950 2892 Episcopi
977 2797 1095 2870 dentur
1119 2795 1294 2886 Ecclesiis,
1323 2794 1411 2890 quod
1439 2806 1549 2867 tamen
1574 2818 1643 2868 non
1667 2817 1800 2889 semper
1816 2792 2030 2867 observatum

654 2910 796 2998 videtur,
824 2912 883 2983 sed
912 2919 1034 2983 tantum
1063 2915 1221 3009 optimum
1246 2910 1335 2983 lactu
1358 2911 1540 3004 judicatum
1568 2922 1629 2999 est,
1658 2914 1687 2982 si
1713 2919 1830 3005 posset
1844 2905 2029 3013 observari

652 3025 689 3097 In
716 3025 908 3098 Patriarcha
934 3026 1166 3101 Alexandrino
1200 3027 1377 3119 deligendo
1404 3027 1510 3116 nulla,
1544 3040 1579 3100 ut
1611 3026 1762 3118 videtur,
1788 3028 1919 3120 patriae
1947 3029 2028 3099 ratio

654 3141 765 3215 habita
793 3155 853 3216 est.
907 3143 989 3244 Syri
1016 3143 1082 3216 duo
1110 3143 1153 3215 ad
1180 3145 1265 3217 hanc
1293 3147 1486 3239 dignitatem
1513 3150 1650 3221 assumti
1677 3157 1752 3218 sunt
1777 3144 1894 3218 Simon
1930 3143 2031 3215 XLII.
2069 3213 2073 3218 .

656 3267 689 3329 et
714 3257 850 3330 Marcus
877 3258 915 3330 F.
942 3261 1074 3331 Zaraae
1100 3260 1252 3333 LXXIII.
1281 3266 1389 3336 serius
1416 3275 1449 3335 et
1475 3268 1611 3360 propius
1626 3261 1668 3334 ad
1694 3261 1778 3332 haec
1804 3272 1920 3333 nostra
1943 3270 2031 3331 tem-

656 3396 753 3468 pora,
779 3375 907 3447 Jounes
935 3379 1009 3448 sive
1036 3377 1186 3449 Ioannes
1214 3378 1358 3473 quidam,
1386 3384 1440 3475 qui
1467 3389 1657 3453 numeratur
1683 3377 1854 3450 LXXXV.
1899 3378 2030 3449 Dama-

656 3511 789 3578 scenuS,
816 3500 851 3563 et
876 3514 919 3563 eo
948 3495 1113 3588 antiquior
1139 3492 1294 3565 LXXIX.
1327 3495 1538 3570 Theodosius
1573 3495 1703 3591 quidam
1735 3495 1898 3565 Francus.
1955 3491 2029 3564 Οι-

656 3618 826 3677 servatum
855 3618 964 3679 tamen
992 3631 1011 3678 ι
1038 3607 1137 3681 nobis
1165 3620 1217 3682 est
1249 3614 1283 3681 in
1308 3610 1444 3683 historia
1480 3610 1666 3685 vicennalis
1698 3611 1912 3700 vacatIonis,
1947 3629 2030 3704 quae

657 3732 734 3791 ante
762 3720 879 3817 Cprilli
911 3724 951 3797 F.
983 3722 1125 3795 Laldahi
1154 3725 1419 3816 OrdInatIonem,
1454 3726 1717 3799 Alexandrinam
1749 3724 1940 3800 Ecclesiam
1966 3737 2030 3797 tam

656 3839 780 3907 misere
808 3843 967 3929 vexavit,
995 3837 1164 3932 objectum
1190 3839 1294 3914 luisse
1329 3841 1370 3914 ab
1399 3847 1472 3936 cjus
1501 3843 1705 3915 adversariis
1731 3846 1817 3913 inter
1838 3842 1915 3933 alia,
1945 3840 2030 3937 quod

654 3950 771 4022 Fiuma
798 3952 955 4025 oriundus
982 3967 1085 4045 esset,
1112 3979 1198 4050 quae
1228 3956 1271 4028 ad
1298 3956 1400 4029 Sahld
1427 3963 1501 4031 sive
1528 3957 1733 4030 Thebaidem
1760 3955 1955 4053 spectabat,
1987 3978 2031 4028 ex

656 4089 721 4161 qua
747 4089 814 4139 non
842 4067 986 4141 debebat
1012 4070 1091 4161 eligi
1117 4070 1331 4163 Patriarcba,
1365 4074 1452 4168 quod
1485 4083 1597 4145 tamen
1625 4072 1822 4145 electionem
1857 4075 1932 4164 ejus
1965 4094 2031 4143 non

655 4183 842 4278 impedivit:
870 4195 903 4255 et
930 4190 963 4256 in
991 4185 1158 4278 Catalogo
1185 4193 1421 4284 posteriorum,
1449 4193 1503 4285 qui
1531 4211 1631 4261 manu
1651 4191 1830 4259 recentiori
1857 4188 2030 4280 adjunctus

655 4309 707 4370 est
734 4299 850 4372 Codici
876 4300 1075 4374 Abulbircat
1101 4326 1168 4398 quo
1195 4307 1248 4375 usi
1275 4328 1408 4396 sumus,
1435 4305 1508 4378 XC.
1545 4317 1740 4378 recensetur
1775 4302 1952 4375 Mathaeus
1987 4323 2031 4372 ex

654 4413 790 4507 Salddc,
818 4420 892 4490 sive
920 4416 1101 4490 Thebaide.
1128 4420 1166 4491 In
1192 4424 1263 4491 vita
1289 4419 1418 4516 Yuqahi
1444 4421 1514 4493 LII.
1541 4420 1663 4513 legitur
1689 4425 1724 4492 in
1750 4422 1916 4514 frequenti
1933 4417 2030 4491 Con-

655 4531 732 4604 cilio
760 4542 915 4604 statutum
942 4532 1064 4623 inisse,
1098 4558 1141 4606 ne
1174 4535 1259 4609 ullus
1293 4559 1339 4607 ex
1364 4537 1603 4610 Alexandrinis
1637 4535 1766 4607 civibus
1801 4534 1842 4608 ad
1874 4534 2029 4605 Patriar-

656 4646 785 4717 chatum
822 4647 1003 4740 eligeretur
1039 4653 1114 4744 quia
1148 4651 1191 4723 ob
1228 4650 1366 4739 lustum,
1400 4651 1534 4740 luxum,
1570 4675 1749 4746 moresque
1790 4653 2030 4746 incompositos

655 4763 742 4833 niele
770 4763 964 4842 audiebant:
1001 4765 1062 4836 sed
1094 4775 1150 4837 ιιιι
1175 4765 1231 4838 illa
1258 4768 1317 4838 lex
1343 4789 1412 4840 non
1442 4768 1505 4839 luit
1531 4766 1573 4852 ad
1599 4778 1757 4862 posteros
1785 4766 1950 4855 valitura,
1978 4772 2031 4837 ant

656 4876 820 4970 abrogata
847 4891 906 4952 est.
940 4881 1025 4952 Nam
1046 4881 1294 4976 'Theophanios
1320 4882 1393 4955 LX.
1429 4895 1464 4956 et
1497 4882 1679 4956 Zacharias
1717 4882 1838 4956 LXIV.
1871 4882 2029 4955 Alexan-
2156 4911 2160 4916 ·

657 4994 741 5065 ιιιιιι
766 4993 908 5067 luerunt.

366 2277 483 2348 Linguae
502 2284 608 2350 peritus.
