4525 6034
1191 591 1513 698 rninrrrro.

661 792 755 867 enim
779 787 939 865 divinare
966 796 1073 890 queat
1101 784 1192 862 baec
1223 782 1348 885 verba,
1375 786 1524 888 accepit
1541 781 1769 880 Scrmniom,
1797 791 1858 858 aut
1881 780 2043 858 adolevit

650 914 890 1019 'Sarmatiam
915 914 1119 1022 significare
1142 918 1236 995 lrunc
1251 917 1311 994 vel
1337 916 1433 994 illum
1456 914 1694 995 Patriarcham
1715 915 1910 993 Simoniam
1929 939 2041 992 exer-

663 1059 783 1133 cuisse
804 1055 865 1132 vel
883 1052 1098 1134 sustulisse?
1128 1051 1384 1129 Matronianum
1413 1049 1603 1154 quemdam
1621 1048 1833 1128 Antiochiae
1864 1053 2041 1126 occisum:

664 1214 813 1266 cumea
846 1212 921 1266 vox
950 1186 1042 1265 duos
1074 1184 1320 1287 Metropolitas
1348 1183 1556 1286 significet?
1591 1184 1807 1261 Diaconum
1837 1183 1919 1261 loco
1942 1183 2041 1260 Pre-

663 1322 821 1421 sbyteri:
848 1319 1071 1419 Sacrificant
1095 1343 1162 1421 pro
1186 1317 1404 1418 Sacerdote,
1436 1329 1471 1394 et
1504 1317 1570 1394 alia
1591 1315 1767 1421 ejusmodi
1793 1315 1929 1394 multa?
1957 1319 2042 1419 qui-

663 1453 732 1532 bus
768 1477 840 1530 non
869 1452 1005 1530 leviora
1038 1464 1120 1530 sunt
1150 1462 1296 1559 peccata
1323 1451 1435 1553 longe
1465 1450 1615 1552 plurima
1647 1455 1681 1527 in
1713 1450 1857 1528 historia
1887 1451 2041 1551 politica,
2074 1533 2078 1541 „

665 1612 819 1690 quorum
851 1589 1042 1688 praecipua
1082 1586 1355 1664 observavimus
1398 1588 1433 1662 in
1476 1609 1519 1660 ea
1559 1608 1664 1687 quam
1699 1607 1815 1687 nuper
1853 1582 2042 1683 edidimus,

664 1718 947 1798 Patriarcbarum
980 1719 1318 1797 Alexandrinorum.

787 1853 883 1930 lnter
928 1853 995 1930 alia
1045 1852 1271 1956 eloquentiae
1321 1850 1498 1929 Arabicae
1541 1854 1734 1952 specimina
1782 1853 1838 1927 vir
1884 1848 2042 1928 Arabice

665 1987 893 2065 doctissimus
914 1984 1073 2064 lacobus
1094 1983 1239 2087 Golius‚
1268 1983 1458 2063 Homiliam
1487 1983 1596 2062 edidit
1627 1984 1674 2061 de
1701 1982 1889 2061 Nativitate
1912 1980 2043 2061 Christi

665 2123 830 2222 scriptam
862 2117 906 2196 ab
937 2118 1037 2220 Elia,
1076 2122 1137 2223 qui
1171 2122 1206 2196 in
1247 2118 1346 2196 titulo
1382 2115 1526 2197 Codicis
1563 2122 1791 2220 manuscripti
1838 2114 2043 2195 catholicus

665 2252 872 2356 appellatur.
933 2251 1029 2331 Eum
1063 2252 1121 2329 ille
1155 2251 1421 2330 Antiochenam
1446 2250 1683 2330 Patriarcham
1712 2250 1824 2329 luisse
1853 2251 1952 2352 dixit
1982 2254 2043 2354 qui
2084 2261 2100 2280 ‘

666 2411 768 2466 error
802 2386 892 2465 levis
932 2385 1046 2486 foret,
1090 2389 1158 2464 nisi
1195 2385 1350 2463 traheret
1389 2410 1514 2463 secum
1550 2386 1680 2465 multos
1715 2386 1803 2463 alios
1841 2389 2043 2488 spissiores.

664 2521 755 2600 Nam
793 2519 909 2598 Ellam
949 2523 1076 2620 istum,
1123 2518 1265 2597 aliunde
1308 2517 1561 2598 Nestorianum
1606 2519 1718 2598 luisse
1753 2530 1908 2598 constat:
1959 2518 2044 2596 inde

665 2658 774 2758 igitur
806 2653 965 2730 nonnulli
1006 2652 1272 2731 Antiochenum
1305 2679 1351 2730 ex
1377 2678 1419 2731 ea
1448 2654 1587 2732 baeresi
1614 2652 1851 2732 Patriarcham
1882 2655 2044 2731 somnia-

665 2797 816 2887 verunt,
848 2789 908 2888 qui
935 2810 1116 2889 nunquam
1144 2785 1218 2863 luit.
1281 2785 1331 2865 At
1353 2791 1383 2865 si
1409 2789 1493 2891 quid
1524 2788 1680 2867 vexilla
1707 2791 1898 2891 peregrina
1925 2789 2044 2890 signi-

667 2919 793 2998 ficabat
836 2923 871 2995 in
914 2920 993 2997 stilo
1029 2919 1286 2998 Ecclesiastico
1334 2918 1458 3000 (lolius
1503 2921 1754 3023 intellexisset,
1809 2919 2043 2999 Nestorianae

667 3064 788 3130 sectae
807 3076 1014 3155 supremum
1032 3052 1237 3131 Antistitem
1265 3058 1485 3157 agnovisset
1526 3055 1668 3135 Eodem
1698 3080 1821 3133 errore
1847 3054 2043 3133 llircberus

669 3185 944 3288 Hananiecbua‚
981 3190 1042 3289 qui
1073 3187 1173 3266 titulo
1205 3185 1378 3267 Catholici
1407 3186 1633 3268 Patriarchae
1664 3200 1810 3268 ornatur
1837 3193 1871 3266 in
1911 3191 2042 3267 inscri-

665 3323 787 3421 ptione
808 3318 955 3420 Syriaca
982 3319 1107 3423 lapidis
1124 3319 1254 3423 sinici,
1283 3346 1377 3400 anno
1399 3320 1620 3401 lllDCXXV.
1655 3327 1690 3400 in
1717 3321 1906 3401 Provincia
1929 3322 2042 3399 Xensi

667 3456 819 3554 reperti,
864 3453 1104 3530 Alexandriae
1149 3466 1209 3531 aut
1248 3455 1461 3534 Antiochiae
1502 3436 1641 3560 quaeri¹
1660 3458 1786 3560 jussit,
1831 3481 1913 3534 cum
1947 3465 2044 3547 esset

668 3582 903 3663 Nestorianae
935 3598 1055 3664 sectae
1084 3585 1297 3664 Patriarcba.

791 3716 923 3822 lllagna
959 3719 1023 3797 luit
1054 3732 1089 3797 et
1120 3722 1204 3823 jure
1243 3725 1390 3823 merito,
1442 3722 1519 3800 laus
1556 3719 1728 3801 Guidonis
1762 3722 1914 3799 Fabricii
1964 3719 2044 3800 Bo-

378 3930 391 3965 ,
425 3930 442 3965 ι
497 3915 576 3965 ΓΜ
670 3850 802 3937 deriani
839 3855 874 3929 in
907 3853 1017 3931 literis
1039 3851 1216 3954 Syriacis,
1247 3871 1396 3957 quarum
1421 3855 1535 3933 studia
1558 3856 1706 3934 mirilico
1727 3860 1919 3958 promovit
1941 3856 2044 3933 editis

669 3981 900 4062 Grammatica
926 3998 962 4063 et
987 3986 1135 4088 Lenico⁷
1167 3999 1240 4065 tum
1265 3988 1514 4067 emendatione
1543 4002 1579 4067 et
1604 3994 1774 4069 versione
1796 3990 1890 4067 Novi
1912 3988 2044 4067 Testa-

667 4123 776 4196 menti
814 4119 962 4221 Svn'aci.
1025 4121 1205 4200 lstamen
1228 4126 1265 4200 in
1294 4128 1427 4227 exiguo
1456 4121 1576 4200 libello
1608 4122 1753 4201 Rituum
1779 4122 2043 4226 Baptismalium

668 4254 797 4333 Severi
822 4256 1054 4359 Antiocheni‚
1086 4283 1194 4362 quern
1221 4242 1356 4362 absque
1382 4257 1451 4334 ulla
1477 4259 1635 4358 ratione,
1664 4269 1724 4335 aut
1746 4256 1911 4335 codicum
1935 4270 2044 4337 auto-

667 4392 767 4466 ritate
800 4390 1081 4469 Alexandrlnum
1110 4392 1318 4494 appellavit,
1355 4394 1460 4469 toties
1493 4390 1614 4492 lapsus
1640 4401 1714 4492 est,
1750 4401 1788 4468 ut
1813 4394 1934 4470 versio
1965 4395 2044 4497 ejus

666 4523 751 4601 nibil
784 4549 894 4627 saepe
927 4529 1044 4602 minus
1070 4549 1176 4629 quarn
1203 4526 1385 4628 Syriacam
1416 4528 1612 4603 orationem
1637 4536 1901 4627 repraesentet,
1933 4550 2044 4628 prae·

666 4660 788 4734 sertim
827 4662 862 4734 in
897 4658 963 4736 illis
1005 4683 1098 4762 quae
1136 4659 1404 4738 caeremonialia
1441 4671 1534 4736 sunt.
1604 4657 1695 4736 Nam
1734 4659 1866 4737 Plauto
1893 4660 2044 4739 bostiam

665 4794 794 4891 vertit,
826 4817 907 4869 cum
935 4796 979 4869 sit
1009 4797 1221 4871 lacerosum:
1252 4767 1389 4889 κζ’-95η
1421 4781 1488 4871 seu
1524 4792 1682 4870 clevatio
1716 4799 1839 4892 cocis,
1880 4819 1972 4898 qnae
2008 4798 2044 4872 in

667 4922 813 5001 modum
856 4924 1019 5003 rubricae
1061 4931 1308 5029 praemittitur,
1354 4938 1414 5005 aut
1452 4929 1618 5004 inseritur
1658 4926 1895 5029 orationibus,
1939 4933 2046 5005 vertit

670 5054 853 5159 Modus,
889 5070 925 5137 et
945 5070 984 5138 ut
1007 5065 1216 5140 sententiam
1241 5062 1391 5165 efficiat,
1423 5086 1502 5139 eam
1528 5086 1658 5141 vocem
1681 5060 1835 5141 vocandi
1857 5088 1943 5142 casu
1967 5062 2045 5141 vult
