4525 6034
499 628 584 705 sun
612 624 742 704 canon
768 629 1013 729 mutuamus
1040 627 1268 706 nnmorun.
1491 624 1565 700 uss
1690 584 1697 591 ’

197 817 371 889 scientiam
403 814 673 907 inamissibilem,
705 827 740 888 ut
770 814 1010 909 intelligamus,
1043 826 1078 887 et
1111 820 1351 913 perspiciamus
1386 818 1568 912 scripturas

194 944 331 1006 sanctas
359 955 444 1028 quas
469 933 625 1024 leguntur
651 953 765 1004 coram
792 943 841 1005 tc:
869 942 904 1004 et
930 931 1203 1026 quemadmodum
1233 932 1347 1008 similis
1380 932 1488 1006 lactus
1515 938 1568 1003 est

192 1047 254 1121 tibi
281 1071 342 1145 per
367 1052 592 1135 imitationem,
620 1070 641 1120 o
667 1058 763 1120 autor
787 1052 890 1135 vitae,
916 1052 961 1120 ita
987 1048 1042 1122 tac
1068 1071 1130 1122 nos
1166 1049 1287 1142 dignos
1312 1059 1349 1122 ut
1384 1073 1459 1123 eum
1485 1048 1567 1118 inri-

191 1174 314 1255 temur,
341 1174 376 1237 et
401 1163 605 1237 ambulemus
631 1168 665 1235 in
680 1168 745 1243 viis
772 1168 861 1258 ojus:
887 1164 1125 1260 laudamusque
1141 1188 1263 1238 nomen
1290 1175 1380 1239 mum
1406 1174 1567 1251 sanctum,

191 1291 227 1352 et
253 1280 436 1372 gloriemur
461 1284 495 1352 in
521 1284 669 1377 pretiosa
696 1303 797 1353 cruce
822 1290 877 1353 tua
905 1304 1114 1378 quocumque
1140 1292 1309 1379 tempore:
1337 1285 1412 1377 quia
1439 1290 1473 1354 te
1500 1280 1567 1352 dc-

189 1406 247 1469 cet
283 1400 473 1493 irnperium,
504 1402 631 1505 virtus,
665 1397 930 1491 magnificentia,
965 1407 1115 1494 potestas
1152 1420 1291 1491 magna,
1331 1409 1364 1470 et
1396 1396 1506 1490 gloria
1531 1400 1566 1469 in

190 1511 331 1587 saecula
359 1513 578 1589 saeculorum.
628 1516 748 1587 Amen.

240 1618 241 1621 ¹
299 1629 335 1701 9.
361 1630 541 1703 Diaconos
567 1636 747 1725 campanen
772 1631 906 1726 legatur
932 1630 1092 1723 Epistola
1118 1631 1211 1702 dicit.

299 1744 356 1817 Ex
382 1746 485 1820 Panlo
512 1769 615 1822 servo
643 1758 676 1819 et
701 1746 869 1844 Apostolo
896 1748 1029 1820 Domini
1062 1757 1096 1819 ct
1131 1747 1311 1821 salvatoris
1346 1750 1452 1821 nostri
1484 1747 1568 1821 lesu

192 1860 339 1951 Christi,
373 1866 432 1957 qui
463 1873 625 1953 vocatus,
662 1861 807 1953 electus,
838 1874 873 1936 et
904 1872 1102 1956 segregatus
1136 1875 1189 1936 est
1215 1864 1259 1936 ad
1284 1864 1567 1961 praedicationem

188 1977 374 2070 Evangelii
406 1983 532 2050 sancti:
564 1977 664 2052 lectio
699 1978 872 2074 Epistolae
907 1979 948 2052 N.
982 1983 1089 2052 oratio
1125 1982 1198 2072 ejus
1231 1989 1264 2052 et
1303 1980 1492 2054 benedictio
1524 1983 1568 2053 sit

188 2095 376 2167 nobiseum.
409 2097 528 2167 Amen.
954 2096 963 2114 ‘

297 2211 346 2281 Et
368 2217 449 2304 post
474 2212 652 2283 lectionem
677 2212 782 2282 Pauli
808 2210 989 2283 Diaconos
1016 2212 1115 2282 dicet.

298 2325 413 2398 Gratia
439 2329 559 2415 Patris,
586 2331 709 2400 caritas
743 2326 818 2400 Filii
851 2337 885 2400 et
911 2327 1031 2401 donum
1067 2327 1209 2424 Spiritus
1248 2331 1375 2418 sancti,
1411 2332 1467 2425 qui
1499 2328 1568 2401 de-

190 2443 327 2519 scendit
353 2466 457 2540 super
487 2444 675 2541 Apostolos
707 2443 921 2535 benedictos,
959 2455 994 2517 et
1027 2466 1148 2541 puros,
1185 2446 1220 2516 in
1260 2444 1444 2519 coenaculo
1484 2444 1568 2517 Sion

189 2571 345 2649 sanctae,
373 2560 556 2657 duplicetur
583 2583 684 2657 supor
709 2582 785 2651 nos,
812 2560 967 2657 populum
996 2561 1216 2634 Christianum
1250 2564 1284 2632 in
1318 2562 1455 2635 saccula
1482 2583 1566 2635 sae-

188 2678 353 2751 culorum.
406 2679 525 2751 Amen.

298 2793 423 2866 Sancte
450 2793 555 2867 Paule
581 2793 749 2890 Apostolc
774 2792 865 2866 bone
890 2795 1060 2881 mInister,
1092 2804 1229 2867 sanator
1255 2794 1475 2886 infirmorum,
1502 2817 1567 2865 ac-

188 2913 311 3007 cepisti
339 2932 524 3000 coronam,
552 2933 613 2983 ora
641 2922 675 2983 st
699 2932 841 3006 precare
869 2932 931 3006 pro
958 2907 1068 3000 nobis,
1096 2908 1263 2983 Christum
1289 2922 1325 2984 ut
1351 2892 1460 2984 salvet
1487 2915 1566 2984 ani-

188 3051 263 3099 mas
293 3034 439 3114 nostras,
465 3050 528 3122 per
553 3026 791 3099 multitudinem
818 3026 1025 3116 clementiae,
1051 3030 1194 3100 nominis
1221 3031 1273 3100 sui
1299 3031 1415 3101 sancti.

298 3143 482 3214 Sacerdos.
535 3145 610 3215 Par
636 3144 735 3217 vobis
763 3142 925 3214 omnihus.
990 3146 992 3151 ’

302 3258 394 3329 Tunc
419 3263 546 3352 repetit
572 3264 763 3331 orationem
788 3280 877 3353 qaae
903 3281 1010 3351 supra
1036 3242 1211 3354 desorata
1238 3266 1297 3331 est.
1330 3262 1424 3333 Deus
1451 3269 1567 3333 noster

188 3378 221 3446 in
251 3384 437 3462 aeteruum,
464 3386 527 3447 etc.

297 3489 473 3564 Sacerdos
499 3497 662 3566 assistens
694 3497 875 3586 anteqaasa
900 3490 1035 3585 tepatar
1060 3492 1266 3585 Apostolus,
1300 3495 1376 3567 sive
1407 3492 1566 3586 Epistola

188 3632 235 3680 aa
264 3606 454 3678 Catholicis
480 3609 579 3680 dicet.

297 3721 391 3795 Haec
418 3734 471 3797 est
495 3723 595 3797 lectio
623 3748 668 3797 ex
694 3722 843 3820 Epistola
870 3723 912 3795 N.
940 3722 1089 3819 discipuli
1123 3734 1158 3796 et
1190 3724 1346 3821 Apostoli
1372 3725 1504 3797 Domini
1532 3736 1566 3798 et

190 3842 373 3918 salvatoris
400 3845 506 3915 nostri
531 3841 613 3913 Jesu
641 3840 777 3930 Chn'sti,
804 3846 912 3913 oratio
940 3845 1012 3934 ejus
1040 3853 1073 3913 et
1099 3841 1289 3915 benedictio
1317 3843 1360 3916 sit
1380 3840 1563 3916 nobiscum.

190 3960 314 4031 Arnen.
705 4042 708 4049 ‚
1427 4033 1431 4041 .

298 4075 385 4147 Post
417 4074 596 4145 lectionem
625 4072 826 4145 Catholicae
851 4074 1041 4168 Epistulae,
1068 4076 1249 4146 Diaconos
1275 4078 1376 4148 dicet.

299 4191 434 4264 Fratres
461 4193 526 4262 mei
553 4189 654 4262 nolite
681 4189 821 4282 diligere
846 4191 1019 4282 mundum,
1054 4215 1163 4287 nsque
1198 4215 1239 4265 ea
1271 4194 1416 4287 quaein
1442 4190 1564 4263 mundo

191 4317 279 4395 sunt,
307 4308 461 4402 quoniam
489 4310 599 4378 omnia
626 4328 712 4401 quac
744 4317 820 4379 sunt
853 4310 886 4378 in
922 4306 1061 4397 mundo,
1094 4313 1365 4405 concupiscentia
1392 4307 1563 4381 oculorum

191 4434 281 4514 sunt,
317 4424 586 4518 eoncupiscentia
624 4425 751 4511 earnis,
792 4434 826 4494 et
860 4423 1012 4496 molestia
1049 4447 1094 4496 ex
1126 4424 1262 4521 opibus:
1297 4448 1383 4521 quac
1415 4447 1483 4498 non
1517 4447 1564 4496 ex

189 4542 294 4612 Patre
321 4538 382 4610 sed
408 4561 454 4609 cx
479 4537 600 4609 mundo
633 4548 724 4611 sunt:
758 4539 898 4612 mundus
933 4552 1042 4612 autem
1078 4546 1196 4616 transit
1228 4552 1262 4615 et
1293 4544 1564 4639 concupiscentia

191 4659 284 4749 ojus:
312 4659 479 4751 quivero
506 4653 586 4727 lacit
610 4654 815 4729 voluntatem
841 4656 918 4746 Dei,
945 4658 1154 4753 permanebit
1180 4660 1213 4731 in
1241 4671 1421 4732 aetornum.

297 4771 459 4865 Populus.
512 4770 638 4844 Sancta
666 4771 822 4861 Trinitas,
849 4796 914 4845 una
941 4778 973 4845 in
1000 4775 1185 4848 substantia
1212 4786 1282 4863 tua,
1317 4773 1447 4846 custodi
1473 4797 1564 4847 con-

192 4910 325 4961 sessum
358 4898 522 4975 nostrum‚
558 4899 696 4984 propter
730 4900 865 4963 sanctos
902 4902 936 4963 et
967 4891 1094 4964 electos
1135 4891 1313 4988 discipulos
1347 4900 1437 4963 tuos:
1473 4913 1563 4964 coa-

195 5004 309 5078 solare
335 5027 398 5078 nos
425 5026 487 5100 per
512 5005 772 5079 misericordiam
801 5017 901 5097 tuam,
928 5012 1003 5105 quia
1030 5020 1179 5083 sanctum
1206 5021 1259 5084 est
1283 5030 1406 5082 nomeu
1433 5018 1531 5080 tuum.
