4525 6034
1390 553 1546 627 208
2402 548 3123 627 LITURGIA

1388 748 1535 829 tua,
1604 749 1672 811 et
1723 760 1946 811 curam
1998 736 2501 811 misericordiae
2553 746 2750 825 tuae,
2817 756 2944 831 per
3004 734 3248 808 bonam
3313 745 3385 808 et
3451 745 3884 830 temperatam
3947 740 4106 812 aeris

1391 856 1948 941 constitutionem,
2003 853 2333 925 fructuum
2385 850 2776 938 ubertatem,
2829 849 3229 945 frugumque
3282 850 3782 940 abundantiam,
3833 854 4108 924 varieta-

1389 981 1656 1065 temque
1709 968 1965 1041 florum.
2049 971 2434 1042 Praeserva
2489 990 2636 1040 eam
2694 964 2778 1038 ab
2836 964 3140 1040 omnibus
3193 966 3414 1062 plagis
3466 966 3739 1057 furoriS,
3792 974 3858 1036 et
3896 964 3973 1036 ab
4008 972 4110 1039 in-

1391 1084 1672 1157 sultibus
1747 1088 1982 1180 iniquis
2055 1086 2511 1172 inimicorum,
2583 1093 2714 1154 tam
2787 1082 3217 1176 spiritualium
3296 1105 3493 1177 quam
3560 1081 3992 1171 sensibilium,
4050 1091 4110 1153 ut

1393 1199 1649 1295 absque
1703 1199 1834 1272 ulla
1886 1202 2276 1296 passionum
2328 1221 2539 1289 noxa,
2590 1208 2960 1295 perpetuos
3014 1196 3301 1294 hymnos
3354 1198 3610 1289 gloriae
3653 1217 3960 1267 canamus
3990 1195 4109 1283 tibi,

1393 1326 1463 1386 et
1512 1319 1853 1407 unigenito
1906 1314 2078 1387 Filio
2131 1325 2269 1385 tuo.

1602 1429 1926 1523 Populus.
2031 1432 2275 1501 Amen.

1600 1542 1952 1615 Sacerdos
2002 1544 2386 1615 inclinatus.
2490 1543 2602 1618 Ad
2655 1542 2867 1615 altare
2893 1541 3043 1632 hoc,
3098 1555 3185 1646 et'
3218 1543 3303 1615 ad
3353 1542 3511 1615 illud
3546 1542 3740 1615 coelo
3774 1543 4112 1633 sublimius,

1392 1662 1710 1732 memoria
1762 1660 1940 1733 bona
1996 1663 2080 1732 sit
2113 1660 2238 1731 illis
2296 1658 2601 1732 omnibus
2656 1662 2767 1754 qui
2820 1683 2913 1731 ex
2964 1653 3208 1731 mundo
3251 1658 3368 1731 tibi
3400 1659 3809 1755 placuerunt.
3914 1659 4111 1730 Prae-

1386 1778 1588 1872 cipue
1640 1797 1809 1846 vero
1864 1784 2136 1846 sanctae
2192 1775 2550 1847 Genitricis
2580 1774 2734 1864 Dei,
2788 1776 3069 1849 Joannis
3102 1778 3355 1864 nuncii,
3409 1776 3775 1870 Baptistae,
3831 1786 3900 1847 et
3925 1797 4114 1870 prae-

1393 1895 1722 1965 cursoris:
1775 1889 1956 1961 Petri
1990 1902 2056 1962 et
2082 1891 2295 1979 Pauli,
2332 1894 2664 1985 totiusque
2696 1901 2927 1963 coetus
2953 1890 3464 1986 Apostolorum:
3503 1890 3823 1985 Stephani
3857 1911 4113 1985 quoque,

1398 2017 1467 2079 et
1518 2010 1879 2079 universae
1933 2005 2169 2078 turbae
2220 2005 2626 2103 Martyrum,
2681 2017 2750 2078 et
2801 2028 3035 2078 eorum
3088 2009 3411 2096 omnium,
3466 2009 3576 2100 qui
3605 2016 3759 2077 ante
3795 2028 3942 2095 eos,
3989 2028 4114 2078 cum

1390 2119 1562 2210 11113,
1617 2132 1685 2192 61
1736 2132 1891 2215 post
1944 2143 2066 2193 eos
2120 2121 2547 2217 placuerunt,
2603 2132 2671 2193 et
2721 2123 2990 2218 placent
3039 2122 3178 2194 11111.

1600 2236 1900 2308 Elevans
1959 2258 2212 2308 vocem.
2317 2237 2406 2309 Et
2459 2238 2720 2333 quando
2777 2238 3039 2333 quidem
3090 2248 3284 2333 potes
3326 2239 3584 2326 omnia,
3639 2235 3944 2309 coetibus
3976 2235 4115 2307 illo-
4152 2309 4160 2315 ,

1378 2371 1537 2423 rum
1589 2352 1999 2442 dilectorum,
2054 2361 2124 2423 et
2176 2352 2691 2426 domesticorum
2736 2363 2994 2425 tuorum
3032 2354 3321 2445 adjunge
3368 2353 3816 2425 infirmitatem
3851 2361 4118 2427 nostram

1391 2466 1707 2538 Domine:
1763 2471 2278 2560 congregationi
2346 2469 2437 2541 illi
2500 2470 2785 2558 beatae,
2849 2473 3023 2565 parti
3087 2469 3236 2540 huic
3306 2468 3609 2557 divinae,
3690 2478 3765 2540 ut
3836 2490 3957 2564 per
4013 2488 4116 2538 eos

1394 2585 1836 2677 suscipiantur
1912 2581 2289 2656 oblationes
2366 2595 2434 2656 et
2513 2587 2849 2658 orationes
2916 2597 3191 2660 nostrae
3253 2605 3483 2656 coram
3559 2583 3803 2655 throno
3871 2583 4118 2655 excelso

1389 2700 1756 2789 majestatis
1810 2707 1988 2786 tuae,
2046 2721 2132 2770 eo
2173 2700 2352 2794 quod
2404 2699 2707 2775 imbelles
2744 2711 2813 2772 et
2839 2701 3073 2774 infirmi
3102 2722 3349 2789 sumus»,
3404 2701 3919 2795 indigentesque
3965 2698 4117 2769 lidu-

1391 2814 1496 2884 cia
1563 2813 1736 2908 apud
1801 2824 1888 2885 te.
1999 2813 2319 2886 Nimirum
2392 2826 2740 2911 peccatum
2829 2828 3126 2889 nostrum
3208 2829 3276 2890 et
3346 2818 3600 2907 justitia
3676 2826 3915 2889 nostra
3988 2811 4120 2883 nihil

1392 2939 1574 3018 sunt,
1629 2929 1713 3000 ad
1766 2928 2049 3025 pelagus
2104 2928 2382 3002 effusum
2436 2940 2505 3001 et
2555 2933 2943 3002 immensum
2995 2932 3499 3004 misericordiae
3551 2940 3728 3003 tuae.
3841 2931 3921 3002 In
3946 2927 4122 3001 corda

1389 3046 1589 3136 igitur
1642 3043 2053 3137 singulorum
2107 3047 2559 3142 perspiciens,
2611 3045 3081 3120 retributiones
3134 3046 3351 3119 bonas
3420 3049 3825 3142 petitionum
3886 3065 4120 3117 suarum

1391 3161 1742 3255 unicuique
1807 3163 2020 3248 mitte,
2083 3169 2157 3232 ut
2221 3165 2292 3231 in
2357 3160 2664 3234 omnibus
2728 3174 2796 3235 et
2853 3165 2920 3234 111
2984 3162 3262 3255 singulis
3326 3163 3640 3236 adoretur
3706 3173 3783 3233 et
3848 3160 4121 3234 laudetur

1391 3278 1711 3365 majestas
1767 3286 1877 3347 tua
1913 3284 2000 3350 ,et
2051 3279 2374 3368 unigeniti
2425 3274 2576 3349 Filii
2633 3280 2742 3348 tui.

1600 3392 1925 3485 Populus.
2030 3393 2274 3463 Amen.

1558 3506 1955 3578 -Sacerdos
2023 3506 2410 3579 inclinatus.
2516 3507 2857 3581 Memento
2926 3509 3215 3581 Domine
3282 3510 3571 3579 omnium
3621 3505 4121 3603 Episcoporum,

1398 3622 1766 3693 Doctorum
1820 3633 1888 3693 et
1938 3620 2329 3694 Praesulum
2363 3622 2714 3697 Ecclesiae
2766 3635 2918 3696 tuae
2974 3634 3246 3696 sanctae
3300 3645 3533 3696 eorum
3590 3627 3699 3719 qui
3738 3648 3784 3694 a
3818 3622 4064 3696 Jacobo
4097 3613 4120 3653 ⁵

1394 3737 1757 3832 Apostolo,
1808 3735 2151 3833 Episcopo
2207 3747 2275 3810 et
2301 3737 2604 3834 Martyre
2656 3762 2868 3835 usque
2927 3740 3010 3811 ad
3063 3739 3451 3811 hodiernum
3486 3740 3696 3826 diem,
3753 3739 4121 3835 placuerunt

1393 3862 1462 3923 et
1512 3852 1780 3947 placent
1829 3850 1964 3924 tibi.

1599 3968 1901 4039 fflevam
1949 3991 2199 4041 vocem.
2304 3971 2534 4043 Insere
2587 3974 2655 4041 111
2715 3971 2913 4043 1101113
2966 3972 3254 4043 Domine
3321 3970 3516 4042 fidem
3584 3991 3827 4042 eorum
3890 3989 4122 4053 veram,

1393 4094 1462 4155 et
1525 4082 1741 4154 zelum
1809 4105 2041 4156 eorum
2103 4107 2229 4179 pro
2296 4107 2465 4157 vera
2531 4085 2897 4178 religione,
2962 4090 3303 4158 caritatem
3357 4108 3590 4158 eorum
3656 4090 4022 4173 sinceram,
4068 4091 4124 4153 et

1390 4197 1551 4269 nulli
1605 4198 1891 4270 defectui
1945 4198 2330 4288 obnoxiam,
2384 4223 2610 4274 mores
2647 4224 2880 4274 eorum
2920 4201 3386 4297 inculpabiles:
3442 4211 3511 4273 ut
3562 4205 3881 4294 vestigiis
3920 4219 4124 4274 eorum

1393 4313 1852 4401 inhaerentes,
1906 4318 2267 4411 participes
2320 4316 2651 4390 mercedis
2706 4338 2936 4389 eorum
2969 4320 3211 4410 simus,
3266 4327 3332 4388 et
3363 4340 3767 4391 coronarum
3796 4321 4123 4400 victoriae,

1394 4451 1566 4523 quae
1617 4429 1741 4502 illis
1794 4440 2071 4525 paratae
2126 4442 2279 4502 sunt
2329 4435 2397 4502 in
2449 4453 2663 4523 regno
2719 4443 2829 4505 tuo
2885 4431 3192 4505 coelesti:
3249 4431 3510 4527 illicque
3562 4432 3759 4506 simul
3820 4458 3967 4506 cum
4015 4429 4124 4503 illis

1392 4563 1709 4615 canamus
1764 4543 1881 4615 tibi
1933 4545 2218 4637 gloriam
2271 4545 2783 4636 indesinentem,
2839 4559 2906 4619 et
2956 4552 3297 4641 unigenito
3355 4547 3525 4620 Filio
3580 4560 3716 4621 tuo.

1599 4660 1921 4752 Populus.
2025 4662 2267 4733 Amen.

1601 4773 1956 4846 Sacerdos
2007 4777 2390 4848 inclinatus.
2501 4776 2839 4851 Memento
2892 4782 3180 4853 Domine
3215 4781 3502 4851 omnium
3535 4778 4001 4852 defunctorum
4035 4775 4127 4870 qui

1392 4895 1846 4968 decubuerunt
1898 4915 2045 4963 cum
2102 4914 2225 4987 spe
2277 4903 2423 4983 tua,
2475 4897 2542 4964 in
2595 4892 2725 4964 fide
2776 4916 2980 4966 vera:
3033 4899 3425 4989 praesertim
3481 4918 3652 4967 vero
3712 4907 3779 4968 et
3833 4899 4124 4968 nomina-

1391 5003 1544 5088 tim,
1624 5018 1921 5100 patrum,
1987 5006 2302 5098 fratrum,
2370 5013 2973 5106 magistrorumque
3042 5019 3454 5099 nostrorum,
3526 5011 3985 5106 corporalium
4032 5016 4126 5080 aut
