4525 6034
1333 437 1341 470 i

673 592 745 666 102
1045 529 1663 669 observationes

348 788 413 832 ctam
429 794 501 831 auam
525 793 657 838 tommen-
668 776 788 840 Arabes
811 775 1024 852 Boradaeaon,
1047 777 1114 838 sive
1138 773 1342 854 Barodotam
1372 777 1422 856 qui
1453 795 1520 838 cum
1543 776 1625 855 aliis,
1657 775 1933 858 hlonophysitarum
1960 779 2038 842 hae-

348 866 410 918 aare
427 868 566 919 V⁰¹l⁸³¹¹¹i¹0
584 874 630 920 ⁰⁸²
670 878 761 940 resim
783 895 840 958 per
860 883 954 939 totum
977 874 1131 938 Orientem
1155 874 1369 954 disseminavit,
1394 884 1425 938 et
1447 876 1591 957 plurimos
1614 884 1676 940 tota
1698 878 1787 958 Syria
1808 885 1840 940 et
1861 877 2037 960 llesopota-

671 978 727 1039 mia
749 978 943 1059 praesertim,
966 976 1149 1056 Episcopos,
1173 975 1354 1039 Sacerdotes
1377 983 1407 1038 et
1430 975 1581 1039 Diaconos
1604 977 1762 1040 ordinavit.
1807 976 1848 1039 At
1875 976 1950 1040 haec
1978 979 2037 1041 de-

400 1075 462 1126 fflrt·
485 1073 557 1126 Μ’·
583 1075 656 1128 Aba.
670 1078 831 1140 nominatio
853 1075 910 1137 illis
934 1093 994 1137 non
1008 1073 1132 1156 placuit:
1156 1093 1234 1150 nam,
1257 1082 1289 1136 ut
1301 1094 1340 1136 ex
1353 1075 1467 1157 aliquot
1482 1075 1632 1139 Historiae
1648 1076 1886 1139 Patriarcharum
1899 1075 2036 1141 Alexan-

362 1179 389 1229 Ρ·
408 1161 469 1212 ¹²⁶·
488 1161 549 1214 ¹⁹⁵·
566 1161 628 1214 ²¹3·
670 1176 823 1240 drinorum
847 1176 922 1238 locis
945 1175 1128 1257 colligimus,
1152 1174 1375 1236 theodorianos
1396 1194 1431 1238 se
1453 1177 1482 1237 in
1506 1174 1650 1257 Aegypto
1674 1176 1838 1239 vocabant:
1868 1178 1955 1256 quasi
1982 1196 2039 1239 re-

669 1277 790 1360 ligionis
824 1294 841 1337 a
871 1274 1042 1337 Theodosio
1069 1274 1209 1355 juniore,
1245 1271 1301 1335 suh
1337 1292 1398 1353 quo
1428 1274 1613 1356 Ephesinum
1642 1276 1809 1338 Concilium
1839 1285 2037 1357 convenerat,

668 1382 879 1458 propugnatne
908 1374 1097 1436 defensores.
1142 1372 1186 1434 lta
1209 1373 1287 1435 enim
1310 1372 1423 1454 aliquot
1445 1373 1578 1437 Antores
1590 1374 1747 1438 Jacobitae
1769 1375 1966 1455 scripserunt,
1989 1374 2038 1437 lsa

669 1477 747 1540 lilius
770 1476 895 1551 Zamae,
919 1472 1114 1550 Ehnassalus,
1137 1471 1308 1534 Elmaeinus
1331 1481 1362 1536 et
1385 1473 1435 1535 alii
1457 1474 1606 1552 nonnulli,
1638 1492 1705 1537 cum
1727 1475 1757 1537 id
1788 1491 1978 1558 cognomen,
2012 1474 2039 1535 si

669 1574 830 1656 aliquando
852 1573 1034 1648 habuerunt,
1058 1572 1198 1633 duxerint
1220 1590 1237 1633 a
1261 1571 1451 1650 Theodosio,
1480 1575 1530 1654 qui
1552 1573 1685 1638 xxxllt.
1729 1573 1901 1637 Patriarcha
1929 1591 2038 1636 nume-

669 1684 769 1753 ratur,
793 1673 938 1737 Timothei
961 1672 1067 1734 Aeluri
1095 1689 1294 1747 successore,
1331 1674 1441 1752 quique
1464 1673 1542 1735 inter
1563 1674 1716 1755 principes
1738 1669 1797 1757 τῆς
1819 1664 2038 1757 dexeaepoiron

428 1839 433 1850 ,
648 1763 850 1861 ,ὀρχήστρας
871 1780 903 1835 ut
926 1773 1005 1834 illam
1032 1778 1138 1847 vocat,
1172 1778 1350 1833 recensetur
1380 1772 1416 1834 ab
1447 1772 1608 1835 Anastasio
1637 1772 1844 1847 Antiocheno,
1874 1780 1906 1835 et
1933 1791 1950 1833 a
1979 1789 2037 1852 quo

295 1875 297 1880 ’
400 1836 463 1973 ¹:33
486 1834 558 1888 Μ’
581 1836 656 1889 ‘⁴²⁶²'
672 1875 916 1952 Theodosianos,
939 1873 1216 1954 llonophysitarum
1239 1873 1371 1953 aliquos,
1405 1889 1513 1933 nomon
1544 1871 1702 1950 hahuisse,
1731 1870 1873 1934 scribitur
1902 1872 1933 1932 in
1962 1870 2037 1934 libro

359 1940 385 1990 ν’
459 1956 466 1970 ’
671 1975 709 2038 de
732 1973 915 2037 llaercsihus
938 1992 955 2035 a
978 1972 1131 2038 Cotelerio
1155 1972 1247 2034 edito.
1291 1972 1335 2034 lta
1357 1989 1467 2035 nomen
1498 1971 1771 2034 Theodosianoram
1798 1971 1836 2033 ad
1865 1969 2038 2054 Aegyptios

382 2077 458 2130 Anat
478 2077 521 2130 dr.
542 2078 567 2129 T·
590 2079 615 2130 1.
631 2096 657 2147 n·
671 2075 753 2137 solos
776 2073 963 2155 pertinebat,
987 2079 1017 2134 et
1041 2071 1274 2135 severianorum
1297 2071 1334 2133 ad
1356 2070 1563 2134 Antiochenos
1577 2070 1682 2151 Syros.
1720 2069 1852 2132 Tandem
1865 2089 2038 2151 cumprae-

349 2165 413 2221 303·
671 2174 816 2236 valuisset
837 2173 949 2253 ubique
971 2170 1173 2236 Jacohitarum
1197 2172 1430 2253 cognominatio:
1455 2188 1514 2251 quo
1538 2171 1681 2251 majorem
1703 2169 1759 2231 sibi
1772 2169 1949 2252 dignitatem
1963 2188 2037 2232 con-

669 2274 821 2352 ciliarent,
845 2290 861 2333 a
883 2273 997 2335 Jacoho
1021 2271 1114 2334 lratre
1142 2270 1274 2348 Domini,
1306 2271 1391 2351 quasi
1418 2269 1554 2332 traditam
1583 2269 1619 2330 ab
1650 2288 1689 2332 co
1719 2269 1806 2331 iidem
1833 2272 2038 2349 incorruptam

670 2374 894 2451 servavissent,
917 2373 958 2435 ita
980 2391 1014 2434 se
1039 2370 1207 2452 appellatos
1231 2370 1324 2432 luisse
1346 2372 1555 2452 J'actaverunt,
1590 2369 1671 2450 quod
1701 2377 1822 2449 praeter
1851 2368 1923 2430 illos
1952 2387 2037 2432 nemo

668 2473 833 2536 memoriae
861 2471 999 2552 prodidit.
1043 2472 1116 2533 Earn
1146 2488 1220 2533 vero
1250 2471 1377 2532 maxime
1408 2470 1594 2550 prohabilem
1628 2485 1747 2531 causam
1777 2487 1847 2530 esse
1878 2468 2037 2530 additionis

669 2551 729 2634 lioc
758 2571 827 2633 loeo
849 2570 1004 2651 Liturgiae
1035 2589 1052 2632 a
1079 2568 1153 2632 solis
1181 2568 1325 2632 Jacobitis
1356 2568 1471 2644 iactae,
1499 2588 1559 2632 non
1584 2577 1699 2632 temere
1730 2569 1917 2649 conjicimus.
1964 2568 2037 2630 hlira

669 2672 750 2734 enim
772 2678 818 2733 est
846 2670 963 2733 illoram
992 2668 1029 2731 de
1058 2686 1209 2731 consensu
1237 2676 1373 2731 veterum
1407 2669 1525 2731 Petrum
1555 2686 1660 2732 secum
1688 2669 1848 2750 jactantia,
1876 2686 1915 2730 eo
1945 2671 2038 2749 major

670 2769 750 2852 quod
773 2789 790 2832 a
812 2771 884 2832 viris
907 2787 967 2831 non
990 2768 1136 2846 indoctis,
1159 2768 1265 2849 quales
1288 2768 1366 2849 apud
1390 2787 1444 2832 eos
1466 2768 1550 2831 multi
1571 2767 1693 2831 fuerunt
1708 2768 1738 2829 in
1751 2768 1881 2829 lectione
1904 2769 2038 2849 scripto-

668 2890 735 2934 rum
758 2871 945 2950 antiquorum
969 2869 1181 2945 versatissimi,
1204 2869 1288 2930 varia
1311 2888 1350 2930 ex
1372 2868 1430 2931 illis
1453 2870 1622 2931 testimonia
1646 2866 1773 2931 collecta
1787 2873 1865 2941 sunt,
1888 2885 2036 2947 praeser-

669 2972 720 3033 tim
743 2989 782 3033 ex
804 2969 910 3034 Severi
932 2967 1186 3059 Antiocheniqui
1207 2953 1507 3053 πολυγραφώτατος
1528 2968 1582 3031 luit
1611 2967 1770 3050 operibus,
1805 2985 1883 3047 quae
1914 2968 2037 3048 Syriace

670 3069 778 3132 dudum
802 3076 832 3131 et
854 3067 985 3130 Arabico
1009 3084 1174 3142 conversa,
1203 3066 1271 3129 illos
1300 3068 1328 3128 in
1358 3070 1500 3151 opinione
1533 3086 1588 3131 sua
1616 3067 1800 3130 confirmant.
1846 3066 1923 3129 Sunt
1952 3067 2036 3148 hujus

670 3171 794 3253 generis
818 3167 1013 3232 Collectenea
1035 3165 1141 3242 multa,
1166 3167 1360 3247 praecipuum
1382 3185 1457 3230 vero
1480 3167 1578 3231 locum
1607 3168 1686 3249 apud
1715 3178 1771 3230 eos
1800 3167 1932 3242 obtinet,
1961 3167 2036 3229 liber

670 3270 784 3344 dictus,
806 3269 897 3329 Fides
917 3267 1061 3346 Petraia,
1085 3267 1136 3347 qui
1159 3272 1239 3327 totus
1262 3268 1440 3330 testimoniis
1462 3267 1629 3348 hujusmodi
1659 3274 1820 3330 contextus
1849 3274 1907 3328 est
1954 3265 2033 3329 Con-

667 3370 815 3450 jecturam
839 3374 938 3429 autem
959 3364 1057 3443 illam,
1080 3373 1194 3427 certam
1216 3363 1304 3441 lacit,
1326 3367 1355 3429 id
1379 3367 1459 3448 quod
1482 3367 1593 3451 legitur
1616 3369 1646 3429 in
1668 3366 1884 3428 Exhortatione
1915 3365 1953 3428 ad
1975 3365 2031 3428 Or·

672 3467 837 3543 dinandos‚
859 3465 1039 3528 Pontihcalis
1061 3464 1208 3541 lledicei,
1231 3466 1260 3525 in
1284 3484 1340 3546 qua
1363 3466 1516 3546 professio
1538 3465 1607 3529 fidei
1637 3467 1676 3529 de
1706 3465 1849 3527 Trinitate
1880 3472 1910 3527 et
1933 3465 2031 3527 lncar-

671 3569 800 3628 nationis
825 3564 969 3646 mysterio
991 3563 1154 3627 secundum
1175 3564 1376 3627 jacobitarum
1399 3568 1583 3646 opinionem,
1609 3567 1682 3647 ipsis
1705 3565 1901 3647 praelegitur.
1947 3563 1978 3625 ln
1998 3582 2029 3627 ea

673 3667 858 3739 continetur,
887 3665 969 3746 exigi
993 3664 1029 3726 ah
1061 3663 1241 3727 Ordinandis
1271 3673 1304 3726 ut
1331 3667 1499 3745 decipiant
1527 3669 1629 3728 omnia
1655 3685 1733 3746 puae
1759 3666 1883 3744 defletio
1912 3666 2028 3725 mutia

672 3765 804 3848 Synnadis
824 3763 978 3840 Nicaeae,
1002 3762 1347 3843 Constantinopolitano,
1369 3773 1400 3826 et
1419 3766 1590 3844 Ephesiae:
1618 3767 1843 3845 doctrinamque
1864 3784 1966 3826 eoram
1985 3764 2030 3844 pai

668 3865 759 3944 fidem
780 3866 812 3924 in
833 3863 893 3925 iilis
913 3863 1044 3946 Synodiv
1061 3865 1285 3943 promulgatam
1305 3875 1577 3945 propuynacemmt,
1601 3874 1630 3927 et
1647 3866 1780 3944 posteris
1798 3866 2028 3935 amandarat,

645 3962 712 4052 ‘oh
733 3961 944 4041 Apostolonrm
966 3973 1098 4044 ternpore
1120 3965 1163 4025 ad
1183 3963 1262 4024 hanc
1282 3981 1376 4043 usque
1397 3966 1494 4026 diem:
1514 3967 1679 4045 praecipue
1700 3965 1801 4026 saneti
1820 3962 1934 4025 Jacohi
1952 3961 2027 4042 Apo-

671 4062 743 4124 stoli
762 4061 835 4137 Dei,
857 4062 1003 4143 Episcopi
1014 4071 1053 4124 ‘et
1072 4063 1219 4145 Martyris
1239 4062 1387 4126 veritatis.
1859 4059 1863 4070 ’

401 4165 472 4229 ouon
503 4165 563 4217 ndat
596 4182 658 4219 suae
761 4160 834 4223 Cum
857 4179 932 4224 vero
954 4179 1015 4223 non
1037 4162 1141 4224 inutile
1164 4163 1213 4238 sit,
1236 4162 1316 4223 scire
1340 4179 1417 4242 quos
1439 4161 1606 4225 traditionis
1629 4180 1703 4224 suae
1725 4168 1848 4223 autores
1877 4177 1946 4223 osse
1967 4159 2027 4220 exi·

368 4254 486 4352 ⁶⁰⁰l⁰f⁰⁵
521 4261 803 4339 ³D²⁰⁸⁰t¹¹¹tstiment
827 4260 1052 4323 recensebimus
1075 4280 1115 4323 ex
1138 4260 1243 4324 cadem
1265 4259 1483 4324 Exhortatione
1506 4261 1623 4324 illorum
1646 4261 1775 4323 nomina.
1820 4259 1930 4334 Linos,
1952 4258 2027 4320 Ana·

365 4339 505 4396 ³⁸⁰⁰b¹u¹⁰·
672 4360 780 4438 cletus,
805 4360 955 4439 Clemens,
977 4360 1103 4422 Romani
1126 4360 1284 4441 Episcopi:
1309 4361 1482 4423 Timotheus
1504 4360 1630 4441 Ephesi:
1655 4361 1738 4424 Titus
1755 4360 1882 4422 Cretae:
1905 4358 2025 4442 ignatius

672 4459 867 4522 Antiochiae:
893 4458 1079 4541 Polycarpus
1103 4461 1265 4540 Smyrnae:
1289 4460 1451 4542 Dionysius
1480 4460 1679 4523 Athenarum:
1708 4458 1903 4541 Hippolytus,
1930 4458 2024 4534 ladius,

671 4559 841 4636 Anatolius,
865 4558 1002 4639 utvulgo
1015 4559 1128 4638 dicunt,
1152 4559 1279 4622 Romae:
1303 4559 1418 4636 Petrus,
1444 4558 1628 4637 Alexander,
1651 4558 1793 4632 Achillas,
1814 4558 2025 4621 Alexandriae:

671 4658 838 4743 Gregorius
861 4659 1110 4721 Neocaesarcae:
1132 4659 1259 4721 Basilius
1284 4659 1469 4723 Caesareae:
1494 4658 1660 4741 Gregorius
1684 4657 1860 4741 Theologus
1880 4654 2025 4719 Nazianri:

671 4758 839 4840 Gregorius
863 4759 1002 4840 Nyssae:
1025 4757 1198 4846 Dionysius¹
1213 4758 1431 4821 Alexandriae:
1454 4758 1626 4821 Eustathius
1649 4757 1844 4820 Antiochiae:
1871 4755 2025 4824 Nectarim,

670 4858 819 4935 loannes,
845 4856 1166 4939 Constantinopoleos:
1194 4856 1394 4940 Theophilus,
1423 4857 1610 4933 Timotheus,
1637 4857 1857 4920 Alexandriae:
1876 4852 2023 4936 Amphilo-

671 4957 756 5019 chius
778 4957 888 5020 leonii:
913 4957 1083 5039 Cyprianus
1108 4957 1314 5041 Carthaginis:
1339 4957 1469 5040 Cyrillus
1492 4956 1717 5021 Alexandriae:
1740 4956 1864 5019 l'roclus
1887 4955 2021 5018 Consua-

671 5056 859 5137 tinopoleos:
889 5057 1054 5121 Dioscorus
1077 5056 1296 5121 Alexandriae:
1327 5057 1513 5140 Epiphanius
1536 5057 1646 5139 Cypri:
1677 5056 1850 5120 Theodotus
1880 5057 2019 5134 Ancyrae:
