4525 6034
622 617 668 694 ΙΝ
693 617 947 695 LITURCIAM
972 616 1194 696 brosdott.
1512 618 1588 694 299

221 800 281 864 lide
304 811 509 883 exspectatur,
531 801 697 867 subtrahat.
750 802 913 866 Fatendum
942 803 1058 867 scilicet
1086 821 1142 866 eos
1172 805 1306 885 quamvis
1338 805 1375 868 de
1405 804 1588 869 sacerdotali

223 900 368 984 dignitate
389 901 546 983 praeclare
569 904 715 980 sentiant,
745 902 782 965 de
806 920 863 983 qua
885 902 952 967 fuse
975 902 1137 984 loquuntur
1165 905 1195 965 in
1224 904 1409 968 orationibus
1440 922 1518 986 quae
1550 904 1588 966 ad

222 1000 411 1064 Ordinandos
435 1000 616 1065 Sacerdotes
638 1008 831 1083 usurpantur,
854 1005 973 1065 nescire
998 1011 1098 1065 tamen
1121 1001 1223 1083 multa,
1247 1021 1325 1084 quae
1348 1003 1386 1066 de
1409 1006 1587 1085 operatione

222 1098 348 1162 Ministri
372 1100 409 1162 ad
433 1101 669 1164 consecrandum
691 1119 798 1182 panem
821 1109 852 1164 et
874 1102 997 1165 calicem
1025 1102 1056 1163 in
1083 1119 1195 1183 corpus
1223 1111 1254 1166 et
1276 1104 1452 1186 sanguinem
1476 1103 1588 1166 Christi

221 1198 416 1262 subtilissime
439 1218 455 1261 a
478 1201 589 1262 nostris
605 1200 770 1284 Theologis
794 1200 943 1283 disputata
966 1200 1036 1264 olim
1059 1201 1190 1266 fuerunt.
1222 1202 1328 1284 Neque
1343 1204 1374 1264 in
1388 1221 1424 1264 ea
1447 1203 1588 1283 opinione

221 1307 302 1377 suot,
324 1307 357 1361 ιιι
380 1299 550 1362 existiment
562 1300 756 1363 Sacerdotem
779 1302 836 1363 nisi
857 1301 1043 1381 imperando,
1066 1300 1137 1363 nihil
1159 1300 1294 1364 efficere:
1318 1319 1424 1364 verum
1447 1300 1588 1382 precibus

220 1399 378 1489 Ecclesiae
401 1397 557 1479 plurimum
580 1400 726 1462 tribuunt:
748 1398 860 1463 homini
883 1408 1004 1480 praeter
1019 1401 1214 1463 ministerium
1235 1400 1320 1479 nihil,
1342 1402 1399 1464 uisi
1421 1409 1454 1463 ut
1476 1407 1588 1462 certam

221 1513 306 1577 spem
328 1506 359 1560 et
382 1497 470 1561 fidem
492 1498 642 1562 Sacerdos
670 1498 789 1576 babeat,
819 1500 914 1562 Deum
943 1519 1000 1582 per
1029 1499 1171 1582 Spiritum
1199 1508 1350 1579 sanctum,
1380 1509 1532 1578 autorem,
1555 1507 1588 1561 ιιι

220 1615 314 1677 saepe
338 1604 474 1675 vocatur,
498 1599 758 1661 Sacramentorum
770 1607 800 1660 et
810 1607 1091 1674 consummatorem,
1113 1618 1223 1681 preces
1247 1600 1361 1679 audire,
1385 1606 1415 1662 et
1437 1598 1586 1681 perficere

219 1695 360 1759 invisibili
391 1696 514 1777 effectu,
543 1699 573 1761 id
602 1698 683 1779 quod
710 1698 819 1761 visibili
848 1700 1012 1763 ministerio
1041 1698 1222 1763 celebratur.
1270 1698 1340 1761 Non
1368 1699 1460 1782 igitur
1487 1695 1585 1780 rigide

219 1795 414 1878 intelligenda
437 1796 511 1859 haec
534 1799 629 1860 oratio
653 1806 715 1860 est:
746 1816 846 1878 neque
876 1798 987 1861 similes
1010 1798 1136 1860 affectus
1159 1800 1189 1859 in
1212 1797 1388 1878 quibusdam
1418 1797 1483 1860 aliis
1513 1814 1586 1859 ora-

220 1896 351 1958 tionibus
381 1896 601 1978 supprimendi,
634 1916 724 1960 causa
752 1900 825 1960 satis
855 1898 963 1961 idonea
993 1898 1128 1975 videtur,
1159 1915 1246 1979 quam
1276 1897 1409 1959 Lusitani
1439 1913 1585 1960 censores

219 1995 385 2058 attulerunt
412 1996 443 2056 in
474 1995 597 2077 Synodo
626 1997 849 2078 Diamperensi,
885 1998 954 2060 inde
986 1998 1150 2060 existimari
1178 2012 1270 2077 posse
1301 1995 1496 2060 Sacerdotem
1525 2013 1585 2057 non

219 2112 414 2172 consecrare,
436 2095 491 2157 sed
515 2096 658 2176 Spiritum
680 2104 825 2181 sangtum.

307 2193 395 2257 Plura
418 2194 457 2256 de
480 2193 538 2257 hoc
561 2186 738 2277 argumento
761 2196 819 2258 dici
842 2202 976 2276 possent,
1000 2203 1031 2257 et
1053 2195 1144 2257 variis
1168 2192 1392 2275 'theologorum
1415 2191 1586 2254 autoritati-

217 2294 275 2357 bus
298 2293 477 2372 contirmari,
502 2293 556 2357 sed
579 2314 638 2357 una
660 2294 785 2357 subiciet
807 2295 895 2358 ducta
925 2313 965 2357 ex
987 2294 1155 2376 Spnaxario
1184 2294 1299 2374 majore
1327 2291 1484 2354 Ecclesiae
1506 2291 1585 2354 Ale-

216 2393 383 2456 xandrinae
412 2392 469 2456 bls.
500 2392 633 2457 Arabico
663 2394 866 2458 Bibliothecae
903 2394 1128 2475 Seguierianae.
1179 2391 1213 2454 ln
1250 2408 1287 2454 eo
1318 2390 1356 2453 ad
1386 2391 1463 2453 diem
1490 2389 1582 2453 XXX.

216 2493 329 2556 mensis
352 2493 475 2570 Cohiac,
498 2496 739 2557 commemoratio
761 2493 930 2556 fitAbbatis
947 2494 1071 2556 loannis
1084 2490 1353 2567 Archimandritae,
1376 2489 1482 2553 faunosi
1504 2490 1583 2553 illius

215 2593 247 2654 in
271 2593 353 2658 Sceti
375 2592 412 2655 ad
437 2592 468 2656 S.
490 2592 653 2657 blacarium
675 2593 859 2659 Monasterii.
912 2594 945 2656 ln
967 2594 1033 2675 ejus
1055 2594 1117 2656 vita
1140 2592 1247 2654 dicitur
1276 2588 1358 2652 illum
1386 2607 1453 2651 cum
1480 2588 1583 2651 Litau-

215 2692 297 2774 giam
320 2692 489 2755 celebraret
512 2700 542 2755 et
563 2693 678 2775 populo
701 2693 894 2758 Sacramenta
922 2691 1115 2756 distribueret
1142 2690 1305 2773 agnovisse
1336 2688 1476 2752 divinitus
1506 2708 1583 2771 pec-

216 2799 338 2854 catores
368 2799 399 2854 et
423 2793 537 2873 justos:
574 2811 728 2874 saepeque
756 2792 868 2855 vidisse
897 2790 1047 2855 Christum
1079 2791 1237 2853 Dominum
1265 2796 1296 2851 et
1323 2787 1460 2872 Angelos
1489 2806 1583 2870 super

215 2891 319 2955 altare.
339 2889 477 2953 Accidit
500 2892 628 2972 quodam
651 2891 699 2954 die
722 2900 754 2954 ut
777 2891 926 2954 Sacerdos
948 2890 1043 2953 malae
1067 2889 1174 2969 famae,
1197 2891 1316 2952 veniret
1340 2887 1377 2951 ad
1398 2885 1581 2951 Ecclesiam:
1656 2950 1662 2959 ,

215 3009 343 3072 cumque
366 2988 403 3051 ad
426 2990 533 3052 ostium
556 2991 757 3071 pervenisset,
781 2990 853 3052 vidit
881 3009 948 3052 eum
976 2986 1108 3053 loannes
1137 2998 1254 3071 septum
1278 2987 1430 3069 spiritibus
1453 2988 1582 3050 immun-

214 3090 272 3167 dis,
295 3089 346 3171 qui
369 3089 504 3151 fraenum
526 3091 571 3151 ori
594 3091 659 3171 ejus
683 3091 858 3171 injecerant.
891 3090 1054 3171 Statimque
1077 3088 1151 3150 vidit
1172 3088 1324 3169 Angelum
1345 3087 1464 3150 Domini
1486 3106 1582 3170 egre-

214 3186 345 3250 dientem
368 3206 408 3250 ex
437 3188 540 3267 altari,
570 3206 636 3251 cum
662 3188 766 3272 ‘gladio
795 3188 949 3266 flammeo,
983 3190 1034 3270 qui
1060 3207 1115 3251 eos
1146 3187 1269 3269 depulit.
1324 3186 1448 3249 intravit
1480 3189 1581 3268 itaque

214 3286 365 3352 Sacerdos
396 3288 447 3350 ille
477 3288 507 3349 in
535 3286 703 3350 Ecclesiam
733 3295 765 3351 et
791 3287 842 3350 ubi
876 3295 1051 3351 ornamenta
1084 3287 1286 3351 sacerdotalia
1315 3285 1476 3365 induisset,
1500 3294 1579 3348 totus

212 3385 286 3467 igne
308 3386 509 3450 circumdatus
532 3389 683 3467 apparuit:
713 3388 809 3449 sacris
837 3389 988 3468 mysteriis
1010 3385 1171 3450 celebratis
1194 3393 1224 3449 et
1247 3387 1428 3449 ornamentis
1452 3385 1580 3466 deposi-

213 3484 264 3563 tis,
286 3491 319 3546 ut
340 3484 477 3550 Ecclesia
501 3486 608 3568 pedem
630 3486 747 3564 extulit,
771 3487 932 3550 daemones
966 3486 1054 3550 iidem
1076 3487 1158 3549 illum
1181 3485 1440 3548 circundederunt
1469 3492 1500 3547 et
1522 3486 1579 3547 ab·

214 3581 374 3648 dunemmt.
425 3585 508 3649 lianc
530 3588 676 3648 visionem
705 3585 846 3648 narrabat
874 3586 977 3649 Abbas
1005 3587 1157 3663 loannes,
1187 3586 1281 3665 inquit
1310 3592 1415 3661 autor,
1437 3583 1578 3647 fratribus

214 3684 288 3762 suis,
311 3691 344 3747 ut
366 3684 491 3747 doceret
512 3703 577 3763 eos,
600 3693 742 3767 quantum
765 3684 942 3748 adsacrum
965 3686 1170 3762 ministerium,
1193 3685 1353 3747 discrimen
1374 3683 1487 3746 nullum
1509 3701 1579 3746 esse

213 3783 294 3845 inter
318 3784 511 3847 Sacerdotem
530 3786 654 3867 Justum,
677 3792 708 3847 et
739 3794 946 3866 peccatorem:
977 3786 1046 3865 quia
1068 3792 1195 3866 propter
1217 3783 1304 3846 fidem
1326 3781 1442 3884 plebis,
1472 3782 1578 3845 eodem

212 3881 303 3945 modo
326 3885 412 3964 panis
443 3884 567 3947 eflicitur
597 3903 709 3966 corpus
740 3884 864 3948 Christi:
905 3886 974 3966 quia
1001 3893 1034 3948 ut
1061 3883 1192 3967 sigillum
1220 3885 1303 3966 regis
1332 3884 1363 3945 in
1393 3901 1579 3964 quacumque

212 3983 337 4043 materia
360 3984 408 4060 sit,
431 3982 514 4047 ferro
536 3984 587 4046 vel
609 4002 696 4061 auro,
718 4001 808 4046 unum
838 3992 900 4058 est;
928 3986 969 4046 ita
991 3984 1194 4048 sacerdotium
1216 4001 1306 4045 unum
1330 3990 1390 4045 est:
1421 3982 1476 4045 sed
1497 3982 1579 4044 Deus

212 4080 313 4142 reddit
347 4084 507 4164 unicuique
542 4084 706 4147 secundum
741 4101 833 4165 opera
869 4101 933 4146 sua.
995 4083 1155 4148 Historiam
1188 4083 1412 4164 qualiscumque
1440 4082 1479 4145 sit
1508 4081 1580 4143 nihil

213 4198 379 4244 moramur:
402 4201 502 4265 neque
524 4185 602 4247 enim
624 4185 807 4268 ignoramus,
830 4202 917 4264 quam
944 4182 1048 4246 faciles
1078 4186 1138 4246 sint
1167 4182 1335 4245 Orientales
1359 4183 1387 4245 in
1410 4181 1578 4244 referendis

213 4278 376 4347 miraculis.
421 4284 533 4346 Verum
555 4303 596 4346 ex
617 4285 690 4365 ipsis
713 4281 821 4347 fabulis
843 4287 956 4347 veritas
978 4284 1110 4347 elicitur:
1134 4302 1201 4345 uam
1224 4284 1275 4364 qui
1298 4290 1421 4345 narrant
1442 4281 1578 4345 sanatio-

213 4398 269 4443 nes
292 4381 431 4444 divinitus
453 4381 548 4445 factas
571 4382 608 4445 ad
631 4383 771 4464 sepulcra
794 4382 969 4465 Martyrum,
999 4390 1050 4445 aut
1070 4401 1128 4465 per
1150 4381 1267 4445 illorum
1289 4383 1441 4462 reliquias,
1465 4379 1577 4441 frustra

213 4497 267 4542 eos
290 4499 352 4543 non
374 4483 508 4545 invocari
531 4482 671 4545 credunt:
695 4482 746 4563 qui
768 4485 945 4564 apparuisse
959 4501 1080 4545 carnem
1102 4490 1134 4545 et
1155 4482 1332 4563 sanguinem
1345 4482 1375 4543 in
1389 4478 1577 4543 Eucharistia

213 4579 350 4658 credunt,
379 4581 420 4642 illi
448 4600 554 4644 verum
581 4580 692 4644 Christi
722 4580 840 4662 Corpus
864 4589 895 4644 et
918 4581 1101 4666 Sanguinem
1128 4582 1208 4644 illam
1239 4600 1309 4644 esse
1342 4597 1402 4642 non
1432 4577 1575 4641 dubitant.

212 4678 353 4743 Similiter
376 4699 415 4742 ex
437 4679 486 4743 illa
508 4682 683 4744 narratione
704 4680 893 4744 manifestum
915 4690 962 4744 est
975 4681 1144 4745 Orientales
1167 4681 1293 4744 credere
1317 4682 1577 4745 sacramentorum

211 4777 351 4841 effectum
374 4797 391 4841 a
414 4780 540 4843 ministri
564 4780 709 4862 dignitate
732 4798 793 4843 non
816 4781 961 4860 pendere.

299 4878 435 4960 Reliqua,
459 4898 525 4942 cum
549 4876 696 4943 communi
719 4879 854 4942 omnibus
877 4879 1021 4964 Liturgiis
1044 4879 1220 4961 disciplinae
1243 4878 1466 4959 respondeant,
1496 4875 1576 4939 nulla

211 4973 280 5040 luce
304 4996 380 5059 opus
404 4977 524 5059 habent,
547 4980 620 5042 satis
643 4998 682 5042 ex
703 4997 739 5042 se
762 4980 932 5060 perspicua.

638 5168 1156 5214 ψ

263 5260 387 5305 ronusu
785 5292 788 5304 .
1320 5240 1367 5313 41
