4525 6034
671 585 748 658 222
1182 581 1541 660 LITURGIA

672 771 841 859 omnibus,
877 772 1081 864 glorificetur
1107 781 1141 842 et
1167 770 1320 842 laudetur
1345 792 1466 842 nomen
1494 779 1584 842 tuum
1615 770 1717 843 valde
1749 770 1972 843 honorandum
2001 784 2031 845 et

670 887 892 975 benedictum,
919 886 1081 981 simulque
1104 886 1238 958 Domini
1263 888 1369 958 nostri
1386 887 1467 957 lesu
1485 883 1607 958 Christi
1634 895 1669 958 et
1683 886 1825 982 Spiritus
1852 888 1898 957 tui
1923 892 2031 976 sanct,

672 1026 780 1095 nunc,
808 1015 871 1076 etc.

776 1121 936 1213 Populus.
990 1118 1043 1190 Ut.

777 1238 961 1308 Sacerdos.
1014 1238 1098 1308 Pax.

778 1353 940 1446 Populus.
993 1351 1137 1423 Etcum
1165 1353 1281 1445 spiritu
1309 1361 1374 1421 tuo.

778 1469 962 1540 Sacerdos.
1016 1466 1247 1539 Misericordia
1275 1466 1364 1553 Dei,
1392 1475 1454 1538 etc.

780 1584 942 1676 Populus.
996 1582 1140 1654 Etcum
1169 1584 1284 1678 spiritu
1314 1591 1378 1651 tuo.

781 1700 961 1771 Diaconum
987 1701 1073 1769 dicii
1091 1698 1311 1769 Cotbolicnm.
1339 1696 1515 1767 Sacerdos
1537 1701 1671 1790 srunpit
1697 1703 1731 1767 el
1757 1699 1872 1790 siqnol
1883 1695 2035 1766 Oblatum

781 1816 970 1887 Diaconos.
1022 1813 1185 1906 Angelus.

910 2135 1087 2207 Sacerdos
1113 2136 1199 2205 dicit
1228 2137 1425 2207 Orationem
1452 2142 1532 2206 (ιιι-ιε
1557 2138 1658 2208 Pater
1684 2146 1810 2209 noster.

781 2360 872 2431 Vere
900 2363 985 2429 enim
1013 2370 1047 2429 et
1073 2356 1201 2453 absque
1228 2357 1349 2446 dubio,
1385 2369 1419 2429 tu
1453 2382 1491 2431 es
1519 2358 1619 2429 Pater
1652 2367 1786 2429 sanctus
1826 2357 1904 2429 Filii
1935 2361 2038 2444 samu,

644 2525 649 2537 ι
677 2456 733 2572 qui
760 2479 933 2547 sanctitate
962 2473 1111 2569 aequalis
1139 2485 1190 2546 est
1218 2497 1291 2545 curn
1319 2475 1443 2570 Spiritu
1470 2484 1600 2546 sancto:
1637 2476 1691 2568 qni
1723 2471 1875 2569 perfecte
1911 2485 1944 2544 et
1974 2497 2038 2545 cum

676 2614 804 2664 summa
836 2600 1002 2687 potestate
1038 2594 1071 2660 in
1110 2594 1234 2663 sanctis
1270 2594 1474 2685 requiescis,
1506 2599 1540 2660 et
1572 2599 1734 2684 perpetuo
1771 2587 2041 2661 sanctificationes

677 2730 806 2795 eorum,
834 2710 888 2801 qui
917 2718 949 2778 te
976 2705 1182 2778 sanctificant
1208 2709 1359 2802 suscipis.
1387 2707 1439 2777 'lu
1466 2728 1504 2777 es
1531 2704 1606 2776 lons
1632 2705 1878 2794 incolumitatis,
1907 2710 2039 2797 etorigo

678 2822 895 2909 auxiliorum,
923 2831 956 2892 tu
984 2845 1022 2893 es
1049 2826 1180 2913 genitor
1207 2821 1468 2910 misericordiae,
1496 2831 1530 2892 et
1547 2832 1642 2915 pater
1670 2820 1877 2909 clementiae,
1906 2825 2040 2920 misera-

677 2947 744 3026 tor,
770 2937 900 3024 lautor,
928 2936 1058 3029 adjutor
1086 2948 1119 3007 et
1147 2938 1340 3026 auxiliator,
1368 2959 1481 3009 curam
1507 2935 1634 3009 habens
1660 2959 1861 3034 pauperum,
1896 2947 1930 3008 et
1955 2935 2040 3007 relu-

677 3058 767 3146 gium
794 3053 997 3140 alllictornm,
1025 3076 1140 3125 comes
1166 3057 1293 3126 itineris
1320 3049 1557 3145 navigantium,
1585 3063 1701 3149 portus
1728 3063 1762 3124 et
1788 3057 1926 3148 requies
1937 3057 2039 3145 jaeta-

677 3179 804 3257 lorum,
840 3168 1004 3261 refugium
1038 3180 1271 3264 peccatorum:
1305 3170 1454 3241 medicus
1486 3170 1594 3242 bonus
1621 3169 1842 3242 infirmorum:
1876 3173 1935 3264 qui
1961 3190 2040 3239 arnas

678 3285 847 3380 lacrymas
874 3289 1129 3380 poenitentium:
1157 3286 1353 3358 emrmdator
1379 3285 1537 3372 sordium,
1564 3286 1686 3357 inillis
1714 3290 1769 3380 qui
1788 3289 1949 3381 inquinati
1966 3293 2042 3370 sunt,

676 3401 818 3493 largitor
841 3383 1027 3488 donorum,
1062 3400 1251 3474 thesaurus*
1272 3402 1467 3475 divitiarum.
1528 3404 1579 3472 Tu
1614 3401 1656 3474 ab
1689 3404 1798 3488 initio,
1832 3402 1873 3475 ab
1905 3413 2041 3482 aeterno,

679 3541 699 3588 a
726 3517 862 3589 saeculo
890 3529 924 3588 et
950 3515 1125 3613 perpetuo,
1153 3528 1287 3590 sanetus
1314 3540 1363 3603 ιε,
1390 3517 1575 3612 plenusque
1602 3520 1800 3607 sanctitate,
1828 3520 2042 3591 sanctificator

680 3643 714 3702 et
739 3630 911 3726 perfector
938 3644 1140 3720 sanctorum,
1168 3644 1201 3705 et
1227 3655 1290 3705 nos
1316 3632 1601 3725 glorificationem,
1631 3632 1896 3730 hymnorumque
1925 3637 2042 3726 decan·

679 3751 838 3819 tationem
854 3747 1033 3822 ¹olierimus
1061 3750 1140 3832 tibi,
1176 3771 1250 3821 eam
1285 3752 1390 3844 ipsam
1426 3772 1522 3843 quarn
1551 3773 1570 3820 a
1597 3747 1682 3819 Filio
1710 3761 1827 3821 sancto
1855 3762 1935 3840 tuo,
1969 3749 2042 3821 Filio

680 3874 736 3934 tuo
763 3862 884 3935 dilecto
913 3873 1062 3935 amanter
1089 3863 1278 3937 didicimus:
1305 3867 1513 3960 petimusque
1539 3876 1574 3936 ιιι
1601 3864 1698 3937 nobis
1719 3866 1871 3938 omnibus
1888 3877 2043 3963 praestes,

680 3988 715 4050 ut
742 3978 845 4050 corde
874 4002 972 4074 puro,
1000 3979 1060 4052 sed
1088 3979 1244 4051 ardenter
1271 4003 1434 4054 succenso
1461 4004 1522 4076 per
1549 3981 1656 4052 zelum
1683 3980 1894 4072 laudabilem,
1923 3983 2043 4055 oratio-

679 4117 740 4166 nes
768 4106 803 4165 et
829 4095 1083 4190 deprecationes
1109 4105 1243 4168 nostras
1270 4099 1384 4167 coram
1411 4107 1444 4168 te
1472 4096 1681 4184 effundendo,
1708 4121 1783 4168 cum
1800 4103 1959 4171 mentium
1974 4097 2044 4169 illu-

679 4214 872 4298 minatione,
907 4214 1092 4283 animorum
1118 4215 1329 4303 castimonia,
1362 4212 1616 4307 linguarumque
1643 4213 1827 4308 triumphali
1853 4215 2044 4296 laudatione,

680 4324 860 4398 clamemus
888 4326 931 4398 ad
958 4337 1010 4412 te,
1038 4349 1171 4400 oremus
1200 4339 1233 4399 et
1260 4328 1428 4417 dicamus,
1461 4330 1561 4400 Pater
1586 4341 1702 4402 noster
1729 4335 1783 4423 qui
1814 4352 1852 4400 es
1879 4335 1913 4401 in
1941 4326 2044 4400 coelis

786 4440 948 4533 Populos.
1002 4441 1232 4516 Sanctificetur
1258 4465 1381 4516 nomen
1407 4454 1507 4516 tuum
1615 4461 1617 4468 '

784 4555 960 4630 Sacerdos
994 4558 1133 4628 clevans
1165 4582 1290 4631 nocem
1344 4558 1413 4646 Ne,
1449 4560 1610 4644 Domine,
1643 4563 1814 4654 permittas
1847 4583 1912 4635 nos
1936 4562 2045 4655 jactari

681 4671 919 4745 vexationibus
946 4673 1130 4763 mundanis,
1158 4679 1232 4747 sive
1260 4675 1452 4764 diabolicis,
1487 4677 1572 4749 ultra
1599 4676 1632 4747 id
1660 4676 1747 4771 quod
1780 4699 1977 4772 possumus,
2006 4680 2046 4746 ita

680 4797 717 4858 ut
743 4791 876 4860 omnino
905 4793 937 4859 in
963 4789 1161 4878 infirmitate,
1189 4791 1395 4884 aegritudine
1422 4803 1456 4863 et
1482 4791 1709 4866 confractione
1736 4794 1848 4866 cordis
1876 4799 1994 4882 simus,
2019 4801 2047 4863 et

681 4927 702 4973 a
736 4904 919 4977 domestica
953 4904 1176 4978 familiaritate
1207 4917 1262 4978 tua
1294 4908 1392 4979 alieni
1426 4909 1620 4998 efficiamur,
1654 4912 1684 4981 si
1717 4915 1822 4984 nostri
1848 4933 1963 4984 curam
1987 4930 2046 4980 non

682 5015 847 5092 habueris.
900 5020 953 5093 Ne
981 5025 1027 5095 sis
1057 5025 1305 5113 immisericors,
1331 5023 1492 5114 Domine,
1519 5048 1629 5121 neque
1655 5036 1791 5100 avertas
1817 5026 1940 5101 taciem
1967 5037 2046 5099 tuam
