4525 6034
628 602 1165 682 ALEXANDRINO.
1505 603 1579 678 431

217 794 330 886 rigmti
356 793 456 867 duos:
482 793 653 864 Bodlcoam
680 791 898 887 quadraginta
925 802 1014 872 tres,
1043 803 1077 865 et
1103 795 1176 886 ejus
1191 790 1290 865 vallis
1310 791 1427 864 decem
1453 801 1488 864 et
1512 813 1584 864 no-

216 931 307 985 vem:
334 909 473 981 Cbmob
488 932 628 983 novem:
655 907 832 980 Bercbout
857 919 953 983 octo:
980 908 1143 981 Horbata
1155 913 1334 1002 sexaginta
1354 907 1452 981 duos:
1479 910 1583 980 Kor-

216 1034 291 1099 tosa
315 1029 433 1119 vigiuti
460 1026 558 1099 duos:
585 1026 687 1098 Mesil
717 1034 752 1097 et
776 1025 977 1108 Mebidoccb
1010 1025 1229 1122 quadraginta
1261 1047 1403 1099 novem:
1437 1025 1585 1096 Acbooo

215 1154 247 1215 et
271 1143 424 1231 Recbid,
451 1145 526 1215 sive
551 1144 700 1215 Rosetta
726 1142 977 1237 septemdecim:
1011 1141 1220 1216 Alexandria
1245 1141 1428 1216 Maraeotis
1464 1150 1499 1212 et
1523 1144 1584 1212 vi-

215 1262 309 1332 ciose
334 1270 463 1350 terrae,
490 1282 564 1331 cnm
590 1258 704 1329 Labie
730 1267 765 1330 et
789 1259 974 1347 Masalia,
1001 1269 1132 1331 centum
1158 1261 1457 1353 vigintiquatuor:
1485 1267 1606 1353 atque

214 1378 343 1449 intoto
376 1375 433 1450 illo
466 1385 574 1448 tractu
605 1374 863 1447 numerabantur
888 1379 965 1471 pagi
992 1377 1139 1467 maJ’ores
1167 1374 1400 1470 quadringenti
1435 1372 1584 1470 quadra-

215 1492 305 1582 ginta
332 1514 466 1565 novem.
519 1491 644 1565 Omnes
669 1513 771 1588 porro
793 1491 867 1564 ilias
894 1491 995 1564 urbes
1023 1501 1057 1563 et
1092 1514 1179 1588 quae
1205 1490 1247 1563 ad
1274 1513 1388 1562 earum
1421 1492 1518 1563 situm
1551 1501 1587 1564 et

213 1610 376 1698 originem
401 1611 566 1704 pertinent
592 1606 777 1705 explicare,
805 1608 940 1681 alterius
973 1612 1086 1704 operis
1112 1606 1216 1680 soret:
1245 1605 1458 1699 subjiciemus
1483 1606 1584 1681 modo

211 1721 406 1796 breviorem
441 1747 488 1797 ex
512 1723 757 1798 El-Ilossahio
794 1728 962 1817 notitiam,
995 1748 1093 1819 quam
1126 1727 1224 1797 etiam
1257 1723 1362 1795 refert
1391 1721 1586 1812 lllalrizius,

210 1843 244 1910 in
279 1864 347 1935 qua
378 1863 445 1913 utro
481 1845 576 1937 quasi
602 1852 784 1936 conspectu
811 1847 992 1938 praecipua
1017 1840 1146 1913 urbium
1174 1851 1209 1913 et
1242 1843 1416 1933 regionum
1451 1843 1585 1912 nomina

211 1956 411 2029 referuntur.

316 2073 498 2146 CXXVIII.
539 2074 573 2146 ls
606 2076 804 2171 Aegyptum
841 2071 955 2145 dividit
990 2073 1130 2145 ullorum
1166 2082 1316 2145 automm
1344 2070 1518 2167 exemplo,
1551 2075 1584 2145 in
1667 2089 1691 2140 ‘a
1728 2087 1814 2145 'vtato

210 2194 437 2287 superiorem,
464 2212 524 2266 seu
550 2189 668 2282 Sabid,
696 2200 730 2262 et
756 2189 958 2263 inferiorem.
1011 2191 1048 2262 ln
1074 2189 1198 2262 Sabide
1230 2211 1310 2263 esse
1345 2193 1390 2261 ait
1425 2193 1583 2280 regiones

209 2310 331 2400 vIginti
358 2317 451 2394 octo,
480 2329 563 2403 quas
588 2310 634 2379 ita
660 2317 824 2379 recenset.
876 2307 990 2380 Fiam:
1016 2306 1114 2380 Meni
1138 2329 1200 2379 seu
1220 2305 1399 2402 Memphis:
1426 2303 1583 2380 Wissim:

211 2423 392 2511 Charkiet,
419 2426 493 2496 sive
520 2422 715 2496 Orientalis:
742 2422 865 2511 Dolus,
892 2433 926 2495 et
938 2422 1075 2512 Abusir,
1102 2426 1178 2495 sive
1203 2421 1384 2497 Busiridis:
1410 2420 1608 2513 Ahnasob,¹

210 2538 286 2627 llis,
315 2538 464 2611 Bebnsa:
492 2537 628 2628 Takba,
656 2538 918 2612 Gir-Cbenuda:
953 2541 1067 2613 Bodit:
1103 2538 1326 2612 Aschmonin:
1361 2562 1435 2611 cum
1468 2539 1584 2614 Ahsna

211 2660 379 2753 superiori
405 2666 439 2727 et
464 2655 630 2728 inferiori:
663 2655 757 2729 lions
793 2678 854 2731 sen
880 2655 1006 2730 Kussa:
1035 2657 1191 2730 Ossiout:
1219 2653 1408 2728 Kabcowa:
1434 2655 1585 2754 Echmirn
1635 2639 1637 2644 ¹

210 2782 243 2845 et
268 2773 382 2846 EldIr:
408 2772 499 2846 llou:
526 2772 701 2860 Dendera,
727 2771 822 2861 lleit,
848 2772 977 2846 Aksar:
1003 2774 1117 2862 Asno,
1144 2773 1298 2860 Arment,
1325 2775 1482 2846 Ascuan:
1510 2782 1586 2846 sunt

209 2901 337 2963 tantum
362 2890 479 2981 viginti
505 2900 633 2985 septem
659 2889 747 2961 unde
774 2890 917 2985 aliquam
943 2899 1075 2985 oportet
1101 2889 1243 2962 divisam
1270 2890 1304 2959 iu
1330 2888 1412 2963 duas
1435 2888 1585 2983 intelligi,

186 3005 272 3080 'uisi
299 3005 408 3080 subsit
434 3028 530 3079 error
557 3006 674 3102 aliquis
700 3009 733 3077 in
760 3006 888 3078 codice.

315 3121 486 3196 Inferioris
511 3123 662 3219 Aegypti
688 3125 847 3214 regiones
873 3131 1025 3195 numerat
1051 3125 1329 3217 vigintiquinque:
1357 3126 1419 3194 etsi
1437 3123 1504 3214 alii,
1525 3126 1584 3195 in-

212 3243 298 3335 quit,
328 3238 441 3333 plures
466 3249 657 3326 numerent,
684 3261 805 3335 nempe
832 3243 964 3332 triginta
992 3248 1069 3310 tres.
1104 3238 1243 3312 Litteris
1271 3260 1331 3310 seu
1350 3237 1440 3311 Orac
1459 3239 1585 3312 Orien·

211 3358 302 3430 talis:
332 3354 470 3427 Athrib:
495 3353 715 3443 Etncbemes,
742 3360 817 3428 sive
842 3354 1043 3452 Heliopolis:
1070 3357 1159 3428 Atna
1192 3365 1226 3427 et
1257 3354 1381 3427 Nema:
1414 3355 1531 3430 Besta.
1552 3366 1587 3429 et

212 3472 374 3545 Tambia:
412 3469 564 3542 Farbeit:
603 3471 750 3543 Misson:
783 3470 923 3544 Formo:
956 3470 1095 3548 Ariscb:
1131 3471 1442 3545 Beteu-cl-cberil:
1477 3473 1585 3546 Bona:

211 3587 353 3659 Abusir:
389 3585 558 3659 Semnoud
593 3597 627 3658 et
658 3587 786 3660 Bousa:
821 3589 943 3661 Ausiet
973 3600 1008 3660 et
1037 3587 1224 3661 Bacboum:
1261 3587 1428 3662 Dakabla:
1463 3588 1585 3690 Tanis:

211 3702 383 3792 Damiata,
411 3702 550 3791 Gesira,
576 3703 728 3777 DomsIs:
756 3704 929 3790 Wabada,
956 3706 1046 3778 Tua:
1073 3704 1193 3777 Menai
1197 3758 1207 3792 ,
1240 3704 1345 3777 Saea:
1378 3703 1493 3778 Benda
1518 3706 1585 3778 El-

211 3823 416 3914 AmraJ‘oun:
442 3819 564 3891 MeIra:
592 3820 713 3892 Deisa:
740 3821 888 3894 Soroud:
916 3821 978 3894 Sa:
1008 3819 1198 3894 Chabasch:
1224 3819 1399 3911 Badkoun,
1427 3833 1461 3894 et
1486 3822 1585 3895 vallis

211 3938 300 4026 eJus:
337 3932 447 4024 Elhis,
482 3933 657 4024 Characis,
691 3937 858 4026 Herbula,
898 3938 1052 4010 llastata:
1092 3937 1230 4026 Mesila,
1271 3947 1305 4009 et
1335 3936 1584 4011 Elmelridasch:

212 4050 346 4123 Acbna:
382 4050 522 4123 Rehira:
560 4050 729 4124 Reehida:
773 4052 999 4143 Alexandria,
1035 4054 1217 4128 Mareotis:
1252 4052 1379 4126 Lubia:
1414 4053 1584 4128 lllaralda:

211 4164 266 4237 Ex
292 4168 435 4258 regione
459 4166 624 4254 Australi,
657 4167 768 4262 Regio
794 4169 919 4241 Montis
951 4170 1061 4245 Sinai:
1097 4169 1247 4259 Pharan,
1282 4169 1399 4259 Baba,
1432 4169 1585 4258 lioluum,

212 4281 304 4370 Aila,
334 4282 490 4375 Modain,
517 4295 552 4358 ct
578 4286 740 4380 quaedam
767 4287 854 4359 aliae
881 4287 923 4359 ad
948 4287 1111 4361 Arabicam
1137 4291 1245 4384 potius
1274 4311 1371 4382 quam
1399 4287 1583 4383 odAegy-

212 4409 301 4493 ptum
328 4405 544 4496 pertinentes.
1144 4491 1149 4502 p

316 4517 390 4589 lluc
416 4539 523 4612 usque
547 4519 677 4592 urbium
704 4528 739 4591 et
764 4522 937 4613 regionum
964 4519 1026 4592 sub
1052 4520 1116 4593 iilis
1144 4521 1457 4618 comprehensarum
1479 4520 1585 4593 Noti-

213 4633 290 4703 tiam
318 4632 592 4729 qualemcumque
619 4635 767 4708 dedimus
795 4659 841 4708 ex
869 4635 1090 4710 Omentalibus
1118 4637 1334 4734 Geogrephis.
1386 4634 1472 4707 Eam
1498 4657 1583 4708 vero

212 4747 396 4840 perfectam
423 4749 505 4822 dare
531 4774 598 4824 non
625 4774 818 4848 possemne,
846 4756 990 4841 etiamsi,
1017 4764 1052 4825 ut
1078 4757 1110 4825 in
1138 4754 1343 4849 quibusdam,
1370 4760 1585 4848 suppeterent

215 4885 440 4962 quaecumque
467 4867 509 4939 ad
536 4891 609 4941 eam
631 4869 855 4942 illustrandam
877 4874 1070 4944 necessaria
1090 4880 1176 4960 sunt,
1201 4874 1265 4944 uisi
1285 4869 1461 4967 prolixiori
1481 4892 1581 4941 com-

212 4986 396 5071 mentario,
424 5006 520 5080 quem
549 5007 615 5058 uon
643 4996 811 5083 pateretur
837 4989 971 5058 instituti
998 4989 1111 5084 operis
1139 4989 1232 5060 ratio.
1280 4985 1381 5080 Igitur
1408 4984 1582 5060 observa-
