4525 6034
342 581 648 661 desperationes
667 585 719 660 lu
738 581 916 661 OFFICIUM
933 580 1199 659 osculationis
1216 580 1322 658 PATR.
1342 581 1449 659 Alex.
1514 585 1590 663 465

231 767 386 848 exemplis,
408 774 439 829 et
461 768 671 831 autoritatibus
693 767 886 831 confirmatae
907 777 987 834 sunt.
1009 767 1057 830 Ex
1079 728 1137 828 illis
1159 763 1346 829 manifestum
1369 775 1426 845 est,
1449 770 1593 853 maiorem

229 885 353 948 prorsus
376 861 504 948 Coptitis
527 886 616 948 quam
638 867 763 931 Graecis
780 866 955 948 disciplinae
976 868 1007 929 in
1029 862 1171 947 eligendo
1185 863 1355 929 Patriarcba
1369 885 1471 931 curam
1486 868 1592 951 fuisse,

228 984 292 1028 clun
314 965 365 1028 isti
386 965 562 1047 plerumque
588 985 649 1029 non
677 966 752 1029 alios
786 983 875 1049 quam
897 964 1157 1046 Constantinopoli
1184 964 1294 1027 missos
1317 965 1502 1032 Patriarcbas
1530 970 1593 1032 ba-

226 1065 354 1141 buerint,
376 1064 457 1127 nulla
478 1065 692 1150 suffragiorum
715 1065 797 1130 Cleri
820 1074 871 1128 aut
892 1065 990 1147 plebis
1017 1063 1118 1126 habita
1140 1065 1268 1127 ratione.
1312 1063 1440 1128 Accedit
1462 1073 1493 1128 et
1514 1085 1592 1147 pec-

225 1173 321 1227 catum
343 1164 415 1227 illud
439 1173 544 1228 contra
567 1165 718 1245 Canones,
742 1164 866 1229 Graecis
889 1163 998 1227 dudum
1022 1163 1177 1241 familiare,
1199 1163 1355 1226 translatio
1377 1165 1494 1229 scilicet
1515 1165 1592 1248 Epi-

222 1279 399 1344 scoporum,
430 1264 507 1326 adeo
537 1273 571 1327 ut
592 1267 680 1347 pauci
703 1264 860 1328 admodum
888 1265 1097 1346 reperiantur,
1127 1263 1179 1343 qui
1206 1262 1289 1343 prius
1319 1263 1407 1327 alteri
1434 1264 1591 1329 Ecclesiae

222 1362 336 1445 alligati
359 1380 419 1426 non
446 1363 567 1427 fuerint.
619 1366 660 1427 At
689 1364 761 1427 nihil
790 1364 887 1427 simile
915 1364 973 1427 buc
1002 1382 1098 1444 usque
1129 1362 1209 1444 apud
1237 1361 1370 1443 Coptitas
1399 1361 1592 1427 observatum

220 1470 278 1541 est,
301 1461 444 1525 laudabili
465 1481 539 1527 sanc
563 1465 713 1546 exemplo,
738 1482 838 1545 aquo
868 1464 989 1548 longius
1015 1461 1172 1527 Jacobitac
1195 1461 1375 1526 Antiocheni
1404 1461 1514 1525 dudum
1537 1481 1592 1527 re-

222 1570 393 1641 cesserunt,
416 1563 545 1624 omnium
568 1563 743 1645 longissime
766 1563 949 1642 Nestorium,
971 1571 1004 1625 ut
1027 1561 1097 1626 alibi
1119 1560 1215 1625 fusius
1237 1561 1443 1642 exposuimus.
1537 1609 1542 1617 .

310 1660 498 1725 Patriarcbas
521 1661 755 1741 Alexandrinus,
778 1664 944 1744 scriptores
973 1662 1111 1744 plerique
1138 1678 1260 1742 semper
1287 1678 1327 1723 ex
1354 1660 1459 1724 ordine
1481 1661 1592 1724 liona-

219 1762 299 1824 stico
324 1761 407 1845 eligi,
432 1769 491 1823 tarn
514 1779 623 1825 secure
645 1762 800 1838 adiuuant,
821 1770 854 1824 ut
876 1762 1012 1826 omnibus
1036 1761 1064 1823 id
1086 1778 1184 1841 prope
1207 1761 1426 1841 persuaserint.
1457 1761 1592 1824 Fuerunt

219 1868 323 1922 tannen
345 1861 383 1923 ad
406 1879 472 1923 eam
496 1860 669 1945 dignitatem
693 1863 822 1943 promoti
850 1861 985 1956 nonnulli
1013 1880 1054 1923 ex
1077 1860 1180 1939 Claro,
1204 1861 1254 1941 qui
1275 1860 1471 1923 Monasticam
1500 1861 1592 1923 vitam

217 1958 352 2040 professi
375 1977 435 2022 non
457 1959 586 2024 fuerant.
631 1962 743 2022 Verum
765 1969 944 2039 esttamen,
967 1961 1078 2023 nullum
1111 1960 1170 2023 nisi
1199 1961 1251 2041 qui
1278 1961 1472 2043 llonasticam
1500 1963 1591 2024 vitam

217 2058 377 2140 professus
399 2058 502 2134 fuerit,
524 2059 659 2123 ordinari
681 2059 898 2123 Patriarcbam:
921 2059 977 2122 sed
999 2057 1149 2140 quomodo
1172 2056 1248 2121 baec
1266 2059 1325 2123 duo
1340 2078 1418 2141 quae
1438 2060 1592 2125 contraria

216 2158 360 2220 ridentur
387 2159 505 2240 possint
536 2157 707 2238 conciliari,
743 2178 783 2221 ex
819 2159 877 2223 boc
913 2158 1034 2238 Officio,
1065 2166 1096 2221 et
1126 2157 1282 2221 autoribus
1315 2161 1407 2225 variis
1437 2160 1589 2226 discimus.

214 2256 334 2338 Nempe
358 2257 384 2319 si
404 2256 563 2319 llonastici
586 2257 700 2320 ordinis
730 2275 790 2320 non
819 2266 884 2333 est,
913 2259 939 2320 is
966 2259 1017 2339 qui
1039 2257 1179 2339 eligitur,
1208 2257 1325 2322 habitus
1354 2261 1474 2343 integer
1501 2278 1591 2341 quem

215 2354 323 2417 Acirim
345 2362 466 2430 vocant,
489 2373 507 2416 a
530 2356 647 2419 Graeca
669 2374 748 2420 voce
771 2353 886 2441 Σχῆμα
908 2357 951 2419 illi
974 2359 1071 2419 statim
1096 2356 1276 2438 imponitur,
1300 2377 1379 2439 quac
1401 2361 1591 2423 caeremonia
1634 2384 1637 2391 ¹

215 2455 366 2535 integram
389 2455 471 2517 vitae
492 2455 678 2518 llonasticae
700 2455 921 2537 professionem
945 2458 986 2520 ita
1009 2457 1153 2535 continet,
1176 2465 1208 2519 ut
1230 2460 1330 2520 statim
1352 2458 1489 2523 omnibus
1510 2460 1591 2523 illius

215 2553 335 2636 regulis
359 2561 508 2634 teneatur,
527 2556 633 2637 jejunii
663 2557 840 2637 praesertim
870 2564 900 2618 et
927 2555 1136 2618 abstinentiae.
1179 2556 1286 2621 Nullus
1315 2559 1407 2641 igitur
1437 2560 1591 2623 ordinatur

217 2652 404 2732 nannetem,
428 2655 478 2735 qui
500 2654 664 2718 Monachus
693 2674 755 2719 non
783 2655 823 2718 sit
852 2673 919 2717 cum
947 2655 1118 2733 ordinatur,
1146 2657 1216 2737 quia
1245 2657 1336 2720 vitam
1362 2657 1535 2740 religiosam
1563 2661 1590 2723 si

215 2754 304 2834 prius
328 2752 485 2835 professus
508 2772 568 2817 non
591 2753 691 2834 fuerit,
715 2762 783 2818 ante
806 2754 1024 2818 ordinationem
1046 2755 1216 2836 profitetur.
1239 2755 1391 2839 Adjicitur
1408 2758 1590 2823 Archiman-

217 2851 317 2913 dritac
348 2870 404 2914 seu
431 2853 700 2936 Archipresbyteri
729 2853 876 2939 dignitas,
907 2872 985 2935 qnae
1012 2855 1043 2917 in
1071 2854 1211 2919 Ecclesia
1230 2855 1366 2938 ,Coptica
1396 2858 1502 2923 eadem
1531 2868 1589 2942 est,

216 2951 289 3032 quia
313 2952 465 3032 propriam
489 2951 713 3017 Ordinationem
736 2953 841 3016 habet:
871 2955 1074 3016 necessariam
1101 2973 1177 3019 vero
1206 2975 1274 3020 esse
1292 2957 1430 3038 judicant
1450 2958 1590 3021 Alexan-

216 3050 297 3112 drini
320 3050 489 3131 Jacobitae,
511 3059 544 3114 ut
574 3052 625 3132 qui
651 3052 874 3116 Ecclesiasticis
902 3052 1038 3115 omnibus
1061 3062 1199 3135 praeest,
1228 3073 1332 3119 omnes
1360 3057 1489 3121 Ordines
1517 3076 1590 3121 sus-

215 3153 348 3233 ceperit.

307 3250 393 3322 Quae
415 3251 454 3314 de
477 3250 669 3314 Patriarchae
691 3251 842 3313 electione
864 3251 893 3312 in
915 3250 1135 3314 Dissertatione
1159 3252 1238 3315 dicta
1260 3263 1339 3337 sunt,
1363 3274 1403 3320 ex
1425 3256 1589 3321 Pontificali

214 3350 442 3430 confirmantur,
466 3370 506 3413 ex
528 3367 589 3431 quo
612 3351 701 3413 etiam
723 3352 900 3435 agnoscitur
921 3367 999 3431 quae
1028 3352 1087 3414 sint
1117 3353 1148 3414 in
1173 3353 1327 3438 suffragiis
1354 3353 1488 3420 ferendis
1510 3357 1588 3439 llpi-

214 3467 382 3530 scoporum
404 3458 520 3532 partes,
543 3466 621 3530 quae
651 3449 733 3512 Cleri
755 3448 926 3527 inferioris,
956 3450 1171 3515 llonacborum
1198 3461 1228 3515 et
1257 3454 1434 3535 Laicorum,
1471 3457 1502 3519 in
1529 3475 1587 3538 qua

213 3567 293 3612 sane
320 3558 483 3629 supersunt
515 3550 630 3613 veteris
659 3548 893 3612 Ecclesiasticae
919 3549 1096 3630 disciplinae
1122 3553 1297 3617 veneranda
1326 3556 1464 3637 vestigia.
1513 3555 1587 3619 Eam

212 3666 294 3710 vero
319 3666 380 3710 non
402 3656 435 3709 ut
452 3648 514 3729 jam
536 3647 647 3729 ubique
675 3650 785 3729 passim
817 3647 854 3711 ab
885 3648 997 3730 aliquot
1018 3651 1167 3731 saeculis,
1200 3653 1231 3715 in
1258 3654 1331 3717 solis
1359 3653 1443 3718 libris
1471 3664 1588 3733 extare,

212 3747 415 3810 certissimum
438 3745 551 3808 faciunt
573 3747 712 3828 exempla
734 3766 774 3810 er
797 3746 926 3810 llistoria
948 3748 1141 3812 Patriarcbali
1161 3753 1256 3828 varia,
1278 3753 1385 3835 quibus
1408 3754 1588 3819 electionem

210 3845 457 3908 Patriarcbarum
479 3846 643 3910 secundum
665 3846 732 3909 illas
755 3846 877 3930 regulas
900 3848 1082 3912 celebratam
1104 3849 1198 3914 fuisse
1221 3861 1349 3919 constat.
1383 3854 1491 3918 llirum
1512 3873 1587 3920 sane

213 3953 243 4007 et
267 3944 485 4010 observatione
507 3947 722 4029 dignissimum,
751 3965 808 4028 per
837 3964 932 4011 annos
961 3966 1058 4031 prope
1085 3953 1313 4034 septingentos,
1341 3954 1453 4018 nullum
1481 3954 1589 4019 favore

210 4046 399 4126 Principum,
422 4047 511 4108 etiam
532 4046 588 4109 sub
610 4045 846 4109 bluhamedanne
873 4048 974 4130 gentis
1004 4048 1107 4133 legum
1129 4054 1260 4115 omnium
1287 4056 1512 4136 contemptricis
1535 4065 1586 4138 ty-

210 4146 354 4226 rannide,
377 4147 415 4210 od
438 4165 580 4210 summam
602 4147 681 4210 illam
704 4145 879 4230 dignitatem
902 4157 1038 4212 evectum
1065 4148 1169 4213 fuisse.
1213 4152 1286 4216 Nam
1310 4152 1439 4234 Cyrillus
1461 4155 1587 4218 Lalrlali

210 4247 295 4310 filins
319 4248 350 4308 in
373 4265 432 4328 quo
455 4246 580 4310 historia
603 4246 723 4325 desinit,
746 4248 804 4309 etsi
829 4249 1001 4329 praeceptis
1028 4248 1209 4313 lubidarum
1233 4251 1424 4317 Sullanorum
1445 4254 1586 4332 munitus,

210 4347 395 4431 magnisque
419 4348 582 4410 amicorum
605 4345 713 4429 opibus
735 4346 881 4409 subnixus
910 4356 1081 4428 prensaret,
1104 4350 1256 4432 repulsam
1284 4361 1382 4417 tamen
1411 4373 1468 4436 per
1490 4373 1585 4418 annos

210 4448 339 4509 circiter
362 4447 467 4530 viginti
489 4465 598 4528 passus
620 4454 678 4526 est,
700 4463 801 4527 neque
823 4446 896 4529 eligi
917 4449 1025 4529 potuit,
1048 4450 1106 4521 nisi
1119 4458 1278 4531 postquam
1292 4452 1402 4536 longae
1417 4455 1585 4518 vacationis

210 4547 330 4626 taedio,
353 4547 385 4607 in
406 4546 473 4627 ejus
495 4545 614 4609 tandem
636 4546 815 4609 electionem
838 4544 975 4627 Coptitae
999 4558 1230 4616 consenserunt.
1266 4551 1473 4617 Animadverti
1496 4554 1587 4617 etiam

209 4652 317 4727 potest
341 4663 419 4725 quae
442 4644 532 4707 fuerit
555 4645 749 4709 Comitiorum
769 4645 1011 4712 Patriarclralium
1034 4648 1140 4726 forma,
1162 4650 1193 4711 in
1215 4651 1323 4732 quibus
1345 4653 1475 4735 populus
1497 4652 1586 4715 simul

212 4762 282 4807 cnm
307 4742 412 4821 Clero,
436 4745 627 4825 proponebat
649 4762 703 4809 eos
726 4764 803 4828 quos
827 4745 1001 4810 Pontificatu
1032 4748 1142 4832 dignos
1160 4750 1324 4831 judicaret:
1352 4753 1512 4835 Episcopis
1535 4761 1585 4816 ta-

211 4863 281 4908 men
307 4843 430 4925 plenum
453 4844 632 4908 servabatur
653 4844 692 4907 de
714 4845 803 4909 electi
826 4845 969 4930 dignitate
993 4854 1044 4910 aut
1068 4847 1242 4933 indignitate
1260 4850 1414 4931 judicium,
1437 4852 1517 4935 quod
1535 4855 1586 4937 jus

212 4953 245 5007 ut
269 4943 415 5025 exempla
437 4944 527 5007 multa
550 4945 672 5023 docent,
696 4945 935 5010 constantissime
969 4949 1165 5012 retinuerunt.
1210 4949 1244 5012 ln
1273 4951 1348 5013 actis
1371 4953 1462 5037 igitur
1484 4962 1514 5017 et
1536 4955 1586 5017 in-
