4525 6034
679 564 754 640 516
1054 565 1673 646 OBS'ERVATIONES

675 751 755 814 ratio
779 768 835 815 seu
857 742 935 836 ἁγία
957 737 1101 838 immota,
1123 749 1158 815 fit
1178 751 1268 832 paulo
1284 758 1353 817 ante
1372 751 1622 833 communionem,
1645 771 1712 817 cmo
1734 752 1845 817 dictum
1867 763 1915 818 est
1934 764 2041 820 coactu

619 844 626 853 ⁴
673 853 810 927 cunctim
839 850 878 915 de
901 869 960 934 qua
983 851 1174 941 caeremonia
1196 850 1263 914 luse
1285 851 1396 914 dictum
1424 858 1472 914 est
1500 852 1532 914 in
1562 851 1783 917 Commentario
1813 853 1852 915 ad
1879 853 2041 938 Liturgiam

673 948 774 1013 Easilii
804 950 968 1034 Copticam.
1026 950 1169 1025 Quamvis
1202 951 1296 1034 igitur
1331 950 1407 1014 haec
1440 953 1630 1016 caeremonia
1660 971 1719 1016 non
1746 960 1867 1016 notetur
1897 954 1928 1017 in
1957 962 2041 1018 textu

674 1049 866 1132 Aethiopico,
888 1058 973 1114 recte
995 1050 1192 1114 inversione
1214 1067 1365 1132 expressa
1390 1057 1448 1129 est,
1469 1059 1612 1114 monente
1642 1052 1734 1116 'lesia
1761 1051 1851 1131 Sion,
1882 1054 1931 1134 qui
1958 1053 2041 1119 Ritus

673 1149 832 1215 Ecclesiae
854 1168 928 1214 suae
949 1168 1012 1213 uon
1033 1149 1205 1233 ignorabat.
1248 1149 1356 1232 Neque
1386 1151 1492 1214 mirum
1514 1150 1675 1214 Rubricam
1700 1151 1827 1215 similem
1848 1169 1909 1216 non
1930 1171 2042 1218 occur·

668 1267 744 1312 rere
765 1251 796 1313 in
818 1248 933 1314 Codice
954 1248 1146 1333 Aethiopico,
1169 1268 1236 1313 cum
1265 1251 1295 1312 in
1317 1248 1473 1332 plerisque
1493 1248 1654 1334 liturgiis,
1687 1259 1721 1314 ut
1750 1251 1820 1315 alibi
1850 1251 2040 1317 observatum

673 1357 731 1430 est,
755 1369 833 1433 quae
857 1352 1063 1415 caeremonias
1086 1358 1227 1433 spectant
1249 1349 1380 1413 adscribi
1401 1367 1463 1413 non
1484 1349 1612 1414 soleant.

1096 1645 1159 1717 20.
1203 1646 1336 1740 Corpus
1362 1651 1524 1735 coactura,
1551 1652 1614 1717 etc.

770 1854 845 1934 Uno
867 1874 975 1930 tencre
996 1863 1154 1949 subjicitur
1166 1866 1327 1933 Confessio
1340 1868 1410 1932 hdei
1431 1851 1679 1948 deEueharistia,
1702 1883 1850 1948 expressa
1872 1883 1915 1929 ex
1935 1865 2040 1930 eadem

670 1970 800 2035 formula
823 1987 911 2052 quam
932 1966 1157 2049 Alexandrinae
1178 1971 1333 2056 liturgiae
1350 1970 1467 2035 Graeca
1489 1978 1520 2034 et
1536 1969 1663 2052 Coptica
1685 1976 1926 2052 repraesentant,
1950 1977 1982 2033 ot
2002 1970 2039 2034 de

670 2089 731 2154 qua
752 2070 864 2134 dictum
886 2070 986 2133 estin
1012 2068 1233 2135 Commentario
1263 2072 1301 2134 ad
1328 2071 1460 2136 easdem.
1503 2069 1591 2133 Nulla
1619 2071 1649 2132 in
1677 2070 1773 2133 sacris
1803 2068 1915 2132 Clhoiis
1944 2071 2038 2133 oratio

670 2178 729 2251 est,
751 2189 831 2253 quae
853 2170 958 2250 majori
980 2176 1127 2250 apparatu
1149 2170 1312 2234 recitetur:
1341 2177 1424 2234 tenet
1446 2170 1523 2233 enim
1547 2169 1697 2234 Sacerdos
1725 2170 1757 2232 in
1778 2168 1864 2231 disco
1885 2168 2040 2231 Euchari-

669 2270 747 2333 stico
769 2268 948 2351 particulam
969 2286 1059 2350 mam
1087 2268 1219 2332 elevavit
1246 2279 1277 2333 et
1304 2270 1419 2352 populo
1446 2270 1678 2332 demonstravit:
1707 2277 1839 2350 tuncque
1868 2270 2040 2349 pronuntiat

668 2369 719 2433 illa
742 2369 845 2446 verba,
862 2367 980 2448 Corpus
1000 2369 1139 2431 eoactum
1153 2377 1183 2431 et
1203 2372 1330 2451 scapus
1346 2371 1510 2450 meduno,
1533 2377 1592 2431 etc.
1612 2387 1672 2450 qua
1694 2369 1824 2447 actione,
1847 2376 1879 2430 et
1901 2368 2040 2450 adjuncta

670 2470 809 2533 oratione
832 2485 937 2531 omnes
952 2467 1185 2530 Protestantium
1207 2470 1342 2533 rationes
1366 2477 1554 2536 evertuntur.
1581 2471 1613 2535 Si
1627 2469 1707 2533 enim
1729 2477 1899 2553 agnoscunt
1911 2466 2039 2532 Aethio-

669 2588 736 2651 pes,
758 2568 818 2631 hoc
841 2565 1092 2648 quodSacerdos
1114 2575 1320 2648 manutenet,
1354 2587 1425 2633 esse
1446 2587 1559 2652 corpus
1589 2569 1700 2634 Christi
1729 2569 1863 2648 Domini,
1889 2574 2039 2632 testantur

668 2667 755 2731 simul
778 2666 888 2729 saonam
910 2665 941 2728 id
962 2666 1023 2748 jam
1045 2674 1114 2729 es'se
1138 2668 1248 2731 uirtute
1271 2671 1517 2746 consecrationis,
1540 2688 1601 2734 uon
1622 2687 1694 2733 mox
1716 2668 1825 2731 lactum
1847 2668 1896 2746 iri,
1920 2667 2037 2750 quando

668 2768 893 2833 Sacramentum
914 2765 1096 2846 suscipietur
1122 2784 1140 2828 a
1168 2769 1463 2832 communicantibus.
1512 2768 1619 2850 Neque
1648 2786 1801 2850 reponere
1828 2766 2037 2831 Protestantes

666 2873 806 2948 possunt,
828 2864 987 2947 quidquam
1010 2864 1092 2945 quod
1112 2866 1326 2948 praejudicatis
1348 2867 1467 2932 illorum
1489 2868 1679 2951 opinionibus
1702 2868 1871 2931 conveniat.
1908 2866 2037 2930 Mediam

665 2984 725 3046 quau
747 2966 897 3045 accipitur
918 2982 1031 3044 corpus
1053 2962 1177 3041 curua,
1198 2967 1386 3030 noscentibus
1407 2964 1440 3031 'in
1462 2967 1705 3043 vocitaverant,
1725 2967 1815 3047 fiderat
1837 2986 1906 3029 case
1928 2967 2036 3029 dicuat

666 3066 708 3128 At
729 3083 797 3127 cum
819 3063 971 3128 Sacerdos
994 3064 1112 3145 Coptita
1134 3065 1185 3127 vel
1206 3065 1354 3147 Aethiops
1365 3069 1539 3148 pronuntiat
1551 3065 1759 3132 Confessionis
1782 3064 1894 3129 uerba:
1921 3065 2037 3147 Corpus

667 3173 805 3228 coactum
826 3173 855 3227 et
876 3164 1002 3245 nunquia
1019 3165 1185 3244 pretium,
1209 3163 1383 3231 Sacerdotis
1406 3175 1457 3230 aut
1479 3167 1732 3231 circumstantium
1753 3164 1844 3244 fides,
1876 3164 1952 3229 nihil
1973 3165 2036 3229 eill-

666 3282 739 3328 cere
762 3273 874 3346 potest,
895 3271 929 3325 ut
951 3263 990 3326 sit
1013 3261 1132 3344 Corpus
1155 3271 1186 3327 et
1207 3264 1332 3346 sanguis
1347 3265 1489 3344 -Christi,
1518 3268 1587 3349 quia
1615 3265 1746 3328 nondum
1774 3272 1950 3345 ceccanum,
1980 3264 2035 3328 hoc

667 3372 724 3443 est,
747 3366 913 3427 comedas.
959 3363 1101 3444 Sequitur
1123 3364 1224 3446 itaque
1246 3363 1350 3428 falsam
1380 3385 1452 3429 esse
1475 3365 1719 3443 Confessionem,
1747 3364 1774 3427 si
1795 3364 1877 3427 idem
1898 3364 2034 3442 credunt,

665 3464 747 3545 quod
768 3464 986 3541 Protestantes,
1010 3480 1077 3525 otuu
1098 3461 1179 3525 istud
1201 3463 1281 3545 quod
1300 3466 1497 3528 intermunus
1514 3465 1687 3530 Sacerdotis
1710 3472 1831 3528 tenetur
1852 3470 1885 3526 et
1908 3464 2032 3527 demon-

666 3570 789 3642 stratur,
812 3562 899 3645 panis
923 3562 972 3641 sit,
994 3579 1056 3624 non
1079 3578 1192 3643 corpus
1215 3562 1337 3628 Christi.
1372 3565 1480 3647 Neque
1502 3565 1559 3628 soli
1581 3564 1776 3643 Sacerdotes,
1800 3570 1851 3624 aut
1874 3564 1928 3644 qui
1951 3581 2032 3627 com-

665 3663 836 3725 munionem
858 3679 930 3724 mox
951 3662 1122 3741 suscepturi
1144 3669 1228 3741 sunt,
1260 3664 1302 3725 ita
1331 3663 1511 3746 loquuntur,
1539 3665 1594 3727 sed
1625 3681 1730 3727 omnes
1758 3661 1810 3744 qui
1836 3664 1868 3725 in
1897 3662 2032 3729 Ecclesia

664 3768 744 3823 suot.
789 3760 963 3825 Obscuritas
985 3778 1079 3842 porro
1101 3778 1164 3824 non
1185 3761 1217 3823 in
1238 3763 1340 3826 verbis
1362 3772 1420 3843 est,
1442 3765 1538 3848 magis
1561 3763 1640 3827 enim
1660 3763 1824 3846 perspicua
1853 3780 1928 3826 esse
1956 3761 2032 3825 nulla

575 3910 576 3913 ,
662 3867 803 3942 possunt,
826 3860 880 3924 sed
902 3861 1021 3943 inipso
1044 3861 1198 3942 mysterio,
1222 3868 1253 3924 et
1274 3863 1353 3925 illam
1376 3870 1544 3945 agnoscunt
1568 3862 1757 3937 Orientales;
1786 3859 1858 3924 illud
1881 3860 2030 3924 nibilomi-

662 3978 721 4025 nus
742 3960 927 4024 credondum
948 3978 1018 4031 esse
1041 3957 1169 4037 docent,
1191 3979 1290 4041 aeque
1311 3981 1349 4024 ao
1369 3963 1460 4027 multa
1482 3962 1557 4040 alia,
1590 3960 1829 4044 quae¹sensibus
1851 3968 1884 4024 et
1906 3961 2029 4024 hunum

661 4060 781 4123 ratione
802 4061 961 4142 superiora
982 4066 1061 4123 sunt.
1106 4058 1240 4123 Tandem
1262 4079 1301 4123 ne
1329 4062 1361 4125 in
1390 4062 1517 4126 ahenam
1538 4063 1718 4126 sententiam
1740 4059 1918 4141 detorqueri
1940 4057 2029 4140 possi

661 4159 714 4222 illa
736 4157 907 4236 Confessio,
922 4158 1050 4221 obstant
1072 4160 1296 4240 caeremoniae,
1326 4179 1404 4244 quac
1426 4162 1586 4245 adJunctae
1608 4170 1695 4242 sunt,
1718 4169 1750 4224 ot
1771 4178 1846 4243 quas
1869 4156 2029 4241 explicarit

661 4265 803 4322 accurate
826 4256 948 4321 Gabriel
969 4258 1151 4325 Putriarcha.
1173 4256 1243 4322 Illas
1266 4278 1341 4323 vero
1363 4278 1537 4326 communes
1560 4280 1630 4326 esse
1641 4259 1840 4343 aethiopicae
1860 4258 2026 4334 Ecclesiae,

662 4376 740 4440 quaa
762 4359 800 4422 ab
822 4357 1030 4422 Alexandrina
1050 4358 1191 4422 Ecclesia
1213 4360 1311 4423 omnia
1338 4379 1416 4444 quae
1444 4361 1483 4424 ad
1505 4361 1616 4425 cultum
1638 4362 1769 4425 divinum
1791 4359 1949 4442 pertinent
1975 4373 2027 4418 ac-

662 4460 752 4541 cepit,
775 4476 836 4521 non
858 4467 907 4522 est
929 4457 1129 4522 dubitandum.
1733 4451 1739 4459 “
1763 4515 1765 4519 ,

750 4558 825 4623 Cum
846 4577 922 4623 vero
944 4566 1004 4621 tam
1026 4557 1155 4639 simplex
1177 4566 1208 4621 et
1229 4558 1392 4641 perspicua
1409 4559 1460 4622 illa
1473 4558 1630 4624 Confessio
1653 4560 1699 4636 sit,
1721 4546 1758 4622 ut'
1775 4558 1802 4621 si
1824 4556 1892 4639 quis
1914 4556 1946 4617 iu
1966 4552 2026 4616 llo-

661 4677 750 4723 mana
771 4658 913 4722 Ecclesia
934 4664 1022 4720 natus
1041 4664 1073 4720 et
1084 4657 1240 4739 educatus,
1263 4656 1352 4722 iidem
1368 4658 1406 4721 de
1420 4659 1608 4723 Eucharistia
1625 4677 1709 4722 suurn
1724 4655 1904 4739 explicaret,
1928 4653 2025 4716 verbis

661 4760 759 4821 minus
782 4757 930 4842 ambiguis
952 4756 983 4820 id
1005 4764 1164 4839 praestare
1185 4757 1238 4819 vix
1266 4765 1389 4839 posset,
1416 4767 1448 4821 et
1477 4758 1535 4841 ipsi
1563 4758 1702 4823 Canones
1731 4756 1913 4835 Tridentini,
1942 4751 2024 4835 plura

566 4852 569 4869 '
661 4876 723 4921 uon
746 4858 930 4936 contineant,
952 4875 1041 4920 nemo
1063 4875 1081 4920 a
1103 4854 1232 4920 Ludollo
1255 4874 1317 4922 non
1334 4866 1530 4939 expectasset
1551 4859 1654 4923 doceri
1675 4876 1732 4921 nos
1754 4856 1927 4920 Pontilicios
1948 4870 2024 4936 quo-

660 4956 750 5020 modo
772 4954 952 5040 Aethiopes,
976 4974 1052 5038 quos
1070 4954 1430 5021 transubstantiationem
1452 4958 1596 5042 ignorare
1618 4966 1678 5019 tam
1692 4956 1878 5021 confidenter
1892 4954 2020 5025 affirmat,

661 5056 787 5120 similem
811 5056 1041 5121 Confessiouem
1062 5055 1241 5140 intelligant.
1277 5054 1361 5119 lllam
1382 5074 1456 5120 vero
1480 5075 1519 5119 ne
1540 5057 1703 5121 noruinavit
1724 5055 1860 5140 quidem;
1881 5054 1938 5119 sed
1960 5068 2021 5115 cum
