4525 6034
430 554 608 632 LITURGll
633 554 769 630 BdSllll
795 555 845 630 EX
870 553 1055 632 VERSIONE
1081 555 1257 631 rutel-u
1283 554 1398 630 nisti.
1519 553 1595 627 543

222 739 317 823 vulgo
342 738 561 821 appellabatur,
585 737 676 819 idque
699 757 740 801 ex
767 739 864 801 veteri
894 738 1038 802 instituto.
1091 738 1242 820 Quidquid
1271 740 1365 822 igitur
1395 737 1432 799 od
1463 736 1595 800 Orientis

220 838 341 902 laudem
364 839 497 921 ignatius
522 837 664 901 conterre
687 838 792 919 potuit,
814 837 966 920 expressit
988 837 1047 900 lrac
1062 840 1207 908 oratione.
1241 839 1401 901 Paradisus
1425 840 1454 899 in
1470 838 1595 900 Oriente

220 938 315 1001 luisse
338 937 542 999 verisimiliter
569 937 718 1000 creditur:
749 945 878 1018 quatuor
904 937 988 1000 lluvii
1016 939 1067 1018 qui
1095 937 1165 1000 inde
1193 940 1368 1017 manabant,
1398 936 1435 999 ad
1467 944 1596 1017 quatuor

218 1037 386 1120 Evangelia
410 1036 577 1120 allegorice
599 1035 781 1101 referuntur.
831 1036 983 1099 Haereses
1006 1044 1036 1098 et
1059 1054 1183 1100 errores
1206 1036 1372 1121 gentilium,
1394 1037 1470 1100 turri
1492 1035 1597 1117 Baby-

214 1136 336 1200 lonicae
361 1142 584 1215 comparantur,
609 1154 687 1217 quae
710 1144 776 1198 crat
798 1136 828 1198 in
852 1135 966 1217 campis
989 1137 1140 1216 sennaar,
1169 1137 1235 1199 sive
1259 1135 1409 1200 Chelone:
1440 1144 1529 1217 atque
1558 1152 1596 1198 ea

218 1236 344 1297 ratione
360 1236 506 1299 vertimus
526 1233 725 1313 fundamento
748 1234 951 1311 Cdotoniticc,
974 1254 1042 1298 curu
1064 1235 1198 1299 nisivox
1211 1236 1337 1317 propria
1352 1238 1401 1313 sil,
1423 1234 1595 1317 significare

219 1335 317 1416 possit
340 1333 533 1397 fundamenta
556 1352 697 1397 arenosa.

579 1669 1222 1720 ψ

600 2186 1207 2365 erronem
1320 2403 1326 2408 ,

322 2518 535 2636 unsrun
570 2518 650 2635 nx
686 2477 972 2637 tunsione
1008 2517 1282 2637 nonnula
1317 2519 1490 2640 ulan.

684 2841 853 2913 Precatio
879 2848 960 2913 uate
986 2841 1123 2912 Pacem.

288 3040 478 3141 Aaronom
505 3064 598 3136 Deus
626 3068 681 3159 qui
709 3066 741 3135 in
768 3067 931 3160 principio
957 3064 1108 3139 homines
1136 3065 1259 3136 creasti
1288 3064 1331 3137 ad
1356 3066 1592 3140 immortalita-

218 3189 303 3270 tem,
334 3191 476 3253 mortem
502 3203 606 3277 porro
632 3203 694 3276 per
720 3180 877 3252 invidiam
904 3179 1028 3253 diaboli
1054 3184 1242 3274 ingressam
1270 3184 1302 3252 in
1330 3182 1505 3272 mundum,
1531 3204 1594 3277 per

218 3296 396 3370 salutarem
430 3296 608 3369 adveutum
643 3298 804 3388 unigeniti
838 3294 913 3368 Filii
946 3299 993 3369 tui
1024 3297 1160 3370 Domini
1191 3296 1256 3369 Dei
1292 3307 1326 3368 et
1355 3295 1592 3394 Redemptoris
1700 3343 1706 3349 ·

217 3417 323 3486 nostri
348 3413 430 3484 lesu
458 3411 581 3485 Christi
608 3413 817 3499 destruxisti,
850 3413 1045 3509 viribusque
1072 3435 1204 3485 cassam
1230 3410 1415 3501 reddidisti,
1443 3424 1477 3485 et
1502 3437 1591 3487 coc-

216 3527 292 3601 lesti
320 3552 405 3626 pace
433 3539 554 3601 terram
581 3528 781 3625 implevisti3
809 3537 854 3617 tu,
881 3531 1026 3623 inquam,
1054 3550 1152 3624 quem
1179 3531 1350 3600 exercitos
1378 3531 1477 3600 etiam
1510 3531 1594 3602 An·

216 3646 370 3740 gelorum
392 3643 610 3718 celebrabant
632 3644 793 3731 dicentes
822 3643 936 3717 Gloria
956 3647 989 3715 in
1015 3642 1162 3716 excelsis
1184 3644 1271 3733 Deo,
1298 3654 1397 3739 atquo
1418 3646 1503 3716 inter
1522 3644 1592 3718 ho-

215 3765 322 3834 mines
349 3761 437 3833 bona
465 3760 641 3849 voluntas3
667 3759 763 3856 reple
790 3780 811 3829 o
840 3763 1040 3832 suavissime
1066 3758 1177 3850 Deus,
1212 3758 1315 3848 corda
1350 3768 1466 3832 nostra
1500 3757 1592 3836 bona

216 3876 388 3950 voluntate
416 3889 489 3965 tua,
515 3879 609 3974 pacis
637 3875 879 3963 conciliatrico,
908 3898 1101 3972 expurgans
1127 3897 1191 3948 nos
1219 3877 1308 3947 omni
1335 3873 1412 3946 labe
1439 3887 1473 3948 et
1500 3877 1591 3969 dolo,

217 3997 372 4088 omnique
406 3994 579 4066 simultatis
605 3994 807 4088 pertinacia,
841 4014 928 4085 quae
955 4003 1095 4064 mortem
1122 3994 1256 4064 invitat:
1291 4013 1330 4062 ac
1360 3991 1500 4084 dignare
1526 4018 1590 4069 nos

216 4120 360 4182 mumam
386 4107 483 4180 nobis
510 4112 596 4180 inter
622 4132 685 4182 nos
712 4109 845 4204 precari
871 4130 1002 4203 pacem,
1030 4131 1104 4179 cum
1126 4106 1244 4180 osculo
1268 4117 1386 4180 sancto
1406 4117 1440 4180 et
1458 4109 1589 4184 divino:

215 4234 252 4297 ot
277 4236 436 4321 expertes
464 4228 571 4297 omnis
598 4223 735 4322 culpae,
767 4223 882 4295 fiamus
914 4225 1093 4318 participes
1122 4222 1284 4296 donorum
1312 4233 1439 4295 tuorum
1468 4226 1590 4300 coele-

216 4342 333 4431 stium,
365 4350 400 4412 et
425 4339 672 4430 immortalium,
708 4363 770 4436 per
797 4338 961 4411 Christum
989 4339 1104 4412 Jesum
1131 4338 1309 4412 Dominum
1335 4350 1502 4414 nostrum:
1529 4366 1590 4439 per

82 4505 86 4511 -
217 4478 314 4551 quem
342 4467 375 4529 et
402 4479 477 4529 cum
504 4481 570 4554 quo
598 4457 656 4529 tibi
683 4456 822 4529 debetur
847 4454 976 4547 gloria,
1009 4453 1117 4527 honor
1149 4466 1182 4527 ot
1214 4465 1384 4550 potestas,
1417 4479 1482 4531 uua
1515 4485 1591 4533 cum

217 4575 429 4645 sanctissimo
455 4582 511 4645 tuo
538 4573 683 4669 Spiritu,
709 4573 821 4662 bono,
847 4571 1034 4660 adorando,
1061 4575 1164 4643 vitam
1190 4570 1374 4664 largiente,
1408 4583 1507 4669 atque
1534 4572 1591 4646 tibi

215 4689 250 4757 in
278 4688 463 4761 substantia
491 4687 635 4784 aequali,
662 4711 748 4760 nunc
775 4697 810 4761 et
836 4710 985 4786 semper,
1012 4697 1046 4760 et
1071 4692 1106 4759 in
1132 4688 1268 4762 saccula
1297 4689 1516 4762 saeculorum.

323 4804 486 4897 Populos.
526 4807 647 4877 Amen.

319 4920 505 4992 Sacerdos.
559 4921 634 4992 Pax
661 4930 695 4992 ct
721 4920 938 5015 tranquillitas
965 4917 1118 4992 omnihus
1144 4919 1255 4993 vobis.

319 5035 481 5130 Populus.
533 5034 577 5109 Et
603 5060 677 5109 cunt
704 5039 820 5134 spiritu
846 5047 913 5108 tuo.
