4525 6034
687 533 764 606 492
982 531 1775 613 LITURGIACOllllUNlS

686 723 851 815 ligaveris
884 742 986 817 super
1017 732 1160 811 terram,
1201 704 1264 794 erit
1294 721 1432 815 ligatum
1465 731 1499 794 et
1533 726 1567 795 in
1604 722 1728 796 coelis:
1747 727 1796 795 'et
1830 722 2041 821 quodcumque

687 839 832 914 solveris
859 860 962 934 super
988 847 1124 928 terram,
1152 840 1215 909 erit
1241 839 1381 911 solutum
1408 841 1441 909 in
1469 838 1591 912 coelis:
1619 843 1711 914 servi
1737 841 1838 932 igitur
1860 842 1906 911 tui
1928 851 1959 914 et
1983 863 2041 913 an-

685 955 784 1028 cillae
811 964 889 1027 tuae
910 951 1135 1029 absolvantur
1162 977 1223 1026 ore
1255 955 1425 1026 Trinitatis
1460 966 1615 1047 sanctae,
1642 957 1769 1045 Patris,
1804 955 1879 1027 Filii
1913 968 1943 1029 ot
1967 958 2041 1052 Spi-

685 1077 769 1143 ritus
797 1072 919 1143 sancti:
947 1078 981 1139 et
1006 1067 1048 1141 ab
1076 1090 1137 1141 ore
1164 1074 1230 1141 mei
1256 1074 1447 1166 peccatoris
1475 1081 1509 1143 et
1534 1094 1677 1167 nequam
1703 1075 1796 1143 servi
1824 1075 1878 1143 tui.
1913 1073 2041 1146 Domine

685 1189 780 1261 Deus
806 1194 943 1271 noster,
978 1194 1013 1256 tu
1044 1206 1083 1258 es
1120 1188 1175 1280 qni
1202 1185 1291 1258 tollis
1324 1197 1466 1282 peccata
1498 1187 1624 1260 mundi:
1656 1190 1789 1282 suscipe
1822 1192 2043 1284 poeniteutiam

685 1324 862 1378 servorum
890 1313 1032 1389 tuorum,
1061 1309 1096 1372 et
1122 1302 1316 1374 anciDarum
1343 1313 1491 1375 tuarum:
1519 1307 1646 1376 exoriri
1671 1303 1726 1377 lac
1745 1324 1846 1400 super
1862 1325 1921 1377 eos
1944 1304 2044 1375 lumen

683 1424 789 1508 vitae,
816 1427 850 1488 et
876 1416 1001 1488 dimitte
1027 1416 1091 1488 illis
1118 1428 1258 1513 peccata
1286 1440 1402 1490 eorum
1429 1421 1506 1514 quia
1532 1416 1698 1513 benignus
1725 1430 1759 1492 et
1790 1423 1976 1493 misericors
2000 1442 2044 1507 es,

685 1538 829 1610 Domine
856 1533 948 1641 Deus
975 1544 1101 1623 nostem
1127 1534 1328 1627 longanimis
1360 1545 1395 1607 et
1428 1534 1550 1607 multae
1583 1535 1854 1627 misericordiae,
1884 1538 2045 1630 justusque

683 1675 786 1740 vere;
813 1653 842 1723 si
857 1652 1108 1746 peccaverimus
1128 1646 1187 1722 tibi
1199 1650 1354 1739 Domine,
1380 1648 1508 1742 verbis,
1531 1651 1702 1748 operibus,
1728 1664 1786 1725 aut
1803 1652 2044 1746 cogitationibus

685 1770 829 1855 nostris,
865 1771 1015 1854 remitte,
1051 1767 1150 1839 solve
1185 1777 1220 1838 et
1254 1764 1473 1856 obliviscere,
1508 1771 1585 1862 quia
1617 1778 1653 1841 tu
1679 1766 1843 1862 benignus
1869 1779 1903 1841 et
1926 1780 2046 1841 amator

684 1884 851 1956 homiuum
877 1905 926 1971 es,
953 1882 1097 1956 Domine
1122 1881 1216 1955 Deus
1243 1892 1370 1973 noster,
1396 1893 1531 1978 praesta
1557 1906 1620 1957 nos
1638 1907 1754 1957 omnes
1778 1884 2044 1974 absoluturos,

686 2021 886 2094 omnemque
913 1998 1010 2072 simul
1035 1998 1193 2095 populum
1220 1998 1371 2073 absolve.

788 2116 943 2190 Absolve
969 2117 1111 2189 Domine
1138 2114 1363 2188 Patriarcham
1396 2125 1546 2190 nostrum
1571 2113 1671 2189 Abba
1704 2114 1745 2187 N.
1782 2125 1992 2212 sanctumque
2016 2124 2046 2189 et

684 2231 817 2305 beatum
850 2231 1098 2330 Metropolitum
1129 2242 1281 2304 nostrum
1306 2231 1347 2304 N.
1383 2253 1566 2327 omnesque
1601 2230 1829 2321 Patriarcbas,
1855 2231 2044 2329 Episcopos,

683 2347 888 2422 Sacerdotes
916 2359 950 2421 et
975 2348 1167 2439 Diaconos,
1194 2370 1458 2443 imumquemque
1492 2370 1553 2419 suo
1586 2352 1729 2420 nomine.
1782 2348 1957 2422 Conserva
1989 2369 2045 2421 eos

683 2464 782 2537 nobis
815 2487 878 2560 per
912 2486 1017 2538 annos
1048 2464 1170 2536 multos
1204 2475 1238 2535 et
1270 2463 1582 2559 desudantibus,
1619 2487 1693 2536 cum
1722 2468 1852 2557 justitia
1891 2475 1924 2537 et
1956 2486 2044 2560 pace.

685 2579 839 2652 Absolve
865 2582 1007 2652 Domine
1034 2580 1165 2672 Regem
1191 2588 1341 2653 nostrum
1369 2579 1410 2652 ab
1438 2583 1528 2651 omni
1553 2579 1688 2652 vinculo
1714 2585 1856 2675 pcccati.

788 2696 957 2769 Memento
983 2696 1127 2768 Domine
1153 2700 1299 2768 omnium
1324 2699 1380 2791 qni
1407 2694 1636 2769 dormitionem
1655 2708 1870 2792 acceperuut,
1895 2707 1929 2768 et
1955 2698 2045 2791 quie-

683 2821 806 2884 venmt
831 2815 865 2883 in
891 2811 956 2884 fide
984 2811 1118 2902 cluso,
1145 2823 1179 2884 et
1205 2834 1379 2905 congrega
1408 2816 1535 2884 animas
1567 2834 1684 2885 eorum
1715 2815 1748 2884 in
1774 2815 1850 2885 sinu
1875 2811 2045 2901 Abrabam

682 2929 780 3001 Isaac
807 2939 842 3000 ct
867 2929 984 3001 Jacob.
1036 2928 1161 3002 Libera
1189 2931 1289 3001 etiam
1315 2951 1379 3003 nos
1407 2928 1449 3002 ab
1487 2931 1575 3001 omni
1601 2939 1760 3024 peccato,
1796 2938 1831 3001 ct
1863 2928 2045 3003 maledicto:

683 3045 726 3118 ab
760 3049 848 3117 omni
886 3045 1129 3137 abnegatione,
1164 3055 1199 3117 et
1233 3049 1397 3142 perJurio:
1432 3045 1473 3118 ab
1507 3048 1597 3117 omni
1631 3047 1864 3118 communione
1896 3045 2044 3142 perfidiae

682 3161 926 3235 haereticorum
960 3172 995 3234 et
1026 3161 1208 3254 gentilium.
1261 3161 1314 3234 Da
1346 3163 1444 3236 nobis
1477 3183 1537 3234 cor
1570 3172 1604 3233 et
1634 3160 1899 3253 intelligentiam,
1934 3172 1970 3234 ut
1992 3160 2044 3233 lu·

683 3281 812 3370 giamus
840 3278 882 3352 ab
910 3278 1063 3357 omnibus
1097 3278 1346 3374 operationibus
1380 3288 1534 3351 satanae:
1569 3276 1882 3370 iconomachis,
1914 3290 1951 3350 ut
1981 3301 2044 3351 vo-

685 3394 845 3466 luntatem
871 3404 962 3467 tuam
988 3394 1148 3468 faciamus
1174 3398 1264 3468 omni
1290 3406 1456 3491 tempore,
1489 3404 1525 3466 ct
1556 3393 1668 3467 scribe
1699 3398 1833 3467 nomina
1870 3405 1984 3469 nostra
2016 3398 2043 3465 iu

681 3532 790 3602 regno
818 3511 1002 3601 coelorum,
1029 3510 1125 3585 simul
1153 3534 1240 3582 cum»
1254 3509 1405 3584 omnibus
1428 3512 1526 3603 justis
1553 3518 1587 3581 et
1606 3509 1824 3604 martyribus:
1851 3533 1914 3605 per
1939 3512 2044 3585 lesum

685 3623 851 3698 Christum
882 3627 1059 3700 Dominum
1091 3637 1261 3716 nostrum,
1293 3649 1355 3722 per
1387 3649 1502 3722 mem,
1535 3648 1610 3697 cum
1637 3647 1723 3720 quo,
1757 3636 1792 3698 ot
1822 3648 1897 3698 cum
1931 3627 2043 3724 Spiritu

684 3754 823 3831 sancto,
857 3741 915 3814 tibi
942 3753 995 3816 est
1034 3743 1144 3836 gloria
1178 3753 1212 3815 et
1245 3752 1415 3838 potestas,
1450 3765 1537 3813 nunc
1563 3750 1597 3813 et
1623 3763 1760 3837 semper
1786 3750 1820 3813 et
1858 3744 2043 3816 insaecula

682 3858 902 3932 saeculorum.
954 3861 1075 3935 Amen.

784 3977 972 4049 Diaconos.
1023 3977 1247 4072 Aspiciamus.
1299 3974 1485 4069 Sacerdos.
1529 3973 1588 4046 18.
1615 3971 1738 4045 Sancta
1764 3976 1898 4046 sanctis.

684 4074 686 4079 ¹
784 4091 947 4185 Populus.
1001 4091 1063 4165 19.
1093 4090 1187 4164 Unus
1214 4092 1315 4164 Pater
1349 4101 1503 4166 sanctus:
1537 4112 1623 4162 unus
1648 4088 1752 4162 Filius
1785 4098 1938 4163 sanctus:
1969 4108 2042 4161 mus

681 4206 822 4304 Spiritus
850 4218 995 4282 sanctus.

785 4323 970 4396 Sacerdos.
1023 4323 1185 4398 Dominus
1212 4322 1405 4396 vobiscum

782 4440 943 4533 Populus.
995 4439 1141 4512 Etcum
1167 4442 1375 4536 spiritutuo.

783 4554 973 4631 Sacerdos„
1022 4555 1166 4629 Domine
1191 4557 1273 4630 lesu
1300 4555 1432 4628 Christe
1457 4556 1618 4627 miserere
1643 4555 1762 4626 nostri:
1790 4560 1825 4625 c't
1850 4561 1904 4625 ter
1931 4579 1954 4626 u
1976 4577 2038 4648 po-

672 4672 756 4765 pulo
783 4673 983 4766 replicatur.

782 4788 970 4859 Sacerdos.
1014 4790 1075 4863 20.
1111 4787 1243 4884 Corpus
1270 4796 1439 4876 sanctum,
1470 4790 1671 4883 pretiosum,
1704 4787 1837 4876 vivum,
1869 4796 1903 4858 et
1934 4806 2039 4860 vemm

680 4907 814 4975 Domini
842 4915 875 4976 et
902 4904 1082 4979 salvatoris
1109 4907 1215 4977 nostri
1238 4903 1322 4976 lesu
1344 4903 1479 4995 Christi,
1506 4902 1594 4998 quod
1626 4901 1722 4975 datur
1753 4903 1796 4974 ad
1820 4904 2039 4977 remissionom

678 5031 905 5118 peccatorum,
933 5033 966 5095 et
992 5024 1095 5096 vitam
1122 5031 1293 5094 aeternam
1319 5020 1573 5117 suscipientibus
1599 5018 1679 5093 illud
1704 5042 1780 5092 cum
1805 5019 1878 5091 lide.
1932 5019 2038 5091 Amen.
