4525 6034
680 544 757 620 206
1185 541 1546 619 tttuneln

680 728 750 804 Sed
776 732 810 801 in
835 727 1051 820 benignitate,
1079 730 1209 820 gratia,
1237 735 1271 797 et
1296 724 1547 818 longanimitate
1574 737 1646 813 tua,
1674 728 1816 799 animum
1843 727 2042 814 confirmans,

678 845 837 941 Spiritum
864 855 954 916 tuum
981 856 1130 918 sanctum
1158 853 1250 939 peto,
1274 852 1312 912 nt
1336 844 1447 914 mittas
1475 865 1550 914 eum
1576 862 1679 938 super
1705 863 1776 929 me,
1804 853 1838 913 et
1864 865 1964 938 super
1988 841 2042 914 has

679 960 867 1033 oblationes
894 964 1099 1055 propositas,
1125 957 1350 1055 populumque
1376 967 1466 1029 tuum
1491 956 1632 1029 fidelem.

784 1076 969 1147 Sacerdos.
1022 1074 1155 1146 Exaudi
1185 1096 1251 1158 me,
1277 1073 1432 1144 Domine.

785 1191 946 1284 Popadua.
999 1191 1104 1287 Kyrie
1132 1189 1276 1274 eleison,
1303 1187 1410 1284 llyrie
1437 1187 1582 1278 eleison,
1607 1188 1714 1283 Kyrie
1741 1188 1879 1260 eleison.

786 1305 970 1377 Sacerdos.
1023 1305 1091 1376 Per
1119 1301 1136 1338 ⁴
1161 1303 1313 1397 illapsum
1340 1312 1463 1391 autem,
1489 1313 1524 1374 et
1540 1303 1827 1377 obumbrationem
1843 1326 1951 1393 suam,
1978 1304 2044 1375 effi-

679 1427 745 1495 ciat
771 1444 892 1518 panem
919 1421 1050 1517 quidem
1076 1422 1176 1492 istum
1201 1426 1222 1500 †
1248 1440 1371 1513 corpus
1397 1421 1515 1490 vivum
1541 1428 1576 1490 et
1600 1421 1704 1491 vitam
1728 1427 1905 1514 praestans
1919 1423 2044 1490 anima·

680 1535 744 1608 bus
769 1539 915 1625 nostris,
951 1543 1121 1630 †corpus
1149 1532 1313 1619 salutare,
1346 1540 1367 1614 †
1399 1555 1522 1627 corpus
1556 1534 1723 1610 coeleste:
1760 1556 1884 1629 corpus
1919 1534 2045 1609 salvans

682 1656 808 1725 animas
842 1661 876 1722 et
912 1673 1056 1746 corpora
1091 1658 1225 1736 nostra,
1260 1670 1383 1743 corpus
1409 1650 1544 1721 Domini
1570 1651 1635 1722 Dei
1670 1661 1703 1721 et
1729 1650 1918 1722 Salvatoris
1951 1655 2047 1723 nostri

680 1769 762 1840 lesu
790 1766 930 1854 Chinati,
958 1766 1000 1837 ad
1027 1769 1258 1838 remissionem
1284 1775 1518 1859 peccatorum,
1555 1775 1589 1835 et
1624 1770 1726 1838 vitam
1754 1776 1942 1854 aeternam,
1978 1765 2047 1838 illud

587 1882 593 1896 '
681 1881 945 1978 suscipientibus.

785 1997 947 2089 Populus.
1000 1997 1120 2069 Amen.

786 2111 970 2183 Sacerdos.
1023 2110 1068 2182 Et
1092 2114 1222 2183 mistum
1250 2108 1338 2204 quod
1365 2112 1399 2180 in
1424 2109 1489 2182 hoc
1515 2110 1622 2183 calice
1648 2121 1700 2183 est
1725 2113 1844 2187 efficiat
1867 2121 1888 2195 †
1915 2117 2049 2205 sangni-

680 2252 759 2302 nem
785 2232 900 2299 vivum
927 2235 962 2297 et
988 2227 1090 2298 vitam
1116 2235 1292 2319 praestans
1320 2224 1491 2297 animabus
1517 2237 1665 2298 nostrum
1693 2231 1849 2316 omnium,
1873 2232 2047 2321 isangri-

681 2366 758 2416 nem
786 2342 977 2431 salutarem,
1003 2349 1024 2423 †
1051 2343 1247 2432 sanguinem
1274 2340 1468 2430 coelestem,
1494 2344 1692 2433 sanguinem
1717 2341 1906 2414 salvantem
1931 2346 2049 2416 animas

681 2469 817 2532 nostras
845 2467 879 2528 et
904 2478 1065 2552 corpora,
1093 2459 1289 2547 sanguinem
1316 2456 1450 2527 Domini
1476 2457 1541 2529 Dei
1569 2467 1602 2528 et
1627 2457 1815 2530 Salvatoris
1841 2462 1948 2530 nostri
1976 2459 2049 2532 Jesu

682 2575 822 2662 Christi,
857 2572 900 2644 ad
936 2576 1166 2646 remissionem
1200 2581 1415 2665 peccatorum
1448 2581 1482 2643 et
1513 2575 1618 2643 vitam
1652 2583 1823 2645 aeternam
1861 2596 1902 2645 ea
1942 2578 2049 2646 susci-

681 2689 857 2787 pientibus.

787 2803 950 2897 Populos.
1003 2802 1123 2873 Amen.
1492 2885 1498 2894 Ι

786 2920 970 2991 Sacerdos.
1031 2917 1222 2989 Secundum
1264 2928 1373 2989 autem
1413 2916 1623 2990 traditionem
1662 2926 1697 2989 et
1736 2919 2050 2993 commendationem

686 3036 830 3107 divinam
858 3056 992 3122 eorum,
1026 3037 1081 3128 qui
1108 3043 1317 3128 spectatores
1342 3032 1474 3106 fuerunt
1499 3036 1733 3128 mysteriorum
1761 3042 1911 3124 tuorum,
1939 3047 1976 3107 et
1999 3040 2050 3106 in-

682 3160 849 3246 terpretes
877 3148 1073 3222 mirabilium
1102 3157 1251 3238 tuorum,
1284 3147 1528 3221 Eucharistiam
1560 3147 1645 3221 hanc
1678 3149 1847 3222 offerimus
1877 3161 2051 3223 coramtc

683 3267 837 3353 Domine,
865 3275 900 3336 et
924 3287 986 3361 per
1013 3286 1086 3335 eam
1114 3285 1413 3337 commemoramus
1439 3268 1610 3336 caritatem
1637 3276 1726 3336 tuam
1753 3287 1836 3355 erga
1862 3288 1946 3356 nos,
1979 3270 2050 3339 uni-

682 3402 886 3474 versamque
914 3380 1195 3474 dispensationem
1220 3382 1381 3470 unigeniti
1408 3382 1453 3450 tui
1479 3383 1512 3449 in
1545 3378 1609 3451 hoc
1644 3377 1784 3466 mundo,
1820 3391 1857 3451 ut
1889 3391 1927 3453 tu
1961 3386 2049 3454 etiam

683 3495 875 3566 recorderis
901 3518 964 3591 per
990 3517 1082 3582 eam,
1115 3494 1364 3565 misericordiae
1391 3492 1449 3564 tibi
1476 3499 1675 3585 congenitae
1702 3502 1736 3564 et
1762 3494 1941 3584 naturaliS,
1975 3519 2052 3591 quae

681 3609 765 3682 hora
793 3631 999 3704 quacumque
1025 3630 1126 3704 super
1153 3619 1324 3680 creaturas
1351 3617 1425 3680 tuas
1452 3608 1657 3696 diffunditur,
1692 3620 1725 3681 et
1759 3632 1823 3684 nos
1855 3613 1983 3707 eripias
2014 3610 2050 3683 ab

683 3729 732 3795 ira
760 3726 880 3818 iniquis
906 3734 1094 3809 reservata,
1122 3733 1155 3795 et
1182 3747 1202 3792 a
1229 3723 1398 3818 suppliciis
1426 3728 1632 3818 operantium
1657 3730 1845 3820 nequitiam,
1874 3736 1909 3797 et
1937 3750 2052 3799 acru-

683 3838 748 3911 deli
779 3842 1026 3935 impugnatione
1058 3839 1275 3926 daemonum,
1311 3843 1366 3933 qui
1400 3849 1594 3936 oppugnant
1628 3844 1756 3913 animas
1787 3851 1944 3932 nostras,
1985 3865 2053 3914 cum

682 3953 758 4025 hinc
784 3953 966 4026 exibimus:
993 3976 1123 4048 nosque
1142 3954 1263 4046 dignos
1282 3952 1404 4027 cilicias
1426 3976 1532 4047 regno
1557 3966 1625 4045 tuo,
1653 3965 1691 4026 et
1707 3954 1904 4029 habitaculis
1931 3980 2051 4043 eornm,
2130 3947 2133 3951 ⁵

684 4072 739 4163 qui
766 4078 990 4142 servaverunt
1015 4078 1197 4163 praecepta
1223 4080 1297 4156 tua,
1331 4081 1365 4141 et
1391 4069 1576 4143 referemus
1603 4069 1661 4142 tibi
1687 4072 1831 4162 gloriam
1858 4083 1893 4144 et
1925 4078 2053 4165 gratia-

682 4206 755 4256 mm
781 4187 964 4272 actionem,
992 4193 1055 4256 etc.

787 4300 947 4392 Populea.
1000 4300 1120 4373 Amen.

787 4414 963 4486 Sacerdos
990 4414 1182 4485 inclinatus.
1236 4412 1358 4488 Verbis
1386 4418 1449 4487 tuis
1476 4438 1543 4487 non
1569 4416 1802 4508 mendacibus,
1832 4420 2053 4512 doctrinisque

684 4513 913 4602 veracissimis
947 4533 1011 4601 tuis
1048 4530 1161 4602 dixisti
1187 4528 1348 4619 Domhne,
1382 4534 1561 4603 maximnm
1592 4554 1670 4605 esse
1702 4533 1860 4623 gaudium
1892 4536 1927 4605 in
1960 4532 2053 4606 coelo

685 4648 778 4715 etin
804 4655 894 4716 terra
922 4667 1024 4740 super
1049 4668 1117 4717 uno
1144 4654 1325 4740 peccatore
1351 4649 1586 4740 poenitentiam
1613 4659 1746 4739 agente.
1785 4648 1934 4722 Laetare
1958 4653 2055 4741 igitur

683 4779 771 4831 nnnc
797 4760 962 4849 Domine,
989 4763 1022 4830 in
1050 4763 1276 4832 conversione
1303 4781 1478 4834 servorum
1513 4773 1660 4852 tuorum,
1697 4767 1753 4858 qui
1787 4785 1905 4837 coram
1937 4775 1973 4835 te
2006 4761 2055 4832 hic

686 4879 891 4964 consistunt3
918 4875 1062 4970 adjunge
1089 4881 1189 4950 etiam
1226 4877 1463 4948 exultationem
1497 4877 1539 4948 de
1571 4877 1687 4965 nobis,
1720 4880 1895 4952 animabus
1929 4883 2055 4975 piorum

673 4979 722 5059 ct
758 4993 947 5082 justorum,
987 4992 1142 5082 Patrum,
1180 4990 1467 5082 Patriarchamm,
1506 4992 1762 5088 Prophetarum,
1804 4995 2056 5092 Apostolomm,
