4525 6034
461 623 503 698 iu
528 619 736 698 munins
761 612 1018 693 noufflosionu
1043 607 1263 688 sumnus.
1471 603 1545 676 471

177 836 243 885 coa
269 808 407 884 Corbuu
432 811 602 906 sipnipicet
626 804 783 877 Arabice
810 801 1066 874 Eucharistiam
1095 801 1132 867 in
1164 796 1241 867 ioco
1268 816 1365 888 quem
1391 796 1478 893 citat
1505 815 1552 863 ss

177 931 334 1013 canone
362 925 535 997 Cosanum
560 927 842 1015 Ancyranorun:
866 915 1042 1008 Lndotsus.
1085 909 1198 1003 Vulgo
1225 931 1358 1005 quoque
1385 909 1553 1002 significat

176 1064 296 1138 punem
323 1051 357 1114 et
389 1044 504 1114 vinum
536 1038 748 1112 benedictum
781 1039 815 1106 iu
848 1055 945 1105 sucro
976 1030 1103 1104 Coeno.
1164 1029 1214 1099 At
1248 1028 1552 1119 interpretationes

177 1156 257 1227 ittae
285 1157 402 1250 fabae
434 1163 519 1228 sunt.
581 1153 672 1224 Nam
706 1155 742 1222 in
773 1154 887 1244 prirrso
921 1148 1109 1219 certissime
1145 1146 1261 1238 apitur
1294 1143 1337 1214 de
1371 1143 1552 1215 oblatione

177 1275 353 1364 sacrificii,
379 1294 448 1344 non
475 1272 518 1343 de
543 1270 750 1343 sacrmenti
777 1264 1024 1336 distributione.
1058 1260 1142 1346 (tuis
1167 1280 1250 1328 cero
1277 1259 1345 1327 nisi
1367 1256 1461 1351 apud
1473 1257 1551 1326 Lu-

179 1388 342 1461 ttseranos
374 1411 515 1460 coenam
548 1384 755 1457 distribuere
787 1382 906 1453 dicit?
949 1380 1021 1449 Aut
1054 1379 1130 1470 quis
1156 1374 1291 1445 tandem
1317 1376 1347 1445 is
1372 1374 1553 1444 minister?

177 1504 394 1575 insecundo
420 1524 522 1575 error
547 1500 667 1572 similis
673 1552 684 1587 ,
711 1519 820 1592 neque
847 1499 934 1567 enim
957 1495 1004 1564 de
1030 1491 1256 1565 Enobars'stia
1282 1492 1396 1582 opitur
1422 1487 1484 1557 sed
1509 1486 1552 1556 de

177 1619 324 1711 fidetium
351 1617 588 1690 oblationibus.
618 1615 659 1686 In
686 1617 792 1686 tertia
816 1616 929 1685 sciens
956 1615 991 1683 et
1016 1609 1132 1680 solens
1155 1609 1324 1698 peccauit,
1352 1625 1420 1674 non
1446 1606 1553 1673 miuus

180 1741 302 1806 contra
327 1735 612 1837 sipnificationem
637 1730 898 1823 Aethiopicam,
932 1749 1032 1821 qnam
1058 1729 1182 1795 contra
1207 1719 1413 1812 Aetbiopum
1442 1719 1553 1811 fidens,

181 1853 238 1944 qui
271 1856 518 1922 sacramentum
554 1846 689 1941 quando
721 1842 1041 1916 communicantibus
1073 1838 1305 1923 distribuitur,
1344 1857 1413 1906 non
1451 1833 1554 1904 aliter

183 1973 310 2037 nocant
335 1988 435 2060 quam
461 1984 583 2058 corpus
610 1971 644 2033 et
662 1963 858 2053 sanguinem
879 1958 1009 2032 Christi.
1043 1954 1190 2026 Nndtum'
1205 1957 1322 2046 itaque
1349 1957 1400 2021 tot
1425 1949 1554 2021 absur-

180 2083 299 2152 darum
325 2082 644 2173 interpretationum
669 2080 840 2148 rationem
865 2079 986 2145 merito
1012 2072 1197 2157 babuimus,
1227 2091 1296 2139 non
1321 2069 1430 2159 mapis
1456 2089 1555 2159 quam

181 2196 325 2268 aliorsum
352 2219 437 2289 quas
462 2199 498 2266 in
523 2196 616 2265 notis
642 2190 898 2286 eapticabimns.
1549 2180 1553 2185 ’

283 2311 437 2381 Primam
462 2310 555 2380 ittam
581 2314 676 2400 eujus
701 2310 891 2378 versionem
917 2307 1045 2395 damus,
1071 2313 1197 2377 vocam
1222 2307 1424 2400 Aetbiopes,
1438 2304 1555 2378 Litus-

182 2431 269 2520 gism
295 2426 546 2522 Apostolorum,
577 2431 615 2495 ut
640 2429 846 2494 notacerunt
872 2427 930 2517 qui
956 2423 1138 2493 editionem
1164 2430 1372 2495 curaverunt
1397 2427 1433 2494 in
1460 2430 1556 2515 aas·

179 2546 253 2614 'dem
279 2542 368 2637 fine:
394 2543 437 2612 de
463 2562 528 2635 quo
557 2539 654 2611 tituto
681 2545 718 2609 ut
744 2539 787 2610 de
812 2540 970 2633 reliquis,
1006 2542 1181 2632 sufficiunt
1212 2563 1301 2634 quae
1327 2542 1370 2611 de
1396 2540 1462 2611 boc
1488 2564 1555 2610 ar-

48 2744 51 2747 ,
182 2666 336 2754 premente
352 2658 499 2729 diuinus
516 2660 552 2728 in
570 2657 826 2728 Dissertatione
837 2659 994 2748 praecia,
1022 2678 1099 2726 nam
1118 2655 1179 2726 itta
1195 2679 1263 2728 non
1277 2660 1385 2729 minus
1403 2655 1557 2727 Aetbio-

179 2778 268 2868 picis
296 2796 395 2867 quan
421 2772 500 2843 abiis
527 2769 758 2843 Orientalibus
783 2771 951 2866 Liturpiis
982 2774 1195 2842 conaeninnt.
1252 2771 1431 2843 Habentur
1465 2772 1558 2842 atine

180 2896 368 2984 praeterea
394 2909 513 2959 nonem
540 2886 568 2957 1.
594 2888 742 2978 toanpis
766 2887 1019 2982 Eaanpetistae.
1046 2886 1092 2956 ΙΙ.
1119 2886 1262 2958 Patrnun
1281 2887 1557 2959 Ortbodouorum

184 3006 416 3076 Nicaenorum
443 3000 653 3075 cccxviii
706 3000 772 3072 111.
807 3003 843 3074 S.
870 3003 1060 3096 Epipbanii
1087 3002 1290 3075 Ortbodaui.
1342 3006 1362 3076 1
1369 3003 1405 3076 V.
1432 3002 1559 3076 taram

184 3120 395 3216 Serupensis.
429 3118 466 3191 V.
492 3119 641 3191 Joannis
666 3116 904 3211 Cbnpsostomi.
938 3118 992 3191 VI.
1020 3118 1161 3190 Domini
1186 3124 1298 3191 nostri
1322 3122 1407 3192 desa
1433 3119 1561 3191 Cbristi

191 3260 277 3332 puae
304 3236 399 3306 edito
425 3240 476 3306 est
503 3257 577 3304 cum
598 3238 723 3327 prima,
750 3235 797 3304 ad
821 3236 922 3325 finem
948 3233 1041 3304 Noai
1071 3235 1286 3306 Testamenti.
1321 3234 1395 3309 VH.
1423 3235 1559 3308 &Ma-

187 3357 264 3423 riae
290 3375 390 3446 quom
415 3352 555 3444 scripsit
579 3350 769 3438 Heriacos,
802 3350 858 3420 aet
883 3350 1057 3443 Kpriacus
1082 3350 1374 3445 Arabiepiscopus
1400 3353 1561 3424 Bebnsae

187 3470 327 3555 ibidem,
345 3468 450 3539 edita.
485 3464 579 3538 VIII.
596 3465 633 3537 S.
653 3468 816 3561 Greporii
835 3467 1007 3562 Tbeotopi.
1033 3466 1097 3537 IX.
1112 3466 1279 3538 Dioscori
1293 3492 1392 3562 quam
1406 3469 1561 3542 Aetbio-

185 3586 262 3676 pice
288 3590 323 3654 et
350 3584 478 3654 Latine
511 3580 728 3656 Wandebius
754 3583 863 3653 edidit
888 3584 1039 3656 Londini
1063 3581 1249 3656 MDCLXI.
1283 3586 1367 3657 Illas
1385 3585 1562 3657 ‘babuerat

188 3722 232 3770 ec
251 3699 380 3771 Codice
400 3698 559 3769 Eduardi
578 3697 747 3769 Pococtsii
773 3705 808 3770 et
833 3700 1075 3793 descripserat,
1103 3698 1402 3795 apoprapbumque
1428 3700 1563 3772 ittarum

188 3815 330 3886 babetur
363 3818 400 3885 in
435 3813 657 3884 Bibliotheca
689 3814 769 3886 RB.
803 3814 878 3885 PP.
911 3814 1202 3886 Praedicatoram
1236 3819 1273 3885 in
1306 3815 1373 3887 bac
1406 3817 1491 3888 urbe
1517 3817 1564 3887 ad

188 3938 336 4002 sanctum
370 3930 600 4018 Honoratum,
634 3953 681 4000 es
712 3930 827 4026 tepato
861 3930 905 4001 D.
941 3931 1111 4003 Ludaeici
1144 3931 1294 4025 Pieques
1326 3930 1494 4003 Doctoris
1527 3938 1562 4003 et

190 4045 284 4118 Socii
309 4046 507 4118 Sorbonici.
560 4045 650 4117 tuna
675 4046 861 4140 esennptum
886 4047 967 4117 mibi
993 4048 1139 4143 benipne
1166 4050 1423 4118 communicarit
1449 4048 1494 4119 R.
1521 4047 1563 4117 P.

191 4162 338 4235 bticbael
364 4162 518 4256 Lepuien
544 4162 705 4233 doctrina
731 4169 766 4234 et
792 4163 943 4235 editione
970 4186 1109 4257 operum
1130 4163 1167 4234 S.
1188 4164 1335 4236 Joannis
1352 4162 1565 4235 Darnasceni

190 4281 388 4349 notissimus.
437 4275 519 4347 Cum
544 4276 680 4349 ittarsnn
705 4282 895 4351 versionem
920 4279 1000 4350 truie
1027 4280 1223 4353 cottectioni
1248 4281 1435 4372 &sapere
1462 4283 1564 4375 copi-

193 4399 366 4481 tasscmus,
396 4393 434 4463 id
460 4415 506 4463 ec
535 4396 637 4464 unico
657 4417 721 4465 nec
739 4399 918 4488 primaeuo
940 4396 1130 4487 exemplari
1149 4397 1230 4487 fieri
1247 4399 1308 4466 cic
1324 4418 1429 4489 posse
1449 4415 1564 4488 opno-

191 4512 310 4597 oimus,
334 4515 369 4580 et
391 4508 505 4580 inutili
522 4508 636 4580 labori
653 4512 917 4604 supersedimus:
937 4517 1013 4581 tota
1030 4514 1117 4582 enim
1132 4500 1313 4608 Liturpiae
1334 4511 1566 4603 Aetbiopieae

192 4624 367 4717 dispositio
389 4646 436 4695 ea
451 4626 568 4717 prima
590 4632 749 4719 pecatum
768 4649 854 4720 opus
875 4634 927 4701 est
946 4627 1157 4724 inteltipitur.

608 4928 1141 4971 “ss-
