4525 6034
416 550 717 628 lGllATll
768 549 1401 644 burnunculum.
1537 550 1612 625 515

340 737 516 808 Sacerdos
553 737 746 809 inclinatos.
804 737 974 809 Memento
1009 737 1153 811 Domine
1182 739 1312 811 Mariae
1345 741 1515 831 genitricis
1548 739 1613 809 Dei

237 875 371 950 semper
396 854 566 946 Virginis,
592 855 733 926 loannis
759 854 948 950 Baptistae,
974 854 1216 949 Apostolorum
1243 867 1453 944 sauctorum,
1488 854 1612 927 Evan-

235 968 316 1060 gelii
344 970 628 1058 annuntiatorum,
656 973 865 1064 omniumque
890 968 1150 1065 Prophetarum,
1179 970 1381 1063 videntium,
1413 976 1543 1067 piorum
1578 984 1613 1046 et

232 1089 412 1178 justornm:
440 1087 546 1157 sancti
573 1084 750 1181 Stephani,
777 1085 980 1181 Martyrum,
1014 1085 1273 1175 Conlesscrum,
1307 1099 1341 1160 et
1374 1093 1524 1161 omnium·
1554 1092 1610 1184 qui

236 1200 432 1296 placuerunt
458 1198 622 1272 voluntati
649 1212 744 1291 tuae,
773 1200 814 1273 ab
841 1201 974 1274 Adamo
1003 1201 1045 1272 ad
1071 1200 1156 1272 hanc
1183 1223 1289 1296 usque
1317 1204 1412 1275 diem.

340 1317 490 1387 Eleoonc
529 1337 653 1392 nocem.
715 1317 953 1413 Prophetarum
998 1321 1052 1412 qui
1093 1329 1357 1415 penetraverunt
1377 1301 1610 1418 *abscondita3

235 1432 416 1504 videntium
445 1436 499 1528 qui
526 1432 632 1508 lutura
660 1434 947 1526 significaverunt:
974 1435 1217 1530 Apostolorum
1245 1438 1300 1529 qni
1318 1437 1477 1510 veritates
1502 1460 1610 1533 prae-

236 1549 448 1621 dicaverunt:
476 1553 531 1643 qui
557 1552 792 1645 mysteriorum
819 1554 1018 1645 interpretes
1046 1561 1080 1621 et
1110 1550 1328 1624 illustratores
1363 1573 1475 1624 rerum
1508 1550 1609 1624 abdi-

234 1675 340 1736 tarum
366 1663 513 1736 luerunt:
540 1665 764 1761 perlectorum
792 1669 847 1762 qui
873 1671 962 1738 viam
989 1669 1173 1739 sanctitatis
1201 1665 1349 1739 sublimis
1377 1666 1608 1741 calcaverunt:

234 1781 417 1876 Martyrum
446 1791 480 1853 et
507 1781 749 1855 confessorum
777 1787 832 1877 qui
858 1782 1044 1855 effuderunt
1070 1805 1144 1854 cum
1164 1782 1287 1874 gaudio
1302 1788 1497 1875 sauguinem
1514 1806 1608 1856 sunm

232 1919 294 1993 pro
323 1919 439 1969 amore
466 1908 538 1971 tuo:
564 1897 772 1970 Athletarum
800 1898 1025 1990 gloriosorum
1053 1901 1108 1993 qui
1136 1898 1339 1970 tradiderunt
1369 1901 1438 1991 igni
1465 1921 1609 1996 corpora

234 2035 316 2103 sua,
342 2016 513 2108 variisque
540 2014 774 2111 suppliciorum
802 2013 983 2107 generibus
1010 2025 1148 2110 propter
1175 2037 1295 2095 nomen
1323 2024 1412 2087 tunm
1440 2025 1612 2088 sanctum}

205 2129 456 2202 ‘solitariorum
484 2140 518 2202 et
543 2130 799 2223 religiosorrun,
826 2131 1024 2223 lugentium,
1060 2130 1246 2226 stylitarum
1281 2154 1397 2204 eorum
1434 2134 1489 2226 ipui
1522 2153 1608 2225 per..

231 2255 365 2342 petuam
401 2249 627 2339 virginitatem
663 2245 853 2335 coluerunt,
888 2250 944 2342 qui
979 2245 1099 2317 mundo
1131 2267 1223 2317 vanc
1261 2255 1296 2317 et
1330 2250 1607 2343 concupiscentiis

233 2367 306 2455 ejus
333 2366 586 2453 renunciantes,
624 2374 841 2435 cucurrerunt
867 2373 944 2458 post
969 2361 1191 2454 Evangeliurn
1225 2359 1348 2436 Christi
1375 2366 1429 2434 tui.
1481 2360 1609 2433 Eorum

231 2489 399 2553 memento
426 2479 585 2552 Domine:
613 2489 647 2551 et
672 2501 735 2551 nos
763 2501 896 2574 quoque
922 2502 984 2575 per
1017 2477 1270 2551 obsecrationes
1304 2501 1419 2550 eorum
1456 2477 1608 2550 exaudiri

232 2594 371 2687 dignas,
399 2596 558 2668 confirma
586 2606 620 2667 et
651 2594 782 2688 adjuva.
834 2597 975 2667 Animas
1010 2618 1144 2690 quoque
1177 2604 1309 2667 nostras
1341 2592 1514 2682 imbelles,
1546 2616 1608 2689 per

232 2713 489 2784 aemulationem
516 2735 632 2784 eorum
659 2711 829 2801 confirma,
857 2722 891 2782 et
916 2715 1001 2782 inter
1028 2715 1161 2803 agmina
1185 2710 1379 2782 dilectorum
1407 2716 1546 2796 tuorum,
1575 2722 1609 2782 et

232 2825 367 2899 ordines
395 2838 587 2900 sauctorum
613 2838 763 2915 tuorum,
789 2850 852 2900 nos
880 2850 997 2900 omues
1024 2830 1205 2916 constitue,
1232 2836 1269 2897 ut
1294 2829 1433 2897 cumeis
1462 2836 1496 2896 et
1521 2829 1607 2897 inter

231 2964 292 3015 eos
319 2943 505 3016 referamus
532 2942 589 3014 tibi
616 2944 778 3035 gloriam,
806 2954 869 3014 etc.

334 3059 496 3151 Populos.
547 3061 669 3131 Amen.

336 3174 511 3246 Sacerdos
543 3176 734 3264 declinatas.
787 3177 955 3248 Memento
983 3179 1083 3246 etiarn
1110 3175 1253 3246 Domine
1287 3178 1431 3245 omnium
1459 3175 1606 3261 Patrum,

229 3292 433 3380 Antistitum,
460 3290 710 3386 Doctcrnmque
729 3291 1013 3381 orthodoxorum,
1039 3293 1221 3386 praecipue
1248 3312 1333 3362 vero
1357 3290 1488 3381 Ignatii,
1514 3289 1605 3362 Din-

228 3409 331 3502 nysii,
357 3405 543 3495 Athanasii,
570 3408 701 3493 Basilii,
730 3407 905 3499 Gregorii,
933 3407 1071 3495 Severi,
1099 3404 1236 3501 Cyrilli,
1262 3404 1448 3508 Ephraem,
1474 3404 1605 3491 iacobi,

228 3522 498 3618 reliquorumque
526 3527 580 3619 qui
607 3526 752 3616 vestigia
779 3523 910 3596 illorum
937 3525 1043 3594 secuti
1071 3532 1155 3593 sunt.
1652 3513 1657 3520 ’

336 3638 497 3732 Populus.
550 3638 656 3734 llyrie
683 3639 821 3712 eleison.

332 3753 509 3826 Sacerdos
535 3755 673 3824 elecoac
699 3775 823 3825 coecas.
877 3757 1068 3826 Antistitum
1096 3773 1230 3846 quoque
1257 3760 1289 3821 et
1314 3750 1488 3823 Pastorum
1517 3772 1605 3845 pro·-

165 3905 169 3914 ·
229 3867 400 3958 batorum,
431 3869 613 3943 Doctorum
643 3870 914 3943 Orthodoxcrnm
942 3872 998 3964 qui
1026 3893 1046 3940 a
1073 3867 1197 3962 Spiritu
1224 3878 1281 3938 tuo
1310 3876 1427 3938 sancto
1454 3868 1605 3964 inspirati

228 3997 319 4059 sunt:
347 4008 462 4059 eorum
491 3988 605 4081 quiin
632 3987 728 4058 coelo
756 3983 898 4058 cubiculi
925 3983 1085 4080 splendidi
1113 4001 1259 4078 sponsae
1286 3981 1509 4053 aSalomone
1537 3980 1604 4052 de-

228 4106 394 4194 signatae,
422 4105 537 4198 sponsi
565 4101 721 4175 coelestis
748 4104 908 4194 unigeniti
934 4099 1008 4170 Filii
1035 4104 1081 4171 tui
1115 4110 1282 4192 tanquam·
1305 4096 1423 4168 stellae
1455 4094 1604 4187 lulgidac

228 4220 352 4305 exorti,
381 4218 617 4313 splenduerunt
643 4222 760 4291 mirum
787 4221 821 4289 iu
846 4218 998 4290 modum:
1026 4237 1141 4287 eornm
1170 4215 1224 4308 qui
1251 4211 1324 4286 sole
1347 4213 1514 4302 justitiae,
1547 4215 1603 4306 qni

226 4333 338 4405 radius
366 4345 523 4408 aeternus
551 4357 571 4405 e
598 4337 671 4408 sinn
700 4345 755 4408 tuo
782 4333 872 4407 nullo
894 4345 1046 4428 tempore
1069 4330 1339 4423 circumscriptus
1360 4325 1495 4423 prodiit,
1522 4328 1602 4399 illu-

228 4452 360 4539 minati,
397 4450 494 4523 simul
527 4453 624 4554 etiam
657 4453 759 4522 rectis
795 4450 954 4522 doctrinis
990 4452 1078 4537 suis,
1110 4455 1213 4519 totum
1247 4443 1365 4515 orbem
1391 4441 1603 4515 habitabilem

226 4564 495 4656 illustraverunt3
522 4570 577 4661 qui
598 4566 700 4638 radiis
719 4566 901 4661 splendidis
920 4564 1130 4657 Theologiae
1153 4582 1234 4636 suae
1249 4556 1468 4630 Orthodoxae
1486 4581 1603 4632 omnes

226 4691 346 4774 gentes
373 4683 517 4776 caligine
543 4685 669 4755 erroris
697 4681 929 4771 circunfusas,
956 4681 998 4752 ad
1026 4680 1134 4753 lucem
1161 4677 1386 4761 deduxerunt,
1414 4676 1468 4767 qui
1495 4682 1603 4744 turres

230 4790 475 4887 ⁸Oalaniticas,
504 4808 539 4870 et
565 4798 714 4872 aedilicia
741 4798 839 4871 stulte
866 4798 1038 4891 designata
1066 4799 1210 4868 omnium
1237 4790 1423 4862 haereseon
1451 4788 1603 4861 deliran-

227 4915 306 4984 tium
342 4914 577 4986 destruxernnt
612 4925 646 4985 et
680 4925 891 5003 everterunt,
927 4935 988 5009 per
1023 4932 1170 5004 aggeres
1207 4908 1397 4998 dogmatum
1433 4908 1601 4978 veritatis:

228 5028 294 5114 Qui
319 5028 501 5102 hauserunt
526 5052 645 5125 aquam
671 5054 717 5103 ex
742 5029 873 5102 liuentis
900 5029 1046 5125 paradisi
1074 5038 1107 5100 et
1128 5021 1363 5118 Evangelicis,
1393 5030 1492 5115 atque
1519 5023 1601 5092 irri-

273 5167 360 5209 ncmm
380 5167 407 5210 n.
1344 5138 1393 5212 68
