4525 6034
468 635 690 714 GREGORII
722 634 977 712 catholici
1014 634 1246 720 obtunsis,
1281 648 1332 712 hc.
1521 635 1594 712 461

332 822 493 916 Populos.
546 823 666 896 Arnen.

331 938 517 1011 Sacerdos.
569 938 613 1011 Et
644 937 710 1011 hoo
739 942 848 1034 ipsum
873 937 951 1010 illud
977 942 1108 1011 mistum
1134 939 1223 1035 quod
1250 951 1302 1012 est
1329 942 1362 1009 in
1388 939 1454 1013 hoc
1480 939 1597 1028 calice,

227 1060 335 1151 ipsum
363 1055 560 1146 sanguinem
587 1053 709 1128 Christi
736 1055 800 1126 Dei
826 1058 941 1127 nostri.

330 1170 491 1264 Populos.
545 1172 666 1244 Amen.

331 1286 516 1359 Sacerdos.
568 1286 643 1360 Nos
671 1295 779 1357 autem
807 1286 925 1358 efficiat
950 1310 1064 1383 puros,
1091 1291 1137 1362 ita
1164 1301 1200 1362 ut
1214 1295 1413 1361 'mereamur
1434 1287 1599 1360 accedere

229 1402 272 1476 ad
305 1414 447 1475 montem
481 1414 648 1491 sanctum,
679 1424 788 1496 neque
822 1401 984 1498 lapidibus
1019 1404 1199 1477 obruamur
1232 1415 1267 1478 ut
1297 1405 1395 1477 bruta
1414 1403 1599 1492 animalia,

228 1530 367 1615 propter
393 1540 497 1614 opera
523 1530 638 1591 nostra
665 1517 878 1614 passionibus
904 1520 1063 1593 obnoxia.
1120 1514 1191 1594 Sed
1225 1522 1265 1593 ad
1299 1532 1443 1596 montem
1471 1542 1598 1595 ascen-

229 1635 364 1722 damus,
393 1639 427 1706 in
454 1636 565 1707 medio
591 1633 688 1707 nubis
714 1638 834 1725 simus,
867 1640 1120 1734 participatione
1147 1642 1381 1735 mysteriorum
1408 1648 1599 1710 sauctorum

229 1750 456 1849 perfruamur,
490 1762 524 1822 et
555 1750 776 1823 familiaritate
809 1750 908 1825 beata
940 1752 1163 1846 gaudeamus,
1199 1765 1299 1850 atque
1331 1758 1364 1825 in
1397 1752 1599 1825 habitatione

227 1868 467 1960 Angelicorum
495 1867 653 1940 Ordinum
680 1872 898 1963 reperiamur,
925 1880 961 1941 ut
987 1893 1060 1942 cum
1088 1870 1270 1943 electorum
1296 1882 1425 1943 tuorum
1446 1890 1599 1959 congre-

227 1987 363 2077 gatione
397 1982 507 2058 locum
543 1983 743 2072 habeamus,
780 1988 1051 2082 sanctitatemque
1085 1996 1119 2058 et
1155 1991 1330 2083 puritatem
1366 1999 1432 2059 tarn
1469 1988 1598 2057 animae

226 2126 324 2199 quam
342 2106 495 2198 corporis
512 2124 770 2197 consequamur:
790 2114 825 2174 ut
843 2106 941 2175 etiam
957 2103 1245 2186 confirmationem
1259 2104 1435 2176 Ecclesiae
1450 2109 1597 2188 sanctae,

226 2241 314 2313 quae
341 2222 503 2311 sanguine
530 2221 759 2314 propitiatorio
787 2217 918 2292 salvata
946 2231 1016 2309 est,
1049 2231 1083 2292 ct
1116 2243 1218 2316 super
1252 2232 1381 2317 petram
1408 2219 1484 2290 fidei
1510 2238 1598 2288 con-

225 2334 382 2421 stabilita,
409 2345 445 2406 ut
471 2334 513 2407 ab
544 2334 708 2422 omnibus,
736 2346 770 2406 et
795 2355 857 2431 per
884 2339 1011 2424 omnia,
1039 2336 1200 2428 gloriam,
1226 2336 1406 2425 honorem,
1434 2346 1467 2407 et
1493 2335 1597 2406 exal·

228 2453 385 2522 tationem
411 2449 595 2523 referamus
623 2448 678 2521 tibi
705 2452 815 2537 Patri,
842 2451 946 2542 Filio,
974 2462 1008 2524 et
1034 2454 1171 2549 Spiritui
1198 2464 1336 2542 sancto,
1363 2463 1442 2524 etc:

331 2566 494 2660 Populea.
546 2567 666 2638 Amen.

331 2681 507 2754 Sacerdos
533 2682 725 2753 inclinatos.
778 2683 921 2781 Suscipe
946 2687 1089 2758 Domine
1115 2685 1312 2758 sacrificium
1339 2685 1404 2756 hoc
1435 2692 1597 2768 nostrum,

229 2797 317 2893 quod
349 2796 499 2870 ⁵mente
526 2809 560 2869 et
586 2803 696 2870 animo
723 2799 781 2871 tibi
808 2800 953 2890 offertur,
981 2824 1042 2896 pro
1069 2802 1152 2874 Sion
1180 2813 1306 2888 sancta,
1333 2812 1438 2873 matre
1454 2802 1597 2873 omnium

227 2911 465 3002 Ecclesiarum,
492 2925 525 2986 et
551 2936 614 3010 pro
640 2913 804 2989 Ecclesiis
831 2921 895 2990 tuis
922 2922 1045 2991 sanctis
1073 2940 1159 3014 quae
1186 2921 1220 2989 in
1245 2928 1317 2991 toto
1344 2918 1428 2991 orbe
1454 2927 1541 3004 sunt,
1564 2925 1598 2986 et

227 3053 290 3126 pro
318 3031 435 3102 ordine
460 3034 617 3126 primario
644 3029 837 3120 Pastorum,
869 3031 1105 3121 sacerdotum,
1140 3046 1174 3108 ct
1199 3035 1380 3107 Rectorem
1408 3035 1500 3123 ejus:
1534 3055 1596 3129 pro

227 3151 329 3218 venia
355 3158 390 3219 et
416 3151 526 3242 quiete
552 3146 691 3218 liliorum
720 3148 810 3239 ejus,
844 3169 906 3243 pro
942 3155 1200 3223 conservatione
1233 3149 1373 3221 fihorum
1406 3151 1499 3240 ejus,
1535 3170 1597 3244 per

228 3269 371 3357 gratiam
397 3274 501 3352 tuam,
529 3266 628 3335 visita
655 3285 718 3336 nos
745 3286 881 3353 omnes,
907 3268 940 3335 in
968 3265 1130 3339 omnihus.

240 3425 247 3450 ι
332 3380 507 3452 Sacerdos
534 3379 671 3451 eleoona
691 3402 816 3451 coecos,
870 3363 955 3468 Quia
983 3393 1088 3453 exte
1115 3382 1265 3478 procedit
1296 3392 1330 3454 et
1362 3385 1466 3454 oritur
1498 3402 1596 3452 omne
1713 3450 1715 3453 ,

227 3496 363 3587 bonum,
390 3507 424 3568 et
451 3483 549 3569 omne
577 3496 697 3568 donum
713 3496 911 3593 perlectum,
938 3502 1045 3571 omnis
1067 3500 1302 3597 contemplatio
1324 3502 1452 3586 suavis,
1479 3518 1596 3569 omnes

227 3617 437 3686 visitationes
463 3611 645 3708 perlectae,
673 3616 779 3684 omnis
806 3612 976 3686 abundans
1001 3614 1209 3705 benedictio,
1236 3638 1334 3688 omne
1361 3613 1535 3707 gaudium,
1563 3622 1597 3684 et

228 3733 336 3803 omnis
363 3731 542 3817 exultatio,
571 3732 679 3801 omnis
705 3731 811 3802 virtus
838 3742 872 3803 et
897 3730 1070 3819 fortitudo,
1098 3754 1198 3804 omne
1222 3731 1326 3806 robur
1353 3730 1395 3802 ad
1421 3729 1595 3826 praelian-

228 3846 317 3937 dum,
344 3850 451 3920 omnis
477 3848 737 3939 insipientiarum
764 3845 941 3934 abstersio,
969 3849 1075 3922 omnis
1102 3848 1302 3921 condonatio
1325 3850 1596 3943 praevaricatic-

227 3986 320 4035 num:
347 3974 486 4066 propter
513 3985 618 4056 quae,
646 3972 680 4034 et
705 3984 766 4058 pro
795 3963 944 4068 omnibus
972 3963 1111 4056 gloriam
1149 3965 1385 4062 amplissimam
1420 3964 1594 4035 referimus

228 4080 302 4167 tibi,
331 4081 422 4152 Deus
450 4079 568 4168 Pater,
596 4090 629 4151 et
655 4077 740 4151 Filio
767 4088 840 4169 tuo,
868 4090 901 4151 et
927 4080 1064 4176 Spiritui
1090 4092 1207 4154 sancto
1236 4093 1301 4153 tuo.

332 4196 493 4289 Populus.
545 4197 664 4269 Amen.

330 4312 505 4385 Sacerdos
531 4313 723 4384 inclinatos.
750 4311 895 4401 Exaudi,
922 4312 1076 4402 Domine,
1102 4335 1165 4408 per
1180 4315 1454 4386 intercessionem
1473 4313 1602 4402 meam,

226 4452 342 4502 omnes
370 4432 424 4525 qui
451 4432 608 4501 invocant
633 4437 699 4500 toz.
713 4451 829 4501 omnes
856 4431 910 4523 qui
936 4432 1041 4500 variis
1069 4432 1284 4501 tentationum
1310 4429 1490 4521 generibus
1508 4451 1593 4519 gra-

226 4550 314 4618 viter
340 4546 538 4639 affliguntur:
574 4545 649 4618 illos
682 4548 736 4640 qui
770 4546 860 4617 omni
892 4566 1019 4637 genere
1051 4548 1219 4640 spinarum
1254 4556 1287 4617 et
1322 4549 1463 4619 sentium
1496 4544 1593 4638 huJus

226 4662 337 4734 mundi
369 4665 548 4757 iniquitatis
579 4661 718 4733 involuti
753 4659 916 4752 laborant,
942 4660 1065 4750 libera,
1097 4672 1131 4733 et
1158 4661 1298 4734 salutem
1323 4665 1405 4757 ipsis
1433 4661 1592 4733 concede.

226 4778 362 4872 Adjuva
395 4783 495 4851 etiam
528 4801 589 4851 eos
623 4780 677 4873 qui
710 4801 821 4856 curam
855 4789 975 4870 gerunt
1005 4776 1183 4851 Ecclesiae
1209 4788 1287 4850 tuae
1313 4784 1483 4851 sanctae.‘
1511 4777 1593 4848 ble—
1700 4781 1708 4792 “

228 4905 339 4968 mento
365 4906 494 4990 patrum
520 4905 554 4966 ct
579 4893 718 4966 fratrum
744 4904 948 4981 nostrorum,
985 4904 1160 4966 eteorum
1188 4897 1242 4989 qui
1278 4893 1320 4966 ad
1349 4904 1381 4966 te
1413 4898 1591 4986 migrave-

227 5023 314 5101 runt,
342 5022 376 5084 et
402 5034 517 5083 eorum
536 5013 590 5105 qui
617 5014 744 5106 spirant
766 5010 827 5087 sub
850 5034 930 5084 cura
956 5021 990 5083 et
1015 5014 1223 5108 protectione
1250 5021 1323 5083 tua:
1345 5020 1380 5082 ut
1400 5014 1497 5082 etiam
1525 5034 1592 5084 eo·

1303 5128 1386 5203 01*
