4525 6034
738 640 896 717 navi
947 637 1179 715 illuct.
1583 638 1657 714 tao
1746 592 1752 603 ’

267 854 427 913 πτοντα,
443 824 505 900 καὶ
523 823 703 912 δασίτοάς
725 824 859 917 πόδας,
880 825 941 901 καί
983 824 1089 897 iacies
1116 835 1242 918 tegunt,
1270 834 1303 897 et
1328 822 1455 897 duabus
1478 826 1596 923 pedes,
1624 837 1658 898 et

267 928 378 1006 δυσὶν
394 927 581 1026 ἱπτάμενα,
598 935 660 1006 καί
681 937 854 1032 κέκραγεν
871 936 942 1005 ἕτε-
984 928 1112 1003 duabus
1139 929 1256 1001 volant
1282 938 1316 1000 et
1342 928 1486 1001 clamant
1519 929 1657 1002 alterum

268 1064 337 1132 ρον
353 1032 441 1133 πρὸς
456 1033 497 1109 τὸ
516 1040 636 1134 ἕτερον
654 1032 941 1120 άκαταπαάστοις
986 1033 1028 1104 ad
1054 1032 1194 1104 alterum
1223 1031 1476 1105 incessabilibus
1502 1032 1656 1121 vocibus,

267 1137 437 1232 στόμασι,
453 1138 514 1212 καί
530 1137 712 1238 άσιγήτοις
724 1139 942 1239 θεολογίαις,
986 1147 1020 1208 et
1036 1159 1104 1208 non
1120 1134 1304 1208 tacentibus
1322 1135 1510 1227 theologiis,
1536 1140 1657 1208 trium-

267 1241 335 1317 τὸν
351 1243 526 1319 ἐπινίκιον
543 1243 603 1317 καί
622 1240 805 1344 τριςοίγιον
822 1243 942 1337 ὕμνον
984 1239 1115 1335 phalam
1150 1252 1184 1312 et
1225 1250 1450 1311 ter-sanctum
1491 1239 1658 1335 hpumium,

268 1343 430 1441 ᾄδοντα,
463 1349 632 1442 βοῶντα,
659 1345 962 1447 δοξολογοῖιντα,
986 1347 1160 1431 canentia,
1193 1341 1386 1431 clamantia,
1428 1342 1658 1435 glorificantia,

267 1448 469 1550 κεκραγότα
483 1450 707 1552 καίλεγονια
724 1459 767 1548 τῇ
782 1457 943 1552 μεγαλο-
986 1457 1021 1519 et
1047 1446 1206 1534 dicentia,
1242 1444 1438 1538 magnificae
1471 1456 1548 1519 tuae
1575 1445 1658 1539 glo-

266 1565 394 1649 πρεπεῖ
406 1578 475 1628 σου
492 1551 591 1650 δόξῃ.
985 1553 1067 1622 riae.

313 1689 447 1789 Ἄγιος,
461 1689 572 1790 ἅγιος,
588 1691 689 1793 ἅγιος
704 1688 826 1789 κύριος
843 1695 943 1785 casi-
1035 1688 1192 1776 Sanctus,
1218 1688 1373 1775 Sanctus,
1408 1687 1552 1760 Sanctus
1577 1689 1658 1760 Do-

267 1793 395 1889 βαώθ.
438 1792 584 1893 Πλήρης
609 1795 631 1868 ὁ
658 1794 810 1894 οὐρανὸς
835 1796 942 1895 καὶὴ
984 1794 1091 1863 minus
1117 1789 1300 1865 Sabbaotb.
1326 1791 1464 1864 Planum
1489 1800 1545 1863 est
1568 1814 1656 1863 coc-

266 1905 315 1998 γῆ
330 1908 391 1993 τῆς
406 1896 509 1998 ἁγίας
525 1928 591 1973 του
608 1897 723 1997 δόξης.
764 1903 941 2001 Ἐκρώμως.
984 1894 1051 1967 lum
1086 1903 1121 1966 et
1156 1906 1246 1967 terra
1281 1892 1390 1987 gloria
1432 1905 1547 1966 sancta
1591 1905 1657 1982 tua,

268 1998 434 2075 Πάντοτε
450 2006 519 2097 μὲν
537 2000 671 2087 πάντας
686 2002 833 2104 άγιάζη,
850 2001 941 2079 ἀλλά
983 1998 1090 2070 Elaia
1105 2021 1202 2070 noce.
1224 1998 1367 2093 Semper
1379 1997 1530 2092 equidem
1541 2019 1658 2071 omnes

266 2104 330 2179 καί
346 2103 438 2200 μετά
451 2105 600 2186 πάντων
616 2115 691 2183 τῶν
708 2134 747 2182 σε
764 2106 942 2209 άγιαζόν-
985 2101 1189 2189 sanctilicaS,
1226 2101 1288 2175 sed
1325 2110 1358 2173 et
1396 2123 1471 2173 cum
1505 2099 1656 2174 omnibus

267 2236 357 2298 των,
376 2206 476 2288 δι’ξαι
498 2207 654 2285 δέσποτα
680 2209 780 2309 κύριε
799 2210 942 2286 καὶτὸν
984 2214 1018 2276 ῑθ
1052 2204 1314 2298 glorificantibus
1348 2208 1500 2300 suscipe,
1533 2204 1658 2276 Domi-

267 2311 442 2411 ἡμίτερον
476 2312 680 2415 ἁγιασμόν,
721 2313 791 2390 σάν
822 2314 943 2400 αὐτοῖς
984 2320 1082 2380 nator
1129 2308 1289 2398 Domine,
1336 2317 1486 2383 nostram
1526 2326 1659 2403 quoque

268 2414 489 2511 ὑμνούντων
502 2415 563 2492 καί
580 2416 769 2520 tuydam,
986 2412 1296 2501 sanctificationem,
1331 2416 1386 2507 qui
1413 2435 1488 2484 cum
1514 2414 1597 2508 ipsis
1624 2422 1658 2483 te

237 2519 243 2527 ’
986 2515 1158 2587 laudamus
1185 2525 1219 2587 et
1245 2515 1393 2588 dicimus.

318 2622 352 2702 ‘0
372 2629 475 2716 Λαίς.
522 2624 662 2727 Ἄγιος,
693 2624 814 2728 ἅγιος,
842 2625 944 2728 ἅγιος
1037 2618 1200 2711 Populus.
1228 2619 1382 2707 sancus,
1396 2619 1549 2706 Sanctus,
1563 2618 1658 2690 Sau-

267 2723 400 2827 κύρισς
986 2733 1058 2794 olus
1084 2723 1257 2797 Dominus.

984 2930 1124 2988 &cerdon
1145 2933 1277 3005 mysterio
1297 2916 1396 2987 sanctu
1412 2930 1552 3004 εἰμιοσαίο
1566 2933 1658 2988 crucis

343 2963 375 3018 ‹0
388 2963 482 3035 Ἱερεῦς
498 2970 626 3037 maffia
645 2964 678 3018 τά
696 2966 765 3036 ἅγιαι,
783 2970 867 3038 λέγων.
1211 3020 1303 3091 ,φησι
1334 3018 1427 3074 ἄρεω

1301 3059 1312 3089 ,
1429 3059 1437 3074 .

322 3141 467 3243 Πλὴριγς
483 3139 555 3245 γάρ
572 3146 672 3219 ἐστιν
687 3144 735 3229 αἷς
751 3142 899 3244 άληθῶς
921 3145 943 3221 ὁ
1037 3153 1176 3227 Plenum
1202 3156 1290 3224 enim
1316 3174 1354 3222 re
1381 3174 1465 3223 vera
1492 3161 1545 3223 cst
1570 3174 1659 3224 coe-

269 3246 440 3347 οάρανός,
464 3246 526 3324 καί
551 3244 573 3356 ἦ
597 3255 645 3347 γῆ
668 3256 730 3344 τῆς
751 3249 854 3350 άγίας
873 3274 942 3326 σου
982 3256 1052 3329 lum
1078 3268 1113 3329 et
1138 3266 1228 3328 terra
1255 3255 1365 3348 gloria
1399 3266 1464 3342 tua,
1491 3278 1553 3351 per
1577 3279 1657 3327 ma-

269 3352 380 3449 δὸξης
403 3350 465 3426 διά
487 3358 549 3447 τῆς
567 3353 771 3447 ἐπιφανείας
790 3361 857 3430 τοῦ
872 3382 943 3429 κυ-
985 3360 1231 3432 niiestationem
1271 3360 1405 3431 Domini
1442 3368 1476 3431 et
1518 3358 1584 3429 Dei
1625 3369 1660 3430 et

270 3457 354 3551 ρίου
380 3455 441 3530 καί
460 3458 552 3529 θεοῦ
575 3454 636 3529 καί
662 3464 820 3555 σωτῆρος
839 3458 943 3556 ἡμῶν
986 3465 1180 3536 Servatonis
1193 3467 1300 3536 nostri
1317 3462 1400 3534 lesu
1424 3459 1565 3549 Christi,
1591 3460 1657 3550 iac,

269 3559 380 3658 Ἰησοῦ
400 3565 581 3659 Χριστοῦ·
604 3557 797 3656 πλήρωσον
818 3561 840 3635 d
858 3560 944 3646 θεάς
987 3590 1008 3640 o
1035 3565 1139 3654 oeus,
1165 3577 1201 3639 ut
1222 3567 1353 3662 plenum
1369 3587 1499 3660 quoque
1526 3570 1570 3638 sit
1595 3564 1659 3637 boc

270 3663 332 3738 καί
350 3662 486 3759 ταύτην
508 3661 577 3759 τὴν
601 3665 741 3740 θυσίαν
762 3672 824 3761 τῆς
845 3663 943 3763 παρά
986 3671 1183 3743 sacrificium
1216 3668 1447 3743 benedictione
1487 3679 1556 3758 tua,
1596 3691 1658 3765 per

270 3775 342 3842 σοῦ
354 3766 525 3865 εὐλογίας,
538 3764 601 3841 διά
614 3774 675 3863 τῆς
691 3767 945 3867 ἐπιφοιτήσεαις
987 3773 1166 3847 adventum
1199 3775 1398 3846 sanctissimi
1423 3772 1566 3869 Spiritus
1602 3776 1657 3847 tui.

269 3878 339 3945 τοῦ
354 3871 534 3972 παναγίου
547 3894 616 3945 ocu
640 3869 850 3967 πνεύματος.
867 3872 944 3950 Ὁτι
988 3879 1052 3966 Qui
1094 3881 1168 3973 ipse
1202 3878 1364 3949 Dominus
1407 3886 1439 3947 et
1475 3876 1587 3965 Deus,
1625 3886 1659 3947 et

269 3972 379 4059 αὐτὸς
409 3973 429 4048 ὁ
460 3971 602 4072 κύριος,
629 3975 689 4049 καί
718 3976 738 4050 ὁ
769 3976 855 4062 θεάς
883 3975 944 4051 καὶ
986 4002 1131 4054 summus
1148 3980 1226 4052 Rex
1257 3990 1373 4052 noster
1388 3978 1489 4052 Jcsus
1507 3978 1658 4053 Cbtistus

268 4076 520 4174 παμβασιλιδς
541 4077 645 4173 ἡμῶν
665 4076 789 4176 Ἰησοῦς
805 4080 826 4155 ὁ
842 4088 944 4177 Χρι-
985 4092 1086 4156 nocte
1121 4106 1186 4179 qua
1220 4081 1372 4155 madebat
1407 4085 1552 4178 seipsum
1594 4104 1657 4178 pro

269 4182 355 4267 στάς
378 4189 422 4279 τῇ
439 4180 543 4256 νυκτί
559 4177 582 4279 ᾗ
595 4181 793 4280 παρεδίδου
816 4182 944 4259 ἑαοτόν
986 4191 1135 4285 peccatis
1170 4191 1312 4275 nostris,
1354 4195 1388 4257 et
1421 4196 1561 4258 mortem
1593 4208 1655 4282 pro

269 4286 360 4383 ὑπὲρ
377 4294 453 4361 τῶν
469 4284 656 4383 ἁμαρτιῶν
672 4286 788 4382 ἡμῶν,
801 4286 862 4362 καὶ
877 4286 944 4363 τάν
987 4289 1139 4364 omnibus
1166 4288 1299 4364 subibat
1320 4311 1431 4377 came,
1458 4286 1656 4361 recumbens

268 4389 360 4487 ὑπὲρ
383 4386 532 4464 πάντων
554 4388 756 4487 άμίστατον
772 4385 793 4425 *
818 4389 944 4469 θοίνα·
987 4418 1062 4467 cum
1089 4397 1212 4466 sanctis
1229 4392 1398 4491 discipulis
1421 4402 1455 4464 et
1470 4391 1656 4488 Apostolis,

269 4523 339 4569 τον
353 4493 472 4593 σαρκί,
484 4494 759 4579 σονανακλιθείς
769 4496 858 4591 μετά
868 4506 944 4571 ταῖν
986 4500 1117 4594 accepit
1141 4521 1261 4593 panem
1289 4501 1322 4568 in
1349 4507 1494 4586 sanctae,
1528 4506 1562 4567 et
1584 4498 1656 4567 lm-

268 4597 389 4700 άγίαιν
409 4594 470 4671 καί
490 4595 680 4697 άγράντων
703 4598 763 4673 καὶ
783 4597 944 4696 άναίμιον
985 4600 1187 4690 maculatas,
1235 4612 1269 4672 et
1310 4599 1493 4696 inculpatas
1539 4621 1656 4675 matius

269 4700 386 4776 αὐτοῦ
404 4708 553 4798 χειρῶν,
578 4699 786 4801 drusii-depae
805 4707 851 4789 εἰς
876 4702 943 4779 τάν
985 4726 1076 4792 suas,
1103 4708 1288 4801 suspiciens
1323 4706 1357 4774 in
1383 4703 1512 4775 coelum
1548 4701 1589 4774 ad
1623 4713 1657 4775 le

271 4803 371 4881 ἴδιον
394 4811 547 4902 ποτερα,
570 4803 661 4881 θεὸν
685 4803 726 4880 δὲ
754 4805 859 4904 ἡμῶν
882 4807 943 4882 καί
984 4807 1118 4880 Patrem
1153 4832 1263 4897 suum,
1303 4809 1477 4902 Deumque
1507 4817 1656 4878 nostrum

271 4908 364 4985 θεάν
380 4916 455 4984 τῶν
471 4907 581 4999 ὅλοιν,
600 4907 866 5009 εὐχαριστήσας,
881 4909 943 4985 εὐ-
985 4922 1020 4984 et
1045 4911 1153 4983 Deum
1168 4914 1413 5001 universorum,
1434 4914 1560 5001 gratias
1573 4913 1655 5002 egit,

270 5014 439 5113 λογήσας,
457 5009 619 5114 άγιάσας,
635 5012 779 5105 κλάσας,
794 5012 943 5090 διέδωκε
984 5015 1169 5105 benedixit,
1196 5014 1422 5102 sanctificavit,
1449 5012 1560 5106 fregit,
1588 5013 1654 5085 de-

270 5129 346 5202 τοῖς
375 5116 490 5218 ἁγίοις
520 5116 581 5190 καί
612 5120 802 5218 μακαρίοις
831 5119 944 5195 αὐτοῦ
986 5119 1096 5215 ditque
1131 5122 1256 5193 sanctis
1289 5129 1323 5191 et
1352 5115 1460 5192 beatis
1487 5116 1656 5214 discipulis
