4525 6034
701 575 777 650 514
1204 570 1563 648 blTllllGlll

698 762 853 856 lugentes
881 760 1075 848 consolare,
1103 759 1240 832 afflictos
1267 758 1436 845 conforta,
1464 779 1631 855 pauperes
1658 766 1692 828 et
1717 779 1847 850 egenos
1877 760 1958 830 vitae
1984 782 2036 831 ne·

701 882 858 952 ccssariis
884 882 1027 951 instrue:
1056 875 1224 973 orphanos
1251 885 1286 946 et
1311 872 1430 948 viduas
1457 872 1626 966 guberno:
1652 877 1853 966 navigantes
1879 873 1919 945 ad
1933 884 2038 969 portum

702 997 826 1085 deduc,
866 992 1156 1092 peregrinantibus
1190 1013 1304 1063 comes
1341 1001 1433 1078 esto:
1468 989 1665 1062 calumniam
1698 1012 1819 1086 passos
1852 1000 1885 1062 et
1915 995 2041 1088 captiuos

701 1114 823 1186 libera:
851 1114 1022 1209 oppressis
1050 1121 1083 1182 et
1100 1108 1237 1203 direptis
1258 1106 1414 1179 auxillum
1431 1116 1464 1178 et
1479 1107 1737 1180 misericordiam
1764 1106 1902 1179 exhibe:
1927 1130 2041 1179 omues-

703 1253 768 1326 que
802 1233 856 1325 qui
890 1232 922 1300 in
962 1225 1217 1300 necessitutibus
1255 1233 1310 1297 aut
1343 1221 1498 1319 periculis
1532 1234 1709 1296 versantur
1735 1226 1851 1318 eripe,
1885 1246 1941 1318 per
1975 1222 2043 1294 bra-

704 1347 810 1418 chium
839 1355 928 1417 tuum
954 1341 1188 1440 insuperabile.
1241 1339 1313 1414 Eos
1342 1342 1397 1434 qui
1423 1362 1443 1410 a
1470 1338 1624 1432 malignis
1651 1340 1819 1437 spiritibus
1850 1350 2000 1423 urerentur
2020 1349 2046 1409 ct

705 1463 920 1551 infestamur,
946 1459 1052 1532 libera
1079 1481 1140 1555 per
1167 1459 1346 1554 potentiam
1374 1466 1461 1528 tuam
1493 1478 1658 1548 magnam.
1711 1455 1782 1528 Eos
1815 1460 1873 1551 qui
1902 1454 2047 1547 subiacent

707 1578 889 1651 violentiae
915 1580 1112 1673 iniquitatis,
1139 1573 1245 1647 salva.
1298 1573 1366 1645 lllis
1394 1576 1449 1668 qui
1476 1577 1610 1646 suntin
1637 1573 1766 1659 exibis,
1794 1582 1827 1644 et
1861 1574 2047 1668 perseeutio-

704 1696 800 1769 nibus
823 1698 1012 1788 jactantur,
1039 1704 1112 1765 esto
1139 1699 1272 1762 curator
1299 1699 1332 1760 et
1359 1688 1566 1762 consolator:
1593 1688 1656 1761 ilbs
1683 1693 1739 1784 qui
1772 1693 1806 1760 in
1840 1711 1969 1761 carcere
1997 1688 2048 1758 de-

704 1817 868 1899 tinentur,
896 1821 930 1881 et
957 1810 1162 1902 affliguntur,
1188 1805 1372 1892 libertatem
1400 1805 1559 1876 concede.
1612 1803 1762 1878 Infirmos
1796 1828 1898 1893 sana,
1932 1809 2049 1898 eosqui

706 1927 794 2002 male
819 1927 943 2000 babent
970 1948 1066 2013 cura,
1093 1921 1286 1996 confractos
1314 1920 1435 2015 alliga,
1462 1932 1495 1992 et
1521 1919 1618 1994 nobis
1645 1921 1797 1995 omnibus
1813 1924 1964 1996 serviset
1979 1919 2050 1991 ado-

705 2041 874 2117 ratoribus
900 2047 982 2131 tuis,
1008 2052 1144 2136 praesta
1169 2043 1303 2112 veniam
1331 2047 1365 2108 et
1390 2040 1621 2109 remissionem
1641 2042 1785 2110 omnium
1806 2040 2051 2134 praevaricatio-

705 2182 799 2234 num:
827 2170 861 2231 et
886 2162 1062 2254 unicuique
1089 2155 1269 2244 auxilium,
1289 2133 1331 2225 ‘et
1357 2154 1511 2249 quidquid
1538 2155 1617 2226 utile
1650 2177 1729 2228 esse
1764 2164 1878 2250 potest
1911 2151 2053 2225 modoet

708 2287 861 2372 tempore
889 2275 1113 2361 convenienti,
1142 2270 1291 2347 concede
1318 2270 1472 2356 Domine,
1500 2275 1555 2364 qui
1576 2273 1642 2343 scis
1661 2273 1771 2342 omnia
1788 2282 1821 2343 et
1842 2279 1939 2366 potes
1956 2268 2055 2356 omnia,

706 2403 741 2465 et
768 2390 825 2464 tibi
853 2391 994 2484 gloriam
1022 2401 1056 2462 et
1081 2388 1211 2461 laudem
1238 2385 1437 2471 referimus,
1464 2399 1527 2460 etc.

632 2505 634 2509 ’
814 2507 975 2602 Populus.
1027 2507 1148 2578 Amen.

810 2624 986 2695 Sacerdos
1011 2621 1203 2694 inclinatus.
1257 2620 1426 2692 Memento
1452 2619 1595 2693 Domine
1625 2614 1806 2692 ⁰omnium
1833 2619 1962 2712 Regum
1984 2617 2055 2689 fide·

706 2744 784 2816 lium
812 2754 846 2814 et
871 2742 1053 2837 principum
1080 2736 1192 2833 populi
1218 2741 1285 2826 tui,
1313 2739 1368 2832 qui
1394 2748 1530 2826 curant,
1558 2748 1592 2809 et
1612 2736 1770 2830 adjuvant
1786 2735 1974 2808 Ecclesiam
1987 2741 2057 2803 nan

709 2869 876 2946 sanctam:
903 2867 937 2928 et
971 2855 1121 2928 concede
1156 2852 1220 2925 ibis
1256 2858 1498 2946 strenuitatem,
1532 2863 1631 2948 atque
1656 2855 1833 2928 victoriam
1863 2851 1905 2923 de
1930 2847 2056 2920 hostibus

708 2979 788 3051 suis.
840 2972 1009 3045 Memento
1037 2973 1136 3043 etiam
1169 2969 1312 3042 Domine
1346 2971 1504 3058 omnium,
1533 2974 1587 3065 qui
1614 2970 1786 3065 oppressi,
1814 2971 2059 3065 persecutionem

711 3103 745 3164 et
770 3093 1004 3163 necessitatem
1040 3088 1225 3183 patiuntur,
1258 3086 1399 3158 benedic
1435 3089 1504 3157 aeri
1537 3097 1571 3157 et
1594 3108 1750 3174 coronae
1788 3088 1869 3157 anni
1903 3104 1963 3179 per
1991 3103 2060 3173 gra·

711 3213 791 3281 tiam
818 3217 915 3278 tuam.

817 3323 968 3394 Eleoona
993 3342 1119 3394 vocem.
1172 3319 1216 3391 Et
1243 3342 1373 3392 omnem
1400 3319 1600 3391 altitudinem
1626 3319 1819 3391 elevantem
1854 3340 1894 3388 se
1921 3313 2061 3387 adversus

677 3473 680 3480 ·
712 3443 888 3514 veritatem
922 3437 1097 3510 Ecclesiae
1132 3447 1211 3508 tuac
1245 3446 1396 3523 sanctae,
1432 3436 1580 3532 deprime
1616 3446 1649 3507 et
1680 3447 1800 3508 everte
1834 3456 1898 3530 per
1930 3434 2061 3502 virtutem

712 3568 802 3630 tuam
828 3553 1094 3650 insuperabilem.
1148 3552 1264 3648 Lupus
1291 3556 1390 3624 etiam
1416 3551 1619 3648 spirituales,
1647 3555 1703 3647 qui
1728 3552 1930 3625 insidiantur
1963 3545 2061 3619 oribus

713 3677 830 3767 gregis
856 3675 902 3743 tui
929 3669 1123 3765 spirituabs,
1155 3668 1260 3764 perde
1293 3679 1327 3741 et
1362 3667 1535 3764 disperge;
1571 3676 1669 3762 atqm
1705 3668 1747 3741 ab
1785 3657 1942 3744 omuibus
1974 3667 2062 3765 plagis

588 3854 595 3867 ,
713 3812 796 3885 quas
823 3791 974 3880 gravitas
1001 3795 1215 3881 peccatorum
1241 3796 1429 3858 nostrorum
1458 3785 1580 3857 inducit
1606 3806 1815 3879 supernos,
1845 3787 1941 3860 salva
1967 3806 2060 3883 popu-

712 3905 780 3977 lum
806 3914 895 3975 tuum
921 3905 1079 3974 Domine:
1109 3926 1128 3973 a
1155 3901 1252 3975 bellis
1275 3911 1313 3973 et
1337 3899 1639 3997 persecutionibus:
1668 3900 1853 3973 alame'et
1870 3901 2061 3976 mortalitate:

714 4019 756 4092 ab
783 4018 943 4091 incendiis
970 4028 1005 4090 ct
1039 4016 1283 4090 submersione:
1318 4016 1359 4088 ab
1396 4017 1617 4105 adversitate,
1649 4013 1858 4106 rebellione,
1892 4021 2010 4113 injuriis
2038 4022 2063 4085 et

715 4133 1004 4233 oppressionibus:
1032 4158 1053 4206 a
1079 4133 1279 4222 latrociniis,
1306 4144 1340 4205 et
1365 4133 1465 4225 lugu,
1499 4132 1622 4220 exilio,
1657 4140 1690 4203 et
1723 4131 1874 4207 damnis:
1907 4159 1926 4206 a
1959 4132 2063 4207 cmdc-

714 4253 823 4341 litate,
850 4275 870 4323 a
897 4247 1150 4338 tentationibus,
1179 4274 1199 4322 a
1225 4247 1400 4342 flagitiosis
1427 4260 1461 4321 et
1486 4249 1606 4322 invidis
1633 4248 1839 4324 bominibus:
1868 4252 1911 4324 ab
1930 4251 2064 4323 allusione

716 4370 887 4460 sanguinis
913 4390 976 4462 per
1001 4377 1120 4459 gentes
1148 4365 1284 4440 alienas.
1337 4366 1455 4460 Neque
1482 4374 1620 4462 propter
1636 4374 1775 4460 peccata
1790 4379 1938 4441 naturae
1952 4376 2064 4438 nostrae

715 4483 865 4577 fragilis,
893 4492 926 4554 et
951 4481 1080 4574 fluxae,
1107 4482 1316 4555 excludasa
1352 4479 1448 4554 nobis
1477 4481 1635 4575 juvandis
1670 4481 1830 4555 auxilium
1867 4495 1965 4556 tuum
2011 4475 2063 4550 set

715 4623 777 4696 per
803 4600 891 4672 illam
918 4598 1177 4671 misericordium
1205 4599 1414 4672 essentialem
1441 4601 1572 4691 gratiae
1597 4607 1674 4671 tuae
1700 4597 1855 4689 divinae,
1889 4623 1990 4698 pasce
2016 4614 2063 4667 nos

716 4721 750 4789 in
776 4720 879 4813 pratis
906 4715 1077 4788 custodiae
1103 4725 1201 4807 tuae,
1229 4719 1305 4811 quia
1332 4714 1506 4787 clementia
1538 4725 1594 4788 tua
1627 4736 1727 4811 super
1758 4718 1944 4791 universos
1976 4715 2063 4786 elluo·

718 4833 820 4921 ditur,
849 4842 947 4927 tuque
974 4854 1012 4903 es
1039 4830 1218 4904 auxiliator
1244 4841 1279 4903 et
1304 4830 1469 4924 refugium
1494 4843 1660 4923 nostrum,
1693 4828 1820 4928 tibique
1858 4835 1995 4927 gloriam
2017 4850 2065 4899 re·

716 4946 873 5037 ierimus,
901 4959 963 5021 etc.

822 5062 982 5157 Populus.
1033 5067 1153 5141 Amen.
1742 5081 1779 5142 h
