<?xml version="1.0" encoding="UTF-8"?>
<!DOCTYPE html PUBLIC "-//W3C//DTD XHTML 1.0 Transitional//EN"
    "http://www.w3.org/TR/xhtml1/DTD/xhtml1-transitional.dtd">
<html xmlns="http://www.w3.org/1999/xhtml" xml:lang="en" lang="en">
 <head>
  <title>
</title>
<meta http-equiv="Content-Type" content="text/html;charset=utf-8" />
  <meta name='ocr-system' content='tesseract 3.04.00' />
  <meta name='ocr-capabilities' content='ocr_page ocr_carea ocr_par ocr_line ocrx_word'/>
</head>
<body>
  <div class='ocr_page' id='page_1' title='image "./liturgiarumorie00unkngoog/liturgiarumorie00unkngoog_1169.png"; bbox 0 0 4525 6034; ppageno 0'>
   <div class='ocr_carea' id='block_1_1' title="bbox 476 625 1591 724">
    <p class='ocr_par' dir='ltr' id='par_1_1' title="bbox 476 625 1591 724">
     <span class='ocr_line' id='line_1_1' title="bbox 476 625 1591 724; baseline 0.004 -20"><span class='ocrx_word' id='word_1_1' title='bbox 476 625 687 704; x_wconf 80' lang='lat' dir='ltr'><strong>ousoosu</strong></span> <span class='ocrx_word' id='word_1_2' title='bbox 720 625 974 705; x_wconf 80' lang='lat' dir='ltr'><strong>CATHOLICI</strong></span> <span class='ocrx_word' id='word_1_3' title='bbox 1009 628 1238 724; x_wconf 80' lang='lat' dir='ltr'><strong>OltlllllTlS,</strong></span> <span class='ocrx_word' id='word_1_4' title='bbox 1271 645 1321 706; x_wconf 82' lang='lat' dir='ltr'><strong>hc.</strong></span> <span class='ocrx_word' id='word_1_5' title='bbox 1514 634 1591 708; x_wconf 87' lang='grc'><strong>463</strong></span> 
     </span>
    </p>
   </div>
   <div class='ocr_carea' id='block_1_2' title="bbox 189 812 1637 4402">
    <p class='ocr_par' dir='ltr' id='par_1_2' title="bbox 224 812 1593 1145">
     <span class='ocr_line' id='line_1_2' title="bbox 224 812 1593 910; baseline 0.007 -28"><span class='ocrx_word' id='word_1_6' title='bbox 224 812 349 885; x_wconf 89' lang='lat' dir='ltr'><strong>laetas:</strong></span> <span class='ocrx_word' id='word_1_7' title='bbox 377 822 515 906; x_wconf 78' lang='lat' dir='ltr'><strong>segetes</strong></span> <span class='ocrx_word' id='word_1_8' title='bbox 542 812 826 889; x_wconf 80' lang='lat' dir='ltr'><strong>benedictionibus</strong></span> <span class='ocrx_word' id='word_1_9' title='bbox 861 814 1035 910; x_wconf 81' lang='lat' dir='ltr'><strong>aequales:</strong></span> <span class='ocrx_word' id='word_1_10' title='bbox 1069 821 1254 889; x_wconf 88' lang='lat' dir='ltr'><strong>satietatem</strong></span> <span class='ocrx_word' id='word_1_11' title='bbox 1280 818 1359 890; x_wconf 85' lang='lat' dir='ltr'><strong>lami</strong></span> <span class='ocrx_word' id='word_1_12' title='bbox 1384 829 1531 909; x_wconf 85' lang='lat' dir='ltr'><strong>nostrae,</strong></span> <span class='ocrx_word' id='word_1_13' title='bbox 1558 828 1593 892; x_wconf 90' lang='lat' dir='ltr'><strong>ot</strong></span> 
     </span>
     <span class='ocr_line' id='line_1_3' title="bbox 225 929 1592 1028; baseline 0.006 -29"><span class='ocrx_word' id='word_1_14' title='bbox 225 929 413 1001; x_wconf 88' lang='lat' dir='ltr'><strong>alimentum</strong></span> <span class='ocrx_word' id='word_1_15' title='bbox 440 933 665 1003; x_wconf 89' lang='lat' dir='ltr'><strong>necessarium</strong></span> <span class='ocrx_word' id='word_1_16' title='bbox 691 931 894 1024; x_wconf 80' lang='lat' dir='ltr'><strong>indigentiae</strong></span> <span class='ocrx_word' id='word_1_17' title='bbox 920 942 1069 1024; x_wconf 86' lang='lat' dir='ltr'><strong>nostrae,</strong></span> <span class='ocrx_word' id='word_1_18' title='bbox 1096 943 1130 1005; x_wconf 90' lang='lat' dir='ltr'><strong>et</strong></span> <span class='ocrx_word' id='word_1_19' title='bbox 1154 932 1338 1007; x_wconf 81' lang='lat' dir='ltr'><strong>referemus</strong></span> <span class='ocrx_word' id='word_1_20' title='bbox 1365 935 1423 1008; x_wconf 88' lang='lat' dir='ltr'><strong>tibi</strong></span> <span class='ocrx_word' id='word_1_21' title='bbox 1449 934 1592 1028; x_wconf 82' lang='lat' dir='ltr'><strong>gloriam</strong></span> 
     </span>
     <span class='ocr_line' id='line_1_4' title="bbox 224 1049 1214 1145; baseline 0.007 -30"><span class='ocrx_word' id='word_1_22' title='bbox 224 1055 258 1115; x_wconf 90' lang='lat' dir='ltr'><strong>et</strong></span> <span class='ocrx_word' id='word_1_23' title='bbox 284 1051 463 1138; x_wconf 87' lang='lat' dir='ltr'><strong>gratiarum</strong></span> <span class='ocrx_word' id='word_1_24' title='bbox 493 1051 668 1137; x_wconf 79' lang='lat' dir='ltr'><strong>actionem,</strong></span> <span class='ocrx_word' id='word_1_25' title='bbox 695 1058 728 1119; x_wconf 88' lang='lat' dir='ltr'><strong>et</strong></span> <span class='ocrx_word' id='word_1_26' title='bbox 753 1049 851 1137; x_wconf 82' lang='lat' dir='ltr'><strong>Filio,</strong></span> <span class='ocrx_word' id='word_1_27' title='bbox 878 1060 912 1120; x_wconf 90' lang='lat' dir='ltr'><strong>et</strong></span> <span class='ocrx_word' id='word_1_28' title='bbox 937 1049 1071 1145; x_wconf 86' lang='lat' dir='ltr'><strong>Spiritui</strong></span> <span class='ocrx_word' id='word_1_29' title='bbox 1098 1054 1214 1123; x_wconf 90' lang='lat' dir='ltr'><strong>sancti.</strong></span> 
     </span>
    </p>

    <p class='ocr_par' dir='ltr' id='par_1_3' title="bbox 237 1163 657 1256">
     <span class='ocr_line' id='line_1_5' title="bbox 237 1163 657 1256; baseline 0.005 -24"><span class='ocrx_word' id='word_1_30' title='bbox 237 1179 241 1183; x_wconf 68' lang='grc'><strong>“</strong></span> <span class='ocrx_word' id='word_1_31' title='bbox 325 1163 487 1256; x_wconf 82' lang='lat' dir='ltr'><strong>Populus.</strong></span> <span class='ocrx_word' id='word_1_32' title='bbox 538 1166 657 1237; x_wconf 90' lang='lat' dir='ltr'><strong>Amen.</strong></span> 
     </span>
    </p>

    <p class='ocr_par' dir='ltr' id='par_1_4' title="bbox 223 1279 1591 1822">
     <span class='ocr_line' id='line_1_6' title="bbox 329 1279 1591 1372; baseline 0.005 -22"><span class='ocrx_word' id='word_1_33' title='bbox 329 1279 504 1352; x_wconf 79' lang='lat' dir='ltr'><strong>Sacerdos</strong></span> <span class='ocrx_word' id='word_1_34' title='bbox 543 1282 736 1372; x_wconf 80' lang='lat' dir='ltr'><strong>inclinatus.</strong></span> <span class='ocrx_word' id='word_1_35' title='bbox 789 1281 985 1355; x_wconf 86' lang='lat' dir='ltr'><strong>Recordare</strong></span> <span class='ocrx_word' id='word_1_36' title='bbox 1024 1284 1169 1357; x_wconf 89' lang='lat' dir='ltr'><strong>Domine</strong></span> <span class='ocrx_word' id='word_1_37' title='bbox 1207 1288 1351 1357; x_wconf 91' lang='lat' dir='ltr'><strong>omnium</strong></span> <span class='ocrx_word' id='word_1_38' title='bbox 1392 1285 1591 1356; x_wconf 85' lang='lat' dir='ltr'><strong>Sanctorum</strong></span> 
     </span>
     <span class='ocr_line' id='line_1_7' title="bbox 229 1385 1589 1494; baseline 0.002 -27"><span class='ocrx_word' id='word_1_39' title='bbox 229 1405 361 1468; x_wconf 89' lang='lat' dir='ltr'><strong>tuorum</strong></span> <span class='ocrx_word' id='word_1_40' title='bbox 388 1398 421 1467; x_wconf 92' lang='lat' dir='ltr'><strong>in</strong></span> <span class='ocrx_word' id='word_1_41' title='bbox 448 1400 638 1470; x_wconf 89' lang='lat' dir='ltr'><strong>sanctuario</strong></span> <span class='ocrx_word' id='word_1_42' title='bbox 664 1407 721 1472; x_wconf 86' lang='lat' dir='ltr'><strong>tuo</strong></span> <span class='ocrx_word' id='word_1_43' title='bbox 737 1393 883 1488; x_wconf 65' lang='lat' dir='ltr'><strong>‘sanct03</strong></span> <span class='ocrx_word' id='word_1_44' title='bbox 910 1404 985 1494; x_wconf 89' lang='lat' dir='ltr'><strong>quia</strong></span> <span class='ocrx_word' id='word_1_45' title='bbox 1013 1408 1047 1471; x_wconf 94' lang='lat' dir='ltr'><strong>tu</strong></span> <span class='ocrx_word' id='word_1_46' title='bbox 1073 1409 1208 1474; x_wconf 89' lang='lat' dir='ltr'><strong>sanctus</strong></span> <span class='ocrx_word' id='word_1_47' title='bbox 1236 1424 1293 1491; x_wconf 87' lang='lat' dir='ltr'><strong>es,</strong></span> <span class='ocrx_word' id='word_1_48' title='bbox 1309 1385 1313 1393; x_wconf 40' lang='lat'>⁸</span> <span class='ocrx_word' id='word_1_49' title='bbox 1328 1411 1362 1473; x_wconf 89' lang='lat' dir='ltr'><strong>et</strong></span> <span class='ocrx_word' id='word_1_50' title='bbox 1391 1400 1589 1473; x_wconf 86' lang='lat' dir='ltr'><strong>Sanctorum</strong></span> 
     </span>
     <span class='ocr_line' id='line_1_8' title="bbox 225 1512 1591 1611; baseline 0.002 -28"><span class='ocrx_word' id='word_1_51' title='bbox 225 1512 456 1587; x_wconf 82' lang='lat' dir='ltr'><strong>sanctificator.</strong></span> <span class='ocrx_word' id='word_1_52' title='bbox 509 1517 693 1611; x_wconf 88' lang='lat' dir='ltr'><strong>Praecipue</strong></span> <span class='ocrx_word' id='word_1_53' title='bbox 720 1537 804 1588; x_wconf 90' lang='lat' dir='ltr'><strong>vero</strong></span> <span class='ocrx_word' id='word_1_54' title='bbox 831 1537 965 1610; x_wconf 90' lang='lat' dir='ltr'><strong>semper</strong></span> <span class='ocrx_word' id='word_1_55' title='bbox 990 1516 1139 1609; x_wconf 88' lang='lat' dir='ltr'><strong>Virginis</strong></span> <span class='ocrx_word' id='word_1_56' title='bbox 1171 1517 1298 1588; x_wconf 89' lang='lat' dir='ltr'><strong>Beatae</strong></span> <span class='ocrx_word' id='word_1_57' title='bbox 1329 1519 1499 1609; x_wconf 87' lang='lat' dir='ltr'><strong>genitricis</strong></span> <span class='ocrx_word' id='word_1_58' title='bbox 1526 1516 1591 1587; x_wconf 92' lang='lat' dir='ltr'><strong>Dei</strong></span> 
     </span>
     <span class='ocr_line' id='line_1_9' title="bbox 223 1628 1590 1733; baseline 0.003 -32"><span class='ocrx_word' id='word_1_59' title='bbox 223 1628 369 1701; x_wconf 88' lang='lat' dir='ltr'><strong>Mariae:</strong></span> <span class='ocrx_word' id='word_1_60' title='bbox 394 1630 533 1704; x_wconf 89' lang='lat' dir='ltr'><strong>Joannis</strong></span> <span class='ocrx_word' id='word_1_61' title='bbox 560 1633 659 1703; x_wconf 91' lang='lat' dir='ltr'><strong>etiam</strong></span> <span class='ocrx_word' id='word_1_62' title='bbox 694 1634 870 1727; x_wconf 90' lang='lat' dir='ltr'><strong>praeconis</strong></span> <span class='ocrx_word' id='word_1_63' title='bbox 898 1635 962 1724; x_wconf 90' lang='lat' dir='ltr'><strong>tui,</strong></span> <span class='ocrx_word' id='word_1_64' title='bbox 984 1632 1155 1733; x_wconf 62' lang='lat' dir='ltr'><strong>xStephani</strong></span> <span class='ocrx_word' id='word_1_65' title='bbox 1180 1633 1358 1729; x_wconf 73' lang='lat' dir='ltr'><strong>Martyris,</strong></span> <span class='ocrx_word' id='word_1_66' title='bbox 1386 1644 1419 1705; x_wconf 90' lang='lat' dir='ltr'><strong>et</strong></span> <span class='ocrx_word' id='word_1_67' title='bbox 1445 1636 1590 1705; x_wconf 90' lang='lat' dir='ltr'><strong>omnium</strong></span> 
     </span>
     <span class='ocr_line' id='line_1_10' title="bbox 225 1744 794 1822; baseline 0.004 -6"><span class='ocrx_word' id='word_1_68' title='bbox 225 1744 422 1818; x_wconf 86' lang='lat' dir='ltr'><strong>Sanctorum</strong></span> <span class='ocrx_word' id='word_1_69' title='bbox 448 1751 627 1822; x_wconf 90' lang='lat' dir='ltr'><strong>amicorum</strong></span> <span class='ocrx_word' id='word_1_70' title='bbox 656 1757 794 1820; x_wconf 90' lang='lat' dir='ltr'><strong>tuorum.</strong></span> 
     </span>
    </p>

    <p class='ocr_par' dir='ltr' id='par_1_5' title="bbox 189 1863 1637 3007">
     <span class='ocr_line' id='line_1_11' title="bbox 329 1863 1590 1962; baseline 0.003 -29"><span class='ocrx_word' id='word_1_71' title='bbox 329 1863 480 1934; x_wconf 81' lang='lat' dir='ltr'><strong>Eleoona</strong></span> <span class='ocrx_word' id='word_1_72' title='bbox 505 1887 631 1935; x_wconf 82' lang='lat' dir='ltr'><strong>aecem.</strong></span> <span class='ocrx_word' id='word_1_73' title='bbox 685 1864 752 1935; x_wconf 88' lang='lat' dir='ltr'><strong>Per</strong></span> <span class='ocrx_word' id='word_1_74' title='bbox 778 1865 948 1937; x_wconf 88' lang='lat' dir='ltr'><strong>orationes</strong></span> <span class='ocrx_word' id='word_1_75' title='bbox 968 1863 1167 1944; x_wconf 70' lang='lat' dir='ltr'><strong>‚electorum</strong></span> <span class='ocrx_word' id='word_1_76' title='bbox 1195 1875 1342 1956; x_wconf 86' lang='lat' dir='ltr'><strong>tuorum,</strong></span> <span class='ocrx_word' id='word_1_77' title='bbox 1374 1888 1436 1960; x_wconf 92' lang='lat' dir='ltr'><strong>per</strong></span> <span class='ocrx_word' id='word_1_78' title='bbox 1462 1888 1590 1962; x_wconf 88' lang='lat' dir='ltr'><strong>preco-</strong></span> 
     </span>
     <span class='ocr_line' id='line_1_12' title="bbox 223 1978 1590 2077; baseline 0.002 -28"><span class='ocrx_word' id='word_1_79' title='bbox 223 1982 334 2052; x_wconf 89' lang='lat' dir='ltr'><strong>tiones</strong></span> <span class='ocrx_word' id='word_1_80' title='bbox 361 1979 554 2052; x_wconf 90' lang='lat' dir='ltr'><strong>dilectorum</strong></span> <span class='ocrx_word' id='word_1_81' title='bbox 582 1990 724 2068; x_wconf 83' lang='lat' dir='ltr'><strong>tuorum,</strong></span> <span class='ocrx_word' id='word_1_82' title='bbox 750 2002 812 2076; x_wconf 89' lang='lat' dir='ltr'><strong>per</strong></span> <span class='ocrx_word' id='word_1_83' title='bbox 838 1978 1105 2076; x_wconf 75' lang='lat' dir='ltr'><strong>deprecationem</strong></span> <span class='ocrx_word' id='word_1_84' title='bbox 1126 1979 1334 2054; x_wconf 84' lang='lat' dir='ltr'><strong>Athletarum</strong></span> <span class='ocrx_word' id='word_1_85' title='bbox 1360 1992 1502 2069; x_wconf 90' lang='lat' dir='ltr'><strong>tuorum,</strong></span> <span class='ocrx_word' id='word_1_86' title='bbox 1529 2004 1590 2077; x_wconf 90' lang='lat' dir='ltr'><strong>per</strong></span> 
     </span>
     <span class='ocr_line' id='line_1_13' title="bbox 224 2095 1590 2191; baseline 0.003 -25"><span class='ocrx_word' id='word_1_87' title='bbox 224 2099 366 2188; x_wconf 85' lang='lat' dir='ltr'><strong>gemitus</strong></span> <span class='ocrx_word' id='word_1_88' title='bbox 405 2095 605 2169; x_wconf 86' lang='lat' dir='ltr'><strong>Sanctorum</strong></span> <span class='ocrx_word' id='word_1_89' title='bbox 637 2095 800 2184; x_wconf 88' lang='lat' dir='ltr'><strong>Domine,</strong></span> <span class='ocrx_word' id='word_1_90' title='bbox 844 2119 905 2191; x_wconf 87' lang='lat' dir='ltr'><strong>per</strong></span> <span class='ocrx_word' id='word_1_91' title='bbox 942 2098 1172 2170; x_wconf 87' lang='lat' dir='ltr'><strong>confidentiam</strong></span> <span class='ocrx_word' id='word_1_92' title='bbox 1209 2098 1407 2170; x_wconf 86' lang='lat' dir='ltr'><strong>Sanctorum</strong></span> <span class='ocrx_word' id='word_1_93' title='bbox 1448 2109 1590 2190; x_wconf 89' lang='lat' dir='ltr'><strong>tuorum,</strong></span> 
     </span>
     <span class='ocr_line' id='line_1_14' title="bbox 221 2212 1588 2310; baseline 0.004 -28"><span class='ocrx_word' id='word_1_94' title='bbox 221 2224 387 2284; x_wconf 89' lang='lat' dir='ltr'><strong>memento</strong></span> <span class='ocrx_word' id='word_1_95' title='bbox 423 2216 522 2286; x_wconf 88' lang='lat' dir='ltr'><strong>totius</strong></span> <span class='ocrx_word' id='word_1_96' title='bbox 556 2217 726 2285; x_wconf 87' lang='lat' dir='ltr'><strong>exercitus</strong></span> <span class='ocrx_word' id='word_1_97' title='bbox 763 2216 943 2285; x_wconf 86' lang='lat' dir='ltr'><strong>amicorum</strong></span> <span class='ocrx_word' id='word_1_98' title='bbox 969 2224 1116 2302; x_wconf 86' lang='lat' dir='ltr'><strong>tuorum,</strong></span> <span class='ocrx_word' id='word_1_99' title='bbox 1143 2212 1402 2310; x_wconf 74' lang='lat' dir='ltr'><strong>Prophetarum,</strong></span> <span class='ocrx_word' id='word_1_100' title='bbox 1428 2215 1588 2310; x_wconf 89' lang='lat' dir='ltr'><strong>Aposto-</strong></span> 
     </span>
     <span class='ocr_line' id='line_1_15' title="bbox 222 2327 1589 2426; baseline 0.004 -27"><span class='ocrx_word' id='word_1_101' title='bbox 222 2327 349 2416; x_wconf 93' lang='lat' dir='ltr'><strong>lorum,</strong></span> <span class='ocrx_word' id='word_1_102' title='bbox 375 2327 578 2426; x_wconf 73' lang='lat' dir='ltr'><strong>Martyrum,</strong></span> <span class='ocrx_word' id='word_1_103' title='bbox 606 2328 867 2419; x_wconf 86' lang='lat' dir='ltr'><strong>Conlessorum,</strong></span> <span class='ocrx_word' id='word_1_104' title='bbox 894 2329 1143 2419; x_wconf 86' lang='lat' dir='ltr'><strong>Solitariorum,</strong></span> <span class='ocrx_word' id='word_1_105' title='bbox 1168 2330 1435 2423; x_wconf 88' lang='lat' dir='ltr'><strong>Religiosorum,</strong></span> <span class='ocrx_word' id='word_1_106' title='bbox 1470 2333 1589 2404; x_wconf 86' lang='lat' dir='ltr'><strong>Asce-</strong></span> 
     </span>
     <span class='ocr_line' id='line_1_16' title="bbox 222 2445 1587 2541; baseline 0.004 -25"><span class='ocrx_word' id='word_1_107' title='bbox 222 2455 341 2535; x_wconf 89' lang='lat' dir='ltr'><strong>tarum,</strong></span> <span class='ocrx_word' id='word_1_108' title='bbox 368 2467 484 2517; x_wconf 91' lang='lat' dir='ltr'><strong>eorum</strong></span> <span class='ocrx_word' id='word_1_109' title='bbox 512 2449 626 2541; x_wconf 91' lang='lat' dir='ltr'><strong>quiin</strong></span> <span class='ocrx_word' id='word_1_110' title='bbox 654 2446 816 2535; x_wconf 89' lang='lat' dir='ltr'><strong>desertis,</strong></span> <span class='ocrx_word' id='word_1_111' title='bbox 850 2448 962 2537; x_wconf 88' lang='lat' dir='ltr'><strong>agris,</strong></span> <span class='ocrx_word' id='word_1_112' title='bbox 995 2457 1030 2518; x_wconf 89' lang='lat' dir='ltr'><strong>ct</strong></span> <span class='ocrx_word' id='word_1_113' title='bbox 1055 2445 1222 2541; x_wconf 86' lang='lat' dir='ltr'><strong>speluncis</strong></span> <span class='ocrx_word' id='word_1_114' title='bbox 1248 2451 1422 2536; x_wconf 84' lang='lat' dir='ltr'><strong>vixerunt,</strong></span> <span class='ocrx_word' id='word_1_115' title='bbox 1456 2457 1492 2519; x_wconf 92' lang='lat' dir='ltr'><strong>et</strong></span> <span class='ocrx_word' id='word_1_116' title='bbox 1522 2449 1587 2521; x_wconf 89' lang='lat' dir='ltr'><strong>ad-</strong></span> 
     </span>
     <span class='ocr_line' id='line_1_17' title="bbox 220 2561 1589 2654; baseline 0.002 -21"><span class='ocrx_word' id='word_1_117' title='bbox 220 2564 325 2654; x_wconf 89' lang='lat' dir='ltr'><strong>junge</strong></span> <span class='ocrx_word' id='word_1_118' title='bbox 351 2582 414 2632; x_wconf 89' lang='lat' dir='ltr'><strong>nos</strong></span> <span class='ocrx_word' id='word_1_119' title='bbox 440 2563 595 2648; x_wconf 79' lang='lat' dir='ltr'><strong>Domine,</strong></span> <span class='ocrx_word' id='word_1_120' title='bbox 624 2561 794 2634; x_wconf 87' lang='lat' dir='ltr'><strong>ordinibus</strong></span> <span class='ocrx_word' id='word_1_121' title='bbox 814 2584 947 2635; x_wconf 90' lang='lat' dir='ltr'><strong>corum:</strong></span> <span class='ocrx_word' id='word_1_122' title='bbox 976 2583 1119 2635; x_wconf 89' lang='lat' dir='ltr'><strong>accense</strong></span> <span class='ocrx_word' id='word_1_123' title='bbox 1147 2585 1208 2635; x_wconf 92' lang='lat' dir='ltr'><strong>nos</strong></span> <span class='ocrx_word' id='word_1_124' title='bbox 1226 2565 1311 2635; x_wconf 89' lang='lat' dir='ltr'><strong>inter</strong></span> <span class='ocrx_word' id='word_1_125' title='bbox 1325 2573 1441 2638; x_wconf 90' lang='lat' dir='ltr'><strong>coetus</strong></span> <span class='ocrx_word' id='word_1_126' title='bbox 1460 2587 1589 2654; x_wconf 89' lang='lat' dir='ltr'><strong>eorum,</strong></span> 
     </span>
     <span class='ocr_line' id='line_1_18' title="bbox 189 2677 1590 2768; baseline 0.005 -22"><span class='ocrx_word' id='word_1_127' title='bbox 189 2737 193 2746; x_wconf 78' lang='grc'><strong><em>,</em></strong></span> <span class='ocrx_word' id='word_1_128' title='bbox 224 2689 332 2751; x_wconf 91' lang='lat' dir='ltr'><strong>statue</strong></span> <span class='ocrx_word' id='word_1_129' title='bbox 358 2700 421 2750; x_wconf 92' lang='lat' dir='ltr'><strong>uos</strong></span> <span class='ocrx_word' id='word_1_130' title='bbox 448 2683 534 2751; x_wconf 84' lang='lat' dir='ltr'><strong>inter</strong></span> <span class='ocrx_word' id='word_1_131' title='bbox 552 2682 722 2752; x_wconf 85' lang='lat' dir='ltr'><strong>exercitus</strong></span> <span class='ocrx_word' id='word_1_132' title='bbox 741 2702 870 2768; x_wconf 93' lang='lat' dir='ltr'><strong>eorum,</strong></span> <span class='ocrx_word' id='word_1_133' title='bbox 896 2688 931 2751; x_wconf 93' lang='lat' dir='ltr'><strong>ut</strong></span> <span class='ocrx_word' id='word_1_134' title='bbox 957 2701 1031 2750; x_wconf 90' lang='lat' dir='ltr'><strong>cum</strong></span> <span class='ocrx_word' id='word_1_135' title='bbox 1053 2677 1117 2751; x_wconf 93' lang='lat' dir='ltr'><strong>illis</strong></span> <span class='ocrx_word' id='word_1_136' title='bbox 1143 2682 1319 2768; x_wconf 88' lang='lat' dir='ltr'><strong>intereos,</strong></span> <span class='ocrx_word' id='word_1_137' title='bbox 1347 2680 1447 2753; x_wconf 92' lang='lat' dir='ltr'><strong>etad</strong></span> <span class='ocrx_word' id='word_1_138' title='bbox 1474 2704 1590 2753; x_wconf 91' lang='lat' dir='ltr'><strong>eorum</strong></span> 
     </span>
     <span class='ocr_line' id='line_1_19' title="bbox 224 2794 1637 2891; baseline 0.003 -25"><span class='ocrx_word' id='word_1_139' title='bbox 224 2794 430 2889; x_wconf 87' lang='lat' dir='ltr'><strong>exemplum,</strong></span> <span class='ocrx_word' id='word_1_140' title='bbox 456 2794 641 2868; x_wconf 82' lang='lat' dir='ltr'><strong>reseramus</strong></span> <span class='ocrx_word' id='word_1_141' title='bbox 668 2794 726 2867; x_wconf 91' lang='lat' dir='ltr'><strong>tibi</strong></span> <span class='ocrx_word' id='word_1_142' title='bbox 752 2796 914 2888; x_wconf 87' lang='lat' dir='ltr'><strong>gloriam,</strong></span> <span class='ocrx_word' id='word_1_143' title='bbox 941 2805 974 2867; x_wconf 90' lang='lat' dir='ltr'><strong>et</strong></span> <span class='ocrx_word' id='word_1_144' title='bbox 1001 2799 1182 2888; x_wconf 88' lang='lat' dir='ltr'><strong>gratiarum</strong></span> <span class='ocrx_word' id='word_1_145' title='bbox 1210 2800 1394 2884; x_wconf 89' lang='lat' dir='ltr'><strong>actionem,</strong></span> <span class='ocrx_word' id='word_1_146' title='bbox 1431 2809 1464 2870; x_wconf 87' lang='lat' dir='ltr'><strong>et</strong></span> <span class='ocrx_word' id='word_1_147' title='bbox 1489 2799 1588 2891; x_wconf 86' lang='lat' dir='ltr'><strong>Filio,</strong></span> <span class='ocrx_word' id='word_1_148' title='bbox 1634 2829 1637 2834; x_wconf 55' lang='lat'>¹</span> 
     </span>
     <span class='ocr_line' id='line_1_20' title="bbox 224 2912 573 3007; baseline 0 -25"><span class='ocrx_word' id='word_1_149' title='bbox 224 2921 256 2982; x_wconf 93' lang='lat' dir='ltr'><strong>et</strong></span> <span class='ocrx_word' id='word_1_150' title='bbox 283 2912 418 3007; x_wconf 88' lang='lat' dir='ltr'><strong>Spiritui</strong></span> <span class='ocrx_word' id='word_1_151' title='bbox 446 2923 573 2985; x_wconf 91' lang='lat' dir='ltr'><strong>sancto.</strong></span> 
     </span>
    </p>

    <p class='ocr_par' dir='ltr' id='par_1_6' title="bbox 326 3026 660 3119">
     <span class='ocr_line' id='line_1_21' title="bbox 326 3026 660 3119; baseline 0.006 -22"><span class='ocrx_word' id='word_1_152' title='bbox 326 3026 487 3119; x_wconf 80' lang='lat' dir='ltr'><strong>Populos.</strong></span> <span class='ocrx_word' id='word_1_153' title='bbox 540 3030 660 3101; x_wconf 90' lang='lat' dir='ltr'><strong>Amen.</strong></span> 
     </span>
    </p>

    <p class='ocr_par' dir='ltr' id='par_1_7' title="bbox 221 3141 1597 3820">
     <span class='ocr_line' id='line_1_22' title="bbox 325 3141 1597 3235; baseline 0.004 -22"><span class='ocrx_word' id='word_1_154' title='bbox 325 3141 500 3214; x_wconf 78' lang='lat' dir='ltr'><strong>Sacerdos</strong></span> <span class='ocrx_word' id='word_1_155' title='bbox 538 3144 730 3215; x_wconf 80' lang='lat' dir='ltr'><strong>inclinatur.</strong></span> <span class='ocrx_word' id='word_1_156' title='bbox 790 3141 931 3235; x_wconf 86' lang='lat' dir='ltr'><strong>Dignos</strong></span> <span class='ocrx_word' id='word_1_157' title='bbox 957 3143 1050 3215; x_wconf 83' lang='lat' dir='ltr'><strong>effice</strong></span> <span class='ocrx_word' id='word_1_158' title='bbox 1083 3146 1243 3216; x_wconf 87' lang='lat' dir='ltr'><strong>convivio</strong></span> <span class='ocrx_word' id='word_1_159' title='bbox 1279 3156 1336 3219; x_wconf 89' lang='lat' dir='ltr'><strong>tuo</strong></span> <span class='ocrx_word' id='word_1_160' title='bbox 1377 3143 1476 3216; x_wconf 87' lang='lat' dir='ltr'><strong>beato</strong></span> <span class='ocrx_word' id='word_1_161' title='bbox 1508 3145 1597 3218; x_wconf 85' lang='lat' dir='ltr'><strong>Do··</strong></span> 
     </span>
     <span class='ocr_line' id='line_1_23' title="bbox 222 3258 1588 3354; baseline 0 -24"><span class='ocrx_word' id='word_1_162' title='bbox 222 3271 334 3331; x_wconf 89' lang='lat' dir='ltr'><strong>ctores</strong></span> <span class='ocrx_word' id='word_1_163' title='bbox 361 3258 533 3354; x_wconf 88' lang='lat' dir='ltr'><strong>probatos,</strong></span> <span class='ocrx_word' id='word_1_164' title='bbox 560 3259 812 3332; x_wconf 86' lang='lat' dir='ltr'><strong>confirmatores</strong></span> <span class='ocrx_word' id='word_1_165' title='bbox 838 3258 926 3346; x_wconf 91' lang='lat' dir='ltr'><strong>fidei,</strong></span> <span class='ocrx_word' id='word_1_166' title='bbox 953 3258 1190 3331; x_wconf 86' lang='lat' dir='ltr'><strong>illuminatores</strong></span> <span class='ocrx_word' id='word_1_167' title='bbox 1212 3281 1322 3332; x_wconf 90' lang='lat' dir='ltr'><strong>rerum</strong></span> <span class='ocrx_word' id='word_1_168' title='bbox 1350 3259 1588 3350; x_wconf 87' lang='lat' dir='ltr'><strong>abstrusorum,</strong></span> 
     </span>
     <span class='ocr_line' id='line_1_24' title="bbox 223 3375 1587 3473; baseline 0 -26"><span class='ocrx_word' id='word_1_169' title='bbox 223 3399 339 3448; x_wconf 91' lang='lat' dir='ltr'><strong>omnes</strong></span> <span class='ocrx_word' id='word_1_170' title='bbox 367 3375 511 3448; x_wconf 87' lang='lat' dir='ltr'><strong>Sanctos</strong></span> <span class='ocrx_word' id='word_1_171' title='bbox 538 3386 634 3465; x_wconf 81' lang='lat' dir='ltr'><strong>tuos3</strong></span> <span class='ocrx_word' id='word_1_172' title='bbox 661 3380 746 3450; x_wconf 90' lang='lat' dir='ltr'><strong>inter</strong></span> <span class='ocrx_word' id='word_1_173' title='bbox 779 3375 863 3449; x_wconf 90' lang='lat' dir='ltr'><strong>alios</strong></span> <span class='ocrx_word' id='word_1_174' title='bbox 898 3398 983 3449; x_wconf 89' lang='lat' dir='ltr'><strong>vero</strong></span> <span class='ocrx_word' id='word_1_175' title='bbox 1016 3378 1212 3471; x_wconf 90' lang='lat' dir='ltr'><strong>praecipue,</strong></span> <span class='ocrx_word' id='word_1_176' title='bbox 1238 3375 1418 3468; x_wconf 83' lang='lat' dir='ltr'><strong>lgnatium‚</strong></span> <span class='ocrx_word' id='word_1_177' title='bbox 1450 3378 1587 3473; x_wconf 77' lang='lat' dir='ltr'><strong>Diony-</strong></span> 
     </span>
     <span class='ocr_line' id='line_1_25' title="bbox 223 3490 1588 3590; baseline -0.001 -23"><span class='ocrx_word' id='word_1_178' title='bbox 223 3497 319 3580; x_wconf 90' lang='lat' dir='ltr'><strong>sium,</strong></span> <span class='ocrx_word' id='word_1_179' title='bbox 345 3492 573 3581; x_wconf 83' lang='lat' dir='ltr'><strong>Athanasium,</strong></span> <span class='ocrx_word' id='word_1_180' title='bbox 602 3490 776 3590; x_wconf 72' lang='lat' dir='ltr'><strong>cyrillum,</strong></span> <span class='ocrx_word' id='word_1_181' title='bbox 801 3492 980 3581; x_wconf 78' lang='lat' dir='ltr'><strong>Serenum,</strong></span> <span class='ocrx_word' id='word_1_182' title='bbox 1006 3501 1040 3562; x_wconf 88' lang='lat' dir='ltr'><strong>et</strong></span> <span class='ocrx_word' id='word_1_183' title='bbox 1055 3490 1202 3586; x_wconf 91' lang='lat' dir='ltr'><strong>reliquos</strong></span> <span class='ocrx_word' id='word_1_184' title='bbox 1224 3492 1342 3564; x_wconf 89' lang='lat' dir='ltr'><strong>Patres</strong></span> <span class='ocrx_word' id='word_1_185' title='bbox 1360 3490 1588 3583; x_wconf 87' lang='lat' dir='ltr'><strong>Orthodoxos,</strong></span> 
     </span>
     <span class='ocr_line' id='line_1_26' title="bbox 224 3608 1587 3705; baseline 0 -25"><span class='ocrx_word' id='word_1_186' title='bbox 224 3613 279 3705; x_wconf 90' lang='lat' dir='ltr'><strong>qui</strong></span> <span class='ocrx_word' id='word_1_187' title='bbox 307 3609 475 3704; x_wconf 86' lang='lat' dir='ltr'><strong>expedite,</strong></span> <span class='ocrx_word' id='word_1_188' title='bbox 503 3619 637 3682; x_wconf 90' lang='lat' dir='ltr'><strong>etcum</strong></span> <span class='ocrx_word' id='word_1_189' title='bbox 664 3631 792 3682; x_wconf 90' lang='lat' dir='ltr'><strong>summa</strong></span> <span class='ocrx_word' id='word_1_190' title='bbox 818 3610 957 3679; x_wconf 89' lang='lat' dir='ltr'><strong>caritate</strong></span> <span class='ocrx_word' id='word_1_191' title='bbox 982 3616 1216 3701; x_wconf 88' lang='lat' dir='ltr'><strong>pugnaverunt</strong></span> <span class='ocrx_word' id='word_1_192' title='bbox 1250 3629 1311 3701; x_wconf 93' lang='lat' dir='ltr'><strong>pro</strong></span> <span class='ocrx_word' id='word_1_193' title='bbox 1338 3608 1453 3682; x_wconf 88' lang='lat' dir='ltr'><strong>Verbo</strong></span> <span class='ocrx_word' id='word_1_194' title='bbox 1488 3613 1587 3682; x_wconf 89' lang='lat' dir='ltr'><strong>veri-</strong></span> 
     </span>
     <span class='ocr_line' id='line_1_27' title="bbox 221 3725 1585 3820; baseline 0 -23"><span class='ocrx_word' id='word_1_195' title='bbox 221 3729 310 3814; x_wconf 81' lang='lat' dir='ltr'><strong>tatis,</strong></span> <span class='ocrx_word' id='word_1_196' title='bbox 336 3747 451 3820; x_wconf 72' lang='lat' dir='ltr'><strong>neque</strong></span> <span class='ocrx_word' id='word_1_197' title='bbox 472 3725 635 3799; x_wconf 89' lang='lat' dir='ltr'><strong>ullatenus</strong></span> <span class='ocrx_word' id='word_1_198' title='bbox 661 3729 816 3797; x_wconf 88' lang='lat' dir='ltr'><strong>virtutem</strong></span> <span class='ocrx_word' id='word_1_199' title='bbox 843 3728 942 3796; x_wconf 90' lang='lat' dir='ltr'><strong>animi</strong></span> <span class='ocrx_word' id='word_1_200' title='bbox 968 3726 1002 3794; x_wconf 92' lang='lat' dir='ltr'><strong>in</strong></span> <span class='ocrx_word' id='word_1_201' title='bbox 1034 3746 1072 3795; x_wconf 91' lang='lat' dir='ltr'><strong>se</strong></span> <span class='ocrx_word' id='word_1_202' title='bbox 1105 3726 1305 3794; x_wconf 90' lang='lat' dir='ltr'><strong>imminutam</strong></span> <span class='ocrx_word' id='word_1_203' title='bbox 1338 3729 1470 3820; x_wconf 84' lang='lat' dir='ltr'><strong>experti</strong></span> <span class='ocrx_word' id='word_1_204' title='bbox 1502 3736 1585 3797; x_wconf 88' lang='lat' dir='ltr'><strong>suut.</strong></span> 
     </span>
    </p>

    <p class='ocr_par' dir='ltr' id='par_1_8' title="bbox 221 3838 1586 4402">
     <span class='ocr_line' id='line_1_28' title="bbox 326 3838 1586 3931; baseline 0.002 -17"><span class='ocrx_word' id='word_1_205' title='bbox 326 3843 476 3915; x_wconf 80' lang='lat' dir='ltr'><strong>Eteonos</strong></span> <span class='ocrx_word' id='word_1_206' title='bbox 500 3865 626 3914; x_wconf 81' lang='lat' dir='ltr'><strong>vocem.</strong></span> <span class='ocrx_word' id='word_1_207' title='bbox 680 3842 766 3927; x_wconf 81' lang='lat' dir='ltr'><strong>Quia</strong></span> <span class='ocrx_word' id='word_1_208' title='bbox 793 3850 827 3911; x_wconf 89' lang='lat' dir='ltr'><strong>tu</strong></span> <span class='ocrx_word' id='word_1_209' title='bbox 852 3838 1031 3912; x_wconf 89' lang='lat' dir='ltr'><strong>retributor</strong></span> <span class='ocrx_word' id='word_1_210' title='bbox 1053 3842 1162 3931; x_wconf 89' lang='lat' dir='ltr'><strong>justus</strong></span> <span class='ocrx_word' id='word_1_211' title='bbox 1182 3862 1239 3926; x_wconf 82' lang='lat' dir='ltr'><strong>es,</strong></span> <span class='ocrx_word' id='word_1_212' title='bbox 1259 3849 1294 3911; x_wconf 92' lang='lat' dir='ltr'><strong>et</strong></span> <span class='ocrx_word' id='word_1_213' title='bbox 1313 3843 1501 3914; x_wconf 88' lang='lat' dir='ltr'><strong>mercedem</strong></span> <span class='ocrx_word' id='word_1_214' title='bbox 1520 3848 1586 3916; x_wconf 91' lang='lat' dir='ltr'><strong>tri-</strong></span> 
     </span>
     <span class='ocr_line' id='line_1_29' title="bbox 222 3955 1585 4054; baseline 0.003 -26"><span class='ocrx_word' id='word_1_215' title='bbox 222 3955 340 4047; x_wconf 89' lang='lat' dir='ltr'><strong>buens,</strong></span> <span class='ocrx_word' id='word_1_216' title='bbox 367 3958 431 4031; x_wconf 91' lang='lat' dir='ltr'><strong>illis</strong></span> <span class='ocrx_word' id='word_1_217' title='bbox 458 3963 556 4031; x_wconf 91' lang='lat' dir='ltr'><strong>etiam</strong></span> <span class='ocrx_word' id='word_1_218' title='bbox 584 3962 637 4054; x_wconf 88' lang='lat' dir='ltr'><strong>qui</strong></span> <span class='ocrx_word' id='word_1_219' title='bbox 663 3981 729 4030; x_wconf 88' lang='lat' dir='ltr'><strong>uno</strong></span> <span class='ocrx_word' id='word_1_220' title='bbox 754 3957 836 4030; x_wconf 91' lang='lat' dir='ltr'><strong>hora</strong></span> <span class='ocrx_word' id='word_1_221' title='bbox 862 3957 1103 4030; x_wconf 90' lang='lat' dir='ltr'><strong>laboraverunt</strong></span> <span class='ocrx_word' id='word_1_222' title='bbox 1127 3960 1162 4026; x_wconf 92' lang='lat' dir='ltr'><strong>in</strong></span> <span class='ocrx_word' id='word_1_223' title='bbox 1188 3958 1288 4028; x_wconf 91' lang='lat' dir='ltr'><strong>vinea</strong></span> <span class='ocrx_word' id='word_1_224' title='bbox 1315 3965 1381 4027; x_wconf 88' lang='lat' dir='ltr'><strong>tua.</strong></span> <span class='ocrx_word' id='word_1_225' title='bbox 1419 3958 1585 4032; x_wconf 90' lang='lat' dir='ltr'><strong>lllemento</strong></span> 
     </span>
     <span class='ocr_line' id='line_1_30' title="bbox 221 4072 1585 4171; baseline 0.001 -27"><span class='ocrx_word' id='word_1_226' title='bbox 221 4077 333 4165; x_wconf 89' lang='lat' dir='ltr'><strong>igitur,</strong></span> <span class='ocrx_word' id='word_1_227' title='bbox 360 4074 514 4164; x_wconf 86' lang='lat' dir='ltr'><strong>Domine,</strong></span> <span class='ocrx_word' id='word_1_228' title='bbox 541 4079 770 4171; x_wconf 89' lang='lat' dir='ltr'><strong>operariorum</strong></span> <span class='ocrx_word' id='word_1_229' title='bbox 798 4084 926 4145; x_wconf 90' lang='lat' dir='ltr'><strong>tuorum</strong></span> <span class='ocrx_word' id='word_1_230' title='bbox 953 4072 1185 4168; x_wconf 88' lang='lat' dir='ltr'><strong>spiritualium:</strong></span> <span class='ocrx_word' id='word_1_231' title='bbox 1211 4072 1367 4145; x_wconf 90' lang='lat' dir='ltr'><strong>luminum</strong></span> <span class='ocrx_word' id='word_1_232' title='bbox 1393 4095 1479 4167; x_wconf 88' lang='lat' dir='ltr'><strong>quae</strong></span> <span class='ocrx_word' id='word_1_233' title='bbox 1504 4075 1585 4146; x_wconf 90' lang='lat' dir='ltr'><strong>illu-</strong></span> 
     </span>
     <span class='ocr_line' id='line_1_31' title="bbox 222 4187 1584 4285; baseline 0.001 -24"><span class='ocrx_word' id='word_1_234' title='bbox 222 4199 414 4263; x_wconf 87' lang='lat' dir='ltr'><strong>stravemnt</strong></span> <span class='ocrx_word' id='word_1_235' title='bbox 438 4190 625 4266; x_wconf 85' lang='lat' dir='ltr'><strong>Ecclesiam</strong></span> <span class='ocrx_word' id='word_1_236' title='bbox 653 4202 741 4264; x_wconf 89' lang='lat' dir='ltr'><strong>tuam</strong></span> <span class='ocrx_word' id='word_1_237' title='bbox 769 4200 932 4262; x_wconf 87' lang='lat' dir='ltr'><strong>sanctam:</strong></span> <span class='ocrx_word' id='word_1_238' title='bbox 960 4190 1039 4262; x_wconf 90' lang='lat' dir='ltr'><strong>salis</strong></span> <span class='ocrx_word' id='word_1_239' title='bbox 1066 4192 1142 4285; x_wconf 92' lang='lat' dir='ltr'><strong>puri</strong></span> <span class='ocrx_word' id='word_1_240' title='bbox 1178 4198 1211 4259; x_wconf 93' lang='lat' dir='ltr'><strong>et</strong></span> <span class='ocrx_word' id='word_1_241' title='bbox 1237 4187 1436 4284; x_wconf 88' lang='lat' dir='ltr'><strong>purificantis</strong></span> <span class='ocrx_word' id='word_1_242' title='bbox 1463 4190 1584 4262; x_wconf 86' lang='lat' dir='ltr'><strong>Evan-</strong></span> 
     </span>
     <span class='ocr_line' id='line_1_32' title="bbox 223 4303 1584 4402; baseline 0.003 -26"><span class='ocrx_word' id='word_1_243' title='bbox 223 4306 300 4398; x_wconf 90' lang='lat' dir='ltr'><strong>gelii</strong></span> <span class='ocrx_word' id='word_1_244' title='bbox 322 4309 366 4378; x_wconf 90' lang='lat' dir='ltr'><strong>tui</strong></span> <span class='ocrx_word' id='word_1_245' title='bbox 387 4308 504 4380; x_wconf 86' lang='lat' dir='ltr'><strong>divini:</strong></span> <span class='ocrx_word' id='word_1_246' title='bbox 532 4309 758 4382; x_wconf 90' lang='lat' dir='ltr'><strong>columbarum</strong></span> <span class='ocrx_word' id='word_1_247' title='bbox 779 4305 1013 4402; x_wconf 87' lang='lat' dir='ltr'><strong>perfectarum,</strong></span> <span class='ocrx_word' id='word_1_248' title='bbox 1040 4327 1126 4400; x_wconf 88' lang='lat' dir='ltr'><strong>quae</strong></span> <span class='ocrx_word' id='word_1_249' title='bbox 1140 4308 1224 4376; x_wconf 89' lang='lat' dir='ltr'><strong>retia</strong></span> <span class='ocrx_word' id='word_1_250' title='bbox 1240 4303 1403 4376; x_wconf 88' lang='lat' dir='ltr'><strong>mendacii</strong></span> <span class='ocrx_word' id='word_1_251' title='bbox 1418 4309 1584 4380; x_wconf 90' lang='lat' dir='ltr'><strong>vicerunt:</strong></span> 
     </span>
    </p>
   </div>
   <div class='ocr_carea' id='block_1_3' title="bbox 221 4411 1586 5219">
    <p class='ocr_par' dir='ltr' id='par_1_9' title="bbox 221 4411 1586 5219">
     <span class='ocr_line' id='line_1_33' title="bbox 223 4411 1586 4521; baseline 0.002 -28"><span class='ocrx_word' id='word_1_252' title='bbox 223 4444 384 4514; x_wconf 90' lang='lat' dir='ltr'><strong>agnorum</strong></span> <span class='ocrx_word' id='word_1_253' title='bbox 411 4447 578 4519; x_wconf 92' lang='lat' dir='ltr'><strong>purorum,</strong></span> <span class='ocrx_word' id='word_1_254' title='bbox 607 4429 662 4521; x_wconf 89' lang='lat' dir='ltr'><strong>qui</strong></span> <span class='ocrx_word' id='word_1_255' title='bbox 688 4435 870 4519; x_wconf 87' lang='lat' dir='ltr'><strong>coeperunt</strong></span> <span class='ocrx_word' id='word_1_256' title='bbox 888 4424 986 4519; x_wconf 93' lang='lat' dir='ltr'><strong>lupos</strong></span> <span class='ocrx_word' id='word_1_257' title='bbox 1008 4421 1168 4495; x_wconf 89' lang='lat' dir='ltr'><strong>hostiliter</strong></span> <span class='ocrx_word' id='word_1_258' title='bbox 1183 4424 1361 4495; x_wconf 88' lang='lat' dir='ltr'><strong>irruentes:</strong></span> <span class='ocrx_word' id='word_1_259' title='bbox 1388 4445 1503 4495; x_wconf 90' lang='lat' dir='ltr'><strong>eorum</strong></span> <span class='ocrx_word' id='word_1_260' title='bbox 1526 4411 1586 4519; x_wconf 82' lang='lat' dir='ltr'><strong>&#39;qui</strong></span> 
     </span>
     <span class='ocr_line' id='line_1_34' title="bbox 221 4537 1583 4637; baseline 0 -27"><span class='ocrx_word' id='word_1_261' title='bbox 221 4542 398 4612; x_wconf 87' lang='lat' dir='ltr'><strong>veritatem</strong></span> <span class='ocrx_word' id='word_1_262' title='bbox 426 4552 654 4637; x_wconf 82' lang='lat' dir='ltr'><strong>portaverunt,</strong></span> <span class='ocrx_word' id='word_1_263' title='bbox 682 4545 737 4636; x_wconf 88' lang='lat' dir='ltr'><strong>qui</strong></span> <span class='ocrx_word' id='word_1_264' title='bbox 762 4540 1039 4636; x_wconf 88' lang='lat' dir='ltr'><strong>praedicaverunt</strong></span> <span class='ocrx_word' id='word_1_265' title='bbox 1053 4537 1275 4630; x_wconf 79' lang='lat' dir='ltr'><strong>Evangelitun</strong></span> <span class='ocrx_word' id='word_1_266' title='bbox 1291 4546 1392 4626; x_wconf 87' lang='lat' dir='ltr'><strong>tuum,</strong></span> <span class='ocrx_word' id='word_1_267' title='bbox 1419 4543 1473 4632; x_wconf 90' lang='lat' dir='ltr'><strong>qui</strong></span> <span class='ocrx_word' id='word_1_268' title='bbox 1499 4562 1583 4635; x_wconf 93' lang='lat' dir='ltr'><strong>per-</strong></span> 
     </span>
     <span class='ocr_line' id='line_1_35' title="bbox 222 4655 1583 4754; baseline -0.003 -24"><span class='ocrx_word' id='word_1_269' title='bbox 222 4661 427 4731; x_wconf 88' lang='lat' dir='ltr'><strong>secutionem</strong></span> <span class='ocrx_word' id='word_1_270' title='bbox 454 4661 546 4752; x_wconf 91' lang='lat' dir='ltr'><strong>passi</strong></span> <span class='ocrx_word' id='word_1_271' title='bbox 572 4669 659 4747; x_wconf 91' lang='lat' dir='ltr'><strong>sunt,</strong></span> <span class='ocrx_word' id='word_1_272' title='bbox 685 4667 824 4754; x_wconf 91' lang='lat' dir='ltr'><strong>propter</strong></span> <span class='ocrx_word' id='word_1_273' title='bbox 849 4678 969 4728; x_wconf 91' lang='lat' dir='ltr'><strong>nomen</strong></span> <span class='ocrx_word' id='word_1_274' title='bbox 996 4665 1097 4743; x_wconf 90' lang='lat' dir='ltr'><strong>tuum,</strong></span> <span class='ocrx_word' id='word_1_275' title='bbox 1127 4656 1182 4749; x_wconf 90' lang='lat' dir='ltr'><strong>qui</strong></span> <span class='ocrx_word' id='word_1_276' title='bbox 1208 4655 1430 4727; x_wconf 89' lang='lat' dir='ltr'><strong>sustinuerunt</strong></span> <span class='ocrx_word' id='word_1_277' title='bbox 1456 4666 1583 4732; x_wconf 87' lang='lat' dir='ltr'><strong>aestum</strong></span> 
     </span>
     <span class='ocr_line' id='line_1_36' title="bbox 222 4768 1583 4869; baseline 0.001 -24"><span class='ocrx_word' id='word_1_278' title='bbox 222 4774 288 4846; x_wconf 93' lang='lat' dir='ltr'><strong>diei</strong></span> <span class='ocrx_word' id='word_1_279' title='bbox 314 4786 348 4847; x_wconf 93' lang='lat' dir='ltr'><strong>et</strong></span> <span class='ocrx_word' id='word_1_280' title='bbox 372 4775 497 4867; x_wconf 83' lang='lat' dir='ltr'><strong>frigus:</strong></span> <span class='ocrx_word' id='word_1_281' title='bbox 530 4796 645 4846; x_wconf 92' lang='lat' dir='ltr'><strong>eorum</strong></span> <span class='ocrx_word' id='word_1_282' title='bbox 677 4776 732 4869; x_wconf 83' lang='lat' dir='ltr'><strong>qui</strong></span> <span class='ocrx_word' id='word_1_283' title='bbox 768 4797 787 4844; x_wconf 97' lang='lat' dir='ltr'><strong>a</strong></span> <span class='ocrx_word' id='word_1_284' title='bbox 813 4795 910 4845; x_wconf 91' lang='lat' dir='ltr'><strong>mane</strong></span> <span class='ocrx_word' id='word_1_285' title='bbox 937 4794 1043 4868; x_wconf 89' lang='lat' dir='ltr'><strong>usque</strong></span> <span class='ocrx_word' id='word_1_286' title='bbox 1069 4770 1125 4843; x_wconf 88' lang='lat' dir='ltr'><strong>ad·</strong></span> <span class='ocrx_word' id='word_1_287' title='bbox 1139 4792 1317 4866; x_wconf 87' lang='lat' dir='ltr'><strong>vesperum</strong></span> <span class='ocrx_word' id='word_1_288' title='bbox 1343 4768 1583 4846; x_wconf 90' lang='lat' dir='ltr'><strong>laboraverunt</strong></span> 
     </span>
     <span class='ocr_line' id='line_1_37' title="bbox 222 4878 1582 4989; baseline 0.001 -28"><span class='ocrx_word' id='word_1_289' title='bbox 222 4901 256 4962; x_wconf 89' lang='lat' dir='ltr'><strong>et</strong></span> <span class='ocrx_word' id='word_1_290' title='bbox 283 4878 536 4989; x_wconf 83' lang='lat' dir='ltr'><strong>extirpaveiunl</strong></span> <span class='ocrx_word' id='word_1_291' title='bbox 560 4893 687 4964; x_wconf 83' lang='lat' dir='ltr'><strong>zizania</strong></span> <span class='ocrx_word' id='word_1_292' title='bbox 720 4913 766 4961; x_wconf 88' lang='lat' dir='ltr'><strong>ex</strong></span> <span class='ocrx_word' id='word_1_293' title='bbox 800 4911 882 4982; x_wconf 89' lang='lat' dir='ltr'><strong>agro</strong></span> <span class='ocrx_word' id='word_1_294' title='bbox 909 4898 984 4961; x_wconf 91' lang='lat' dir='ltr'><strong>tuo:</strong></span> <span class='ocrx_word' id='word_1_295' title='bbox 1011 4891 1066 4982; x_wconf 88' lang='lat' dir='ltr'><strong>qui</strong></span> <span class='ocrx_word' id='word_1_296' title='bbox 1092 4887 1325 4983; x_wconf 90' lang='lat' dir='ltr'><strong>plantaverunt</strong></span> <span class='ocrx_word' id='word_1_297' title='bbox 1357 4888 1390 4956; x_wconf 93' lang='lat' dir='ltr'><strong>iu</strong></span> <span class='ocrx_word' id='word_1_298' title='bbox 1424 4889 1582 4984; x_wconf 88' lang='lat' dir='ltr'><strong>paradiso</strong></span> 
     </span>
     <span class='ocr_line' id='line_1_38' title="bbox 223 5001 1583 5099; baseline -0.001 -22"><span class='ocrx_word' id='word_1_299' title='bbox 223 5007 362 5080; x_wconf 91' lang='lat' dir='ltr'><strong>arbores</strong></span> <span class='ocrx_word' id='word_1_300' title='bbox 388 5007 536 5081; x_wconf 84' lang='lat' dir='ltr'><strong>ferentes</strong></span> <span class='ocrx_word' id='word_1_301' title='bbox 562 5006 686 5078; x_wconf 80' lang='lat' dir='ltr'><strong>fructus</strong></span> <span class='ocrx_word' id='word_1_302' title='bbox 710 5007 872 5099; x_wconf 88' lang='lat' dir='ltr'><strong>justitias:</strong></span> <span class='ocrx_word' id='word_1_303' title='bbox 905 5007 959 5099; x_wconf 90' lang='lat' dir='ltr'><strong>qui</strong></span> <span class='ocrx_word' id='word_1_304' title='bbox 993 5013 1193 5099; x_wconf 87' lang='lat' dir='ltr'><strong>potaverunt</strong></span> <span class='ocrx_word' id='word_1_305' title='bbox 1219 5001 1351 5074; x_wconf 90' lang='lat' dir='ltr'><strong>llumine</strong></span> <span class='ocrx_word' id='word_1_306' title='bbox 1376 5002 1583 5096; x_wconf 82' lang='lat' dir='ltr'><strong>Theologiae</strong></span> 
     </span>
     <span class='ocr_line' id='line_1_39' title="bbox 222 5117 1583 5219; baseline -0.002 -23"><span class='ocrx_word' id='word_1_307' title='bbox 222 5117 370 5198; x_wconf 86' lang='lat' dir='ltr'><strong>sitientes</strong></span> <span class='ocrx_word' id='word_1_308' title='bbox 397 5129 512 5218; x_wconf 87' lang='lat' dir='ltr'><strong>gregis</strong></span> <span class='ocrx_word' id='word_1_309' title='bbox 538 5128 604 5197; x_wconf 84' lang='lat' dir='ltr'><strong>tui:</strong></span> <span class='ocrx_word' id='word_1_310' title='bbox 639 5126 693 5219; x_wconf 90' lang='lat' dir='ltr'><strong>qui</strong></span> <span class='ocrx_word' id='word_1_311' title='bbox 724 5125 895 5215; x_wconf 88' lang='lat' dir='ltr'><strong>ejecerunt</strong></span> <span class='ocrx_word' id='word_1_312' title='bbox 928 5144 973 5193; x_wconf 82' lang='lat' dir='ltr'><strong>ex</strong></span> <span class='ocrx_word' id='word_1_313' title='bbox 1003 5118 1157 5193; x_wconf 87' lang='lat' dir='ltr'><strong>Ecclesia</strong></span> <span class='ocrx_word' id='word_1_314' title='bbox 1187 5130 1242 5191; x_wconf 89' lang='lat' dir='ltr'><strong>tua</strong></span> <span class='ocrx_word' id='word_1_315' title='bbox 1275 5141 1391 5194; x_wconf 93' lang='lat' dir='ltr'><strong>omnes</strong></span> <span class='ocrx_word' id='word_1_316' title='bbox 1424 5120 1583 5194; x_wconf 89' lang='lat' dir='ltr'><strong>haereses</strong></span> 
     </span>
    </p>
   </div>
   <div class='ocr_carea' id='block_1_4' title="bbox 0 0 2268 6034">
    <p class='ocr_par' dir='ltr' id='par_1_10' title="bbox 0 0 2268 6034">
     <span class='ocr_line' id='line_1_40' title="bbox 0 0 2268 6034; baseline 0 1"><span class='ocrx_word' id='word_1_317' title='bbox 0 0 2268 6034; x_wconf 95' lang='lat' dir='ltr'><strong> </strong></span> 
     </span>
    </p>
   </div>
  </div>
 </body>
</html>
