4525 6034
636 530 719 649 ἱ362
1021 524 1627 605 DEPATRIARGHA

642 853 819 926 scoporum
847 832 1033 919 autoritati,
1060 830 1285 902 ordinationis
1312 839 1424 901 tamcn
1450 832 1745 925 praerogativam,
1779 851 1822 901 eo
1850 834 1926 924 ipso
1953 850 2023 923 quo

642 948 819 1020 abutuntur
844 946 1015 1018 Haeretici
1040 948 1231 1018 testimonio
1265 945 1455 1033 confirmat,
1489 969 1554 1040 qua
1590 945 1758 1040 simplices
1793 945 2025 1041 Presbyteros

643 1063 833 1159 superent?
866 1063 927 1134 His
961 1061 1098 1153 adjungi
1123 1070 1237 1157 potest
1263 1071 1492 1153 argumentum
1519 1083 1565 1132 ex
1590 1064 1664 1156 ipso
1690 1060 1856 1156 Eutychio
1882 1064 2026 1155 petitum
2162 1133 2164 1136 Α

644 1182 701 1275 qui
726 1189 805 1275 post
831 1189 962 1274 captam
989 1178 1202 1272 Aegyptum,
1236 1177 1336 1249 docet
1363 1176 1536 1250 Melcbitas
1563 1199 1664 1267 suos,
1704 1200 1778 1247 cum
1804 1175 2025 1247 Alexandri-

643 1318 721 1366 num
736 1294 962 1366 Patriarcbam
989 1316 1051 1389 per
1077 1315 1184 1365 annos
1211 1297 1394 1385 nonaginta
1421 1304 1550 1387 septem
1575 1315 1644 1365 non
1669 1290 1848 1379 baberent,
1876 1291 1918 1362 ad
1931 1290 2024 1385 Epi-

645 1431 770 1505 scopos
798 1411 882 1505 Tyri
916 1412 1048 1481 misisse
1083 1408 1287 1481 ordinandos
1322 1407 1521 1504 Episcopos.
1587 1408 1625 1481 Si
1656 1406 1741 1479 baec
1776 1408 1906 1480 traditio
1940 1417 2026 1479 nota

642 1525 779 1616 fuisset,
807 1536 879 1596 erat
904 1532 982 1596 tunc
1006 1527 1040 1595 in
1066 1547 1194 1597 summa
1227 1546 1340 1595 rerum
1371 1527 1574 1597 necessitate
1606 1524 1719 1614 locus,
1754 1534 1790 1594 ut
1822 1522 2026 1620 Presbyteri

644 1643 754 1713 veteri
780 1640 836 1712 illo
864 1662 925 1712 suo
948 1644 1026 1733 jure
1052 1650 1240 1712 uterentur:
1267 1662 1377 1734 neque
1404 1663 1479 1712 cum
1506 1643 1604 1712 tantis
1630 1639 1786 1735 periculis
1813 1650 1910 1711 extra
1932 1664 2027 1735 pro-

644 1760 789 1828 vinciam
817 1755 1044 1829 ordinationes
1070 1765 1271 1851 peterentur.
1299 1755 1446 1845 Verum,
1472 1764 1509 1827 ut
1535 1766 1632 1828 autor
1657 1756 1825 1829 Historiae
1840 1754 2026 1828 Ecclesia-

643 1876 749 1946 sticae
775 1882 869 1944 recte
895 1871 1110 1962 observavit,
1138 1882 1205 1944 tam
1232 1876 1358 1965 exigna
1385 1881 1437 1947 est
1465 1871 1604 1944 bominis
1631 1871 1781 1963 barbari,
1808 1881 1850 1943 vct
1881 1873 2024 1945 saeculo

644 1988 687 2060 Χ.
715 1987 890 2062 scribentis
917 1991 1098 2079 autoritas,
1125 1988 1168 2059 de
1194 1986 1259 2059 illis
1285 1987 1387 2062 rebus
1416 2011 1503 2083 quae
1529 1989 1678 2060 secundo
1711 1987 1769 2059 vel
1801 1991 1900 2060 tertio
1935 2011 2025 2060 sae-

620 2105 723 2178 ‘culo
757 2107 879 2196 'gestae
915 2113 1009 2193 sunt,
1045 2114 1081 2175 ut
1116 2126 1190 2176 enm
1217 2103 1323 2176 insius
1359 2104 1517 2176 refellere
1544 2126 1647 2200 opera
1680 2107 1723 2177 sit
1752 2102 1843 2175 abuti
1873 2125 1944 2176 sua.
1988 2104 2028 2176 Si

645 2231 756 2292 tamen
784 2230 873 2292 tanta
899 2221 1033 2298 videtur
1060 2242 1139 2294 csse
1165 2219 1447 2308 Protestantibus,
1484 2231 1665 2315 sequantur
1697 2242 1773 2292 eam
1801 2222 1835 2291 in
1868 2220 2026 2293 omnibus

646 2336 720 2409 aliis
745 2336 823 2408 tidei
850 2346 906 2408 ant
933 2336 1127 2431 disciplinae
1154 2336 1336 2432 capitibus,
1364 2347 1398 2408 et
1425 2359 1463 2411 se
1489 2345 1587 2407 extra
1604 2336 1795 2408 Ecclesiam
1813 2332 2025 2408 Catholicam

647 2475 726 2527 esse
752 2456 862 2545 statim
890 2462 1085 2544 agnoscent.
1343 2538 1345 2547 y

357 2576 633 2648 H⁰d⁰2²¹tse¹¹di¹²a·
750 2568 874 2640 XXlX.
900 2567 1027 2639 V‘ernm
1053 2578 1089 2639 nt
1110 2571 1181 2660 jam
1209 2567 1252 2639 ad
1273 2568 1407 2640 modum
1426 2567 1598 2640 electionis
1621 2571 1655 2639 in
1667 2566 1869 2641 Patriarcbis
1893 2590 2025 2639 crean-

323 2663 469 2717 ¹¹¹⁸¹⁰¹¹³¹⁰·
517 2778 521 2784 .
648 2685 699 2755 dis
726 2680 941 2756 observatum
967 2687 1160 2773 veniamus,
1188 2705 1274 2777 quae
1302 2692 1379 2755 anm
1404 2683 1720 2756 llubamedanornm
1755 2693 1906 2780 tempora
1932 2684 2026 2757 facta

648 2809 736 2888 sunt,
763 2802 954 2889 omittimus,
981 2798 1207 2893 quianullum
1240 2798 1472 2872 Alexandrina
1507 2798 1661 2874 Ecclesia
1695 2800 1900 2892 singularem
1933 2823 2027 2872 con-

641 725 753 788 tamen
780 698 879 788 nemo
906 717 1070 787 meminit:
1096 735 1164 786 non
1191 717 1266 809 ipse
1290 712 1534 810 Hieronymus,
1562 716 1617 808 qui
1642 737 1760 809 parum
1785 713 1908 787 favens
1928 711 2025 808 Epi·

337 1351 446 1423 Eutycb.
464 1354 489 1406 T.
499 1357 524 1407 2.
532 1373 559 1424 p.
568 1355 632 1409 385.

647 2914 852 2987 suetudinem
878 2913 1009 3005 babuit,
1035 2917 1101 2987 nisi
1125 2913 1273 2988 fortasse
1296 2917 1350 3006 jus
1378 2915 1456 2987 illud
1483 2914 1788 3011 Presbyterorum,
1813 2925 1849 2987 ut
1864 2939 1966 2987 anum
1980 2938 2028 2987 ex

571 3104 576 3127 ι
646 3052 785 3102 numero
814 3052 876 3103 sno
904 3030 1086 3122 eligerent,
1115 3029 1203 3125 quod
1231 3028 1308 3102 alibi
1334 3035 1434 3103 etiam
1468 3029 1734 3121 observabatur,
1768 3034 1813 3103 ita
1844 3040 1958 3102 tamma
1991 3041 2028 3101 ut

648 3145 768 3219 electio
794 3130 909 3242 populi
935 3146 1102 3238 suffragiis
1130 3146 1396 3235 confirmaretur,
1430 3156 1464 3218 et
1491 3147 1533 3219 ab
1560 3146 1740 3242 Episcopis
1768 3149 2046 3219 consecratione*

586 3342 589 3348 ⁴
647 3261 874 3357 perficeretur.
928 3260 1131 3334 Athanasius
1159 3271 1232 3347 erat
1256 3265 1290 3333 in
1318 3261 1434 3335 ordine
1459 3262 1684 3350 Diaconatus‚
1718 3285 1792 3333 cum
1824 3262 1866 3334 ad
1898 3284 2028 3357 supre-

647 3399 736 3449 mam
762 3376 937 3450 Ecclesiae
965 3400 1047 3450 suae
1074 3377 1265 3470 dignitatem
1294 3387 1460 3450 assumtus
1487 3387 1553 3450 est:
1582 3399 1699 3450 omnes
1719 3377 1884 3449 electione
1903 3377 2028 3474 plebis,

649 3492 860 3565 sacerdotum
886 3504 920 3564 et
938 3492 1186 3590 Episcoporum
1214 3493 1255 3566 ad
1282 3492 1542 3565 Patriarcbatum
1560 3503 1807 3588 pervenerunt,
1834 3516 1903 3566 non
1922 3495 2027 3567 modo

648 3609 824 3682 Athanasii
849 3631 1068 3684 successores
1095 3613 1208 3706 primi,
1235 3620 1410 3705 antequam
1436 3607 1595 3682 Ecclesia
1620 3610 1827 3682 scinderetur
1861 3633 1882 3681 a
1914 3610 2027 3683 Jaco-

648 3724 741 3798 bitis:
776 3725 836 3798 sed
868 3729 966 3797 etiam
1004 3728 1059 3820 qui
1091 3724 1280 3815 Dioscoro,
1313 3724 1369 3797 ubi
1400 3728 1434 3796 in
1470 3725 1573 3797 exilio
1607 3735 1755 3798 mortuus
1790 3737 1860 3817 est,
1900 3750 1922 3797 a
1955 3729 2027 3800 suis

650 3842 872 3915 sectatoribus
899 3841 1027 3914 suffecti
1054 3851 1138 3914 sunt.
1174 3841 1342 3916 Constans
1370 3840 1412 3913 ab
1440 3864 1483 3913 eo
1510 3851 1661 3935 tempore
1689 3840 1860 3937 disciplina
1885 3841 1964 3932 brit,
1993 3852 2029 3914 ut

649 3968 728 4051 post
769 3956 892 4029 obitum
931 3957 1196 4030 Patriarcharum
1234 3958 1394 4054 Episcopi
1429 3957 1669 4033 Alexandriam
1714 3962 1951 4046 convenirent,
1994 3967 2029 4029 et

649 4082 826 4169 postquam
852 4073 1085 4145 Mubamedani
1110 4097 1223 4146 rerum
1249 4077 1344 4171 potiti
1380 4083 1473 4164 sunt,
1507 4073 1683 4167 aliquando
1717 4071 1861 4147 Oabirae
1891 4077 2027 4147 comitia

649 4190 886 4261 Patriarcbalia
913 4189 1024 4262 habita
1052 4201 1145 4263 sunt:
1174 4188 1372 4285 aliquamdiu
1399 4189 1593 4261 alternatum
1620 4197 1692 4279 est,
1727 4192 1773 4262 ita
1804 4200 1841 4261 ut
1864 4189 2027 4260 Alexan-

650 4306 761 4393 driae,
789 4317 824 4378 et
849 4306 926 4378 dein
954 4304 1097 4380 Gabbae
1124 4309 1369 4378 conveniretur.
1396 4305 1441 4377 Et
1467 4308 1496 4378 si
1523 4302 1655 4399 qnando
1684 4306 1780 4377 vices
1814 4313 1909 4376 erant
1933 4303 2027 4378 Ale-

648 4421 887 4493 xandrinorum
914 4431 1085 4492 ettamen
1113 4425 1147 4493 in
1180 4421 1285 4494 altera
1316 4421 1402 4493 urbe
1436 4419 1703 4509 celebrarentur,
1737 4420 1958 4492 Alexandrini
1993 4423 2028 4490 in

622 4536 815 4621 'electione
841 4539 1039 4632 praecipuas
1066 4547 1180 4632 partes
1207 4535 1383 4611 habebant.

368 4661 418 4724 om
436 4664 468 4716 aa
486 4661 638 4715 erectionem
754 4654 863 4725 XXX.
892 4650 956 4739 Qui
981 4674 1083 4748 porro
1112 4653 1154 4725 ad
1181 4676 1223 4726 ea
1250 4653 1489 4742 convenirent,
1517 4651 1616 4725 docet
1641 4673 1705 4724 nos
1733 4650 1922 4747 exemplam
1942 4650 2026 4722 lite·

325 4752 503 4803 ⁰⁰¹¹l⁰¹¹¹i⁹¹¹l
620 4847 626 4865 Κ
650 4792 762 4842 rarum
790 4764 1025 4865 svstaticarum
1053 4793 1140 4864 quae
1166 4777 1283 4841 extant
1308 4771 1342 4839 in
1367 4766 1553 4839 Pontificali
1579 4776 1613 4838 et
1638 4769 1671 4837 in
1689 4766 1896 4839 collectione
1910 4766 2025 4843 Abul-
2094 4817 2099 4824 -

650 4884 778 4976 bircat,
805 4907 925 4980 nempe
942 4885 1122 4980 Episcopi,
1144 4884 1283 4973 CleruS,
1311 4894 1344 4956 et
1369 4887 1532 4980 primores
1546 4883 1793 4972 Alexandriae,
1820 4894 1888 4955 tum
1904 4882 2024 4965 Clanis

585 5001 590 5004 ⁴
651 5012 685 5073 et
704 5005 881 5103 praecipui
906 4999 998 5074 urbis
1025 5000 1169 5088 Misrae,
1198 5003 1274 5075 sive
1301 4997 1463 5090 Cabirae,
1491 5008 1591 5093 atquc
1617 5001 1663 5070 ita
1689 5009 1880 5073 constanter
1898 4996 2023 5071 obser-
