4525 6034
588 634 619 710 S.
646 633 811 710 ntulisti
836 635 1071 712 ATlllllldllllll
1096 632 1276 713 uniscunt.
1542 635 1616 708 211

244 824 349 892 vitam
375 822 596 908 instituamuS,
625 828 660 891 et
683 821 895 916 perficiamus
921 842 1037 892 coram
1063 830 1114 909 te,
1141 831 1177 892 ut
1203 823 1289 893 cauti
1316 830 1351 894 et
1376 819 1620 919 inseparabiles

244 938 347 1009 simus
382 958 445 1031 per
484 938 729 1031 susceptionem
765 945 954 1008 sanctorum
991 945 1139 1023 tuorum,
1173 936 1384 1032 perficientes
1415 938 1620 1011 voluntatem

244 1060 336 1123 tuam
362 1073 518 1146 magnam
545 1060 579 1122 et
603 1051 807 1147 perlectam,
840 1055 1013 1147 paratique
1048 1054 1258 1123 inveniamur
1291 1052 1334 1123 ad
1366 1053 1618 1153 πληροφορίαν

242 1165 333 1239 illam
360 1166 523 1253 ultimam,
551 1167 654 1239 etad
681 1168 832 1239 standum
859 1188 973 1238 coram
1001 1170 1176 1259 majestate
1202 1178 1276 1255 tua,
1305 1168 1461 1264 dignique
1487 1169 1619 1242 efficia-

242 1305 318 1353 mur
344 1282 515 1376 voluptate
541 1286 638 1374 regui
665 1285 721 1372 tui,
747 1305 810 1378 per
836 1285 991 1374 gratiam,
1019 1283 1282 1354 misericordiam
1310 1292 1344 1354 et
1362 1306 1511 1356 amorem
1533 1306 1618 1376 erga

243 1395 395 1470 homiues
423 1401 582 1490 unigeniti
608 1398 683 1469 Filii
708 1401 773 1485 tui,
809 1421 871 1493 per
907 1420 1004 1491 mrem
1039 1407 1072 1468 et
1107 1421 1181 1470 cum
1214 1420 1280 1493 quo
1314 1408 1347 1480 te
1374 1398 1472 1472 decet
1498 1399 1617 1490 gloria,

241 1512 371 1600 honor,
398 1525 462 1585 etc.
775 1513 936 1607 Populos.
989 1515 1109 1584 Amen.

350 1626 534 1699 Sacerdos.
587 1631 671 1702 Pax.
1055 1705 1062 1724 Ι

349 1744 512 1836 Populos.
564 1744 608 1816 m
634 1767 709 1817 cum
735 1746 852 1839 spiritu
880 1755 946 1816 tuo.

346 1859 535 1931 Diaconos.
588 1860 679 1933 Post.

349 1974 510 2068 Populus.
565 1976 688 2049 Coram
716 1984 750 2046 te
775 1973 929 2046 Domine.

347 2089 532 2161 Sacerdos.
586 2090 718 2163 Christe
744 2090 823 2162 Rex
849 2090 997 2182 gloriae,
1024 2099 1058 2161 et
1083 2091 1186 2162 Pater
1211 2087 1310 2162 tuum·
1336 2091 1474 2173 saeculi,
1502 2093 1616 2164 sacri-

241 2204 352 2276 ficium
379 2217 549 2295 sanctum,
581 2205 739 2278 Pontifex
775 2205 948 2278 coelestis:
982 2207 1104 2297 Agnus
1137 2206 1202 2284 Dei
1233 2207 1288 2300 qui
1322 2204 1410 2278 tollis
1443 2216 1617 2301 peccatum

243 2319 372 2410 mundi,
399 2343 503 2416 parce
529 2325 678 2417 peccatis
704 2322 817 2417 poprdi
844 2325 908 2409 tui,
940 2331 975 2392 et
1007 2320 1131 2393 dimitte
1165 2323 1372 2416 insipientias
1407 2325 1524 2413 gregis
1560 2323 1616 2391 tui.

243 2421 422 2508 Conserua
438 2459 501 2510 uos
524 2460 586 2533 per
597 2441 861 2510 communionem
877 2436 1171 2510 sacramentorum
1185 2446 1328 2525 tuomm,
1356 2435 1398 2508 ab
1424 2438 1512 2508 omni
1525 2458 1615 2532 pec-

243 2562 337 2638 cato,
371 2556 444 2624 sive
471 2553 579 2625 verbo
615 2553 672 2624 vel
706 2556 909 2645 cogitatione
946 2562 1002 2624 aut
1035 2574 1142 2646 opere
1173 2551 1378 2647 perficiatur,
1415 2549 1617 2644 quodquea

242 2677 298 2739 tna
325 2669 546 2741 familiaritate
572 2668 773 2755 domestica,
801 2667 920 2764 procul
945 2690 1008 2739 uos
1035 2667 1152 2756 iaciat,
1179 2677 1214 2739 ut
1231 2665 1458 2738 custodiantur
1472 2686 1617 2760 corpora

242 2794 356 2854 nostra
382 2806 444 2878 per
470 2807 594 2880 corpus
621 2794 728 2870 tuum,
768 2792 802 2854 et
828 2794 1034 2856 renoventur
1059 2787 1191 2855 animae
1225 2791 1363 2853 nostrae
1398 2802 1461 2875 per
1487 2779 1617 2851 Sacra·

242 2909 360 2971 menta'
381 2910 455 2989 tna,
482 2909 516 2970 et
542 2899 730 2972 benedictio
757 2909 812 2971 tua
839 2902 993 2987 Domine,
1022 2902 1065 2971 sit
1090 2902 1123 2968 iu
1150 2907 1222 2970 toto
1254 2907 1371 2969 nostro
1399 2894 1533 2967 homine
1559 2898 1617 2966 in·

241 3018 359 3086 teriori
386 3024 420 3087 et
446 3020 627 3107 exteriori,
653 3014 919 3111 glorificerisque
945 3019 979 3087 in
1006 3013 1102 3086 nobis
1122 3025 1158 3086 et
1182 3023 1321 3110 propter
1346 3033 1422 3100 nos,
1450 3010 1617 3082 dextera-

244 3123 311 3224 que
337 3140 392 3202 tua
419 3135 611 3226 requiescat
637 3153 738 3226 super
764 3152 845 3221 nos,
873 3140 907 3202 et
932 3133 1037 3226 patris
1066 3132 1111 3201 tui
1137 3125 1315 3217 benedicti,
1336 3137 1377 3198 ’et
1403 3126 1546 3223 Spiritus
1573 3128 1620 3198 tui

244 3250 454 3319 sanctissimi.

349 3362 510 3456 Populus.
563 3365 683 3437 Amen.

349 3476 538 3549 Diaconos.
591 3477 738 3549 Benedic
765 3477 919 3549 Domine.

678 3726 1182 3772 ,ψ

684 3936 1181 4082 ιιιίιιιιιιιιιιιι

1073 4101 1080 4112 h

377 4207 1482 4310 ulonrslrnrnnnludsrs
1614 4201 1617 4206 ’

832 4420 1032 4505 nortl.

590 4686 623 4755 1.
668 4686 830 4778 Dionysii
856 4683 1068 4755 Athenarum
1093 4682 1270 4775 Episcopi.
1408 4765 1412 4770 ι

336 4877 562 4955 Aaronom:
590 4887 640 4949 hic
666 4886 822 4950 lacobitae
852 4885 1038 4967 intelligunt,
1071 4902 1161 4965 quem
1190 4883 1280 4946 etiam
1307 4878 1439 4944 Arabica
1460 4876 1619 4951 Beudousi,
1706 4881 1715 4890 “
1769 4959 1782 4966 -

243 4991 399 5054 Paulinum
426 4999 538 5053 vocant
566 4992 630 5052 sive
662 4989 743 5052 Pauli
772 4989 960 5071 discipulum.
1004 4989 1078 5070 Ejus
1100 4986 1180 5051 enim
1201 4984 1296 5047 libros
1319 5000 1375 5064 pro
1398 4979 1537 5065 genuinis
1559 4978 1618 5072 ha-

244 5090 328 5167 beot,
342 5098 371 5152 et
382 5090 513 5171 maJores
527 5108 630 5153 eornm
644 5088 885 5170 llonoplrysitae,
908 5089 958 5169 qui
981 5087 1038 5150 sub
1060 5084 1240 5164 lastiniano,
1264 5099 1343 5145 anno
1363 5078 1393 5146 l.
1417 5078 1451 5144 C.
1470 5074 1618 5142 DXXXll.

296 5214 420 5259 ronaco
1356 5185 1405 5258 30
