4525 6034
341 572 381 648 itt
394 569 577 648 cnuouutt
595 570 820 648 GENERALEM
836 569 920 646 situ
938 567 1148 647 ittotdtnu
1160 565 1431 645 umbricius
1491 565 1567 641 513

195 756 427 822 demonstravit.
456 755 563 837 Neque
575 752 654 818 enim
667 757 764 819 oratio
786 753 837 817 illa
859 753 969 817 dicitur
990 753 1028 817 ad
1043 754 1262 837 designandam
1283 752 1460 816 fractionem
1481 751 1569 834 panis

195 857 378 934 consecrati,
402 874 470 918 cum
491 854 543 917 illa
563 873 638 917 vere
660 854 721 931 fiat,
744 854 813 917 dum
835 855 861 916 is
883 854 914 916 in
936 854 1099 935 particulas
1123 852 1280 936 frangitur.
1308 850 1341 915 si
1363 852 1470 916 fractio
1481 851 1569 934 panis

194 954 359 1020 aObristo
383 955 512 1017 Domino
539 953 618 1017 iacta
645 953 837 1035 designatur,
868 953 949 1034 quod
977 952 1138 1016 Ludollum
1165 952 1299 1015 voluisse
1329 953 1402 1015 satis
1432 959 1570 1033 apparet,

193 1073 255 1118 aon
282 1056 383 1117 minus
412 1055 533 1116 aberrat
561 1055 599 1117 ab
626 1053 849 1116 Ecclesiasticis
879 1052 1039 1130 institutis,
1072 1060 1104 1114 et
1133 1050 1169 1113 ab
1200 1050 1396 1114 Orientalium
1424 1050 1570 1115 derbiae.

192 1154 302 1234 Neque
326 1153 526 1217 enimlractio
538 1155 626 1236 panis
648 1152 828 1231 consecrati,
852 1170 941 1232 quem
958 1153 1021 1233 jam
1043 1170 1104 1215 non
1126 1169 1236 1231 panem
1258 1169 1328 1215 esse
1351 1152 1491 1229 credunt,
1513 1151 1570 1214 scd

193 1272 307 1336 corpus
316 1254 440 1331 Christi,
463 1253 610 1317 fractione
618 1252 807 1334 designatur,
828 1249 884 1314 sed
907 1250 1062 1327 laceratio,
1085 1249 1288 1332 pertingens,
1312 1267 1443 1328 crucem,
1466 1251 1570 1315 lateris

190 1353 432 1431 transilitionem,
455 1361 487 1416 et
501 1353 648 1435 aliaquae
663 1352 799 1415 Christus
822 1352 852 1412 in
875 1368 967 1413 carne
988 1369 1045 1430 pro
1068 1350 1188 1412 bomani
1211 1350 1333 1433 generis
1355 1350 1453 1413 salute
1475 1351 1571 1413 susti-

192 1453 272 1531 nuit,
295 1461 330 1515 ut
351 1453 426 1515 alibi
449 1454 522 1533 ipsis
546 1452 742 1515 Orientalium
764 1450 868 1514 verbis
891 1451 1062 1531 expositum
1085 1458 1143 1512 est.
1187 1449 1273 1511 llanc
1294 1451 1372 1512 enim
1394 1448 1571 1513 fractionem

191 1550 370 1634 designant,
404 1569 482 1632 quae
505 1554 535 1614 in
558 1550 654 1615 lorma
675 1550 839 1614 verborum
861 1548 1122 1612 sacramentalium
1143 1549 1174 1611 in
1197 1548 1352 1631 plerisque
1373 1550 1517 1631 liturgiis
1541 1558 1573 1613 ot

191 1652 222 1713 in
243 1650 436 1733 Aethiopicis
459 1652 647 1714 continetur:
689 1650 755 1713 liae
776 1657 823 1711 ert
843 1668 955 1729 corpas
976 1669 1083 1726 marn,
1114 1649 1196 1730 qracd
1216 1667 1276 1728 pro
1295 1649 1383 1711 aobrb
1408 1650 1573 1731 fraapitar,

193 1736 359 1829 κλώμενον
374 1757 406 1812 et
416 1737 656 1834 θριηιτόμενον,
678 1757 711 1813 ut
735 1746 870 1811 Graecae
892 1748 1014 1826 babent,
1036 1748 1118 1830 quod
1140 1749 1172 1811 in
1186 1749 1266 1811 notis
1281 1749 1320 1812 ad
1333 1748 1407 1812 alias
1420 1749 1572 1834 Liturgias

192 1848 287 1912 fusius
311 1851 486 1932 expositum
509 1859 565 1914 est.

246 2125 309 2198 16.
352 2125 593 2199 sacramen
619 2126 705 2198 arcs
731 2150 805 2197 can
827 2108 965 2222 popm.
1019 2114 1198 2197 Exercitus
1217 2125 1438 2218 Angelorum,
1459 2136 1522 2199 m.

312 2335 352 2413 ln
382 2346 433 2409 illa
461 2348 597 2411 oratione
626 2348 748 2437 mirum,
779 2364 835 2410 cur
861 2350 972 2411 omissa
993 2348 1054 2411 sint
1084 2355 1239 2429 postrema
1268 2345 1381 2426 verba,
1412 2354 1443 2409 et
1472 2346 1576 2429 inepta

194 2452 297 2515 versio
321 2450 435 2533 prioris
457 2428 624 2534 particulae
646 2450 715 2514 data
738 2459 795 2514 est.
841 2452 918 2525 Quid
942 2453 1021 2515 enim
1042 2452 1210 2533 significat,
1238 2457 1269 2512 et
1294 2450 1394 2531 lepram
1415 2468 1526 2530 eorpus
1547 2458 1578 2514 et

195 2553 377 2633 macarem
398 2551 523 2614 Datami
543 2558 574 2614 et
593 2552 760 2614 salemonis
780 2553 881 2615 nocui
899 2551 976 2614 desa
998 2550 1122 2614 Christi.
1167 2548 1372 2632 Scripserunt,
1395 2556 1428 2611 ut
1449 2549 1578 2626 videtur,

195 2653 399 2733 interpretes:
422 2658 452 2713 et
473 2652 612 2731 oiapaat:
633 2649 664 2713 id
687 2651 766 2712 enim
787 2650 939 2734 significat
960 2669 1022 2713 rox
1044 2649 1238 2729 Aethiopica,
1269 2650 1312 2711 ita
1341 2656 1373 2711 ut
1394 2667 1503 2711 sensus
1525 2651 1576 2728 sit,

196 2751 338 2836 Angelos
363 2752 393 2812 in
415 2750 534 2814 modum
557 2768 691 2814 somnae
714 2752 840 2834 cingere
862 2757 1051 2813 sacramenta
1074 2750 1104 2811 in
1127 2749 1214 2812 altari
1234 2749 1350 2830 posita,
1379 2745 1461 2829 quod
1483 2766 1577 2830 saepe

197 2851 332 2915 occurrit
354 2850 385 2911 in
398 2851 491 2914 variis
505 2849 651 2932 Syrorum
670 2850 708 2914 ad
731 2850 868 2912 eumdem
879 2849 1034 2932 Liturgiae
1050 2848 1149 2912 locum
1163 2846 1360 2926 orationibus,
1384 2847 1577 2910 Accedamus

197 2969 307 3014 coram
327 2949 414 3029 [aare
431 2953 500 3030 q'aa
521 2970 589 3013 eam
608 2951 679 3031 fide,
701 2951 783 3031 qaod
802 2950 869 3031 ipse
890 2958 936 3012 est
957 2948 1096 3011 Clo-irtus
1113 2949 1184 3011 Rea
1204 2956 1326 3010 nosoer:
1348 2948 1398 3010 vel
1420 2948 1492 3028 qaia
1512 2949 1579 3027 ipre

197 3057 243 3113 eat
264 3046 410 3111 carana
431 3050 501 3112 Rea
522 3058 631 3112 nortem
676 3049 719 3112 lta
749 3048 848 3112 codex
874 3047 1072 3130 Aethiopicos
1101 3050 1160 3111 nisi
1187 3047 1269 3130 quod
1297 3054 1399 3109 errato
1426 3054 1579 3128 typogra-

197 3148 288 3229 phico
321 3148 352 3211 in
379 3149 482 3211 ultima
508 3167 586 3212 voce
614 3149 701 3212 litera
724 3168 784 3212 una
805 3147 916 3211 delicit.
960 3148 1089 3231 insignis
1119 3147 1205 3210 locus
1233 3148 1271 3210 de
1301 3165 1376 3210 vera
1404 3145 1578 3227 praesentia

199 3247 344 3327 eorporis
367 3245 479 3310 Cliristi
501 3249 757 3326 inEuobaristia,
787 3246 825 3311 de
848 3248 934 3329 cujus
957 3247 1207 3329 interpretatione
1229 3246 1358 3309 dubitari
1380 3263 1441 3308 non
1464 3252 1576 3326 potest,

199 3344 435 3407 cumChristum
457 3348 487 3409 in
509 3348 596 3410 altari
618 3348 798 3411 immolatum
817 3348 933 3429 jacere,
955 3356 987 3410 et
1009 3347 1040 3409 in
1062 3346 1147 3409 dbco
1170 3346 1350 3410 collocatum
1365 3344 1475 3407 intueri
1486 3342 1576 3406 Chri-

199 3447 317 3508 stianos
348 3454 489 3508 moneant
519 3445 653 3511 Severus
682 3448 852 3530 Episcopus
883 3445 1086 3525 Ascbmonin,
1116 3446 1263 3511 llomiliao
1293 3445 1332 3507 de
1360 3443 1474 3508 circulo
1498 3443 1577 3522 anni,

200 3560 372 3623 omnesque
399 3544 556 3629 Theologi.
600 3547 647 3609 Ne
668 3548 745 3610 hanc
767 3548 947 3626 orationem,
971 3554 1003 3609 ut
1026 3547 1100 3609 alias
1122 3564 1228 3609 omnes
1249 3562 1328 3627 quae
1349 3543 1463 3606 realem
1483 3561 1579 3624 prae-

200 3645 332 3708 sentiam
355 3645 535 3727 significant,
558 3647 666 3710 citaret
688 3655 740 3710 aut
762 3647 910 3710 indicaret
930 3646 1076 3709 Ludollas
1099 3645 1330 3728 diligentissime
1352 3643 1444 3706 cavit.
1489 3641 1579 3716 Quod

200 3742 338 3805 Robrica
359 3752 480 3806 moneat
502 3744 577 3809 baec
600 3747 659 3809 dici
682 3766 699 3810 a
723 3747 929 3825 subdiacono,
952 3765 1020 3809 eum
1042 3748 1074 3809 in
1095 3745 1165 3808 Ritu
1186 3744 1410 3823 Alexandrino,
1441 3743 1579 3807 dicamur

201 3841 407 3917 abinensis,
437 3850 489 3905 aut
519 3853 651 3908 erratum
680 3854 728 3909 est
757 3865 774 3909 a
796 3846 949 3922 librario,
973 3853 1023 3908 aut
1052 3864 1110 3927 per
1131 3844 1394 3925 Netteia-Diaron
1415 3861 1494 3927 quae
1516 3861 1580 3906 vox

202 3941 296 4025 vulgo
325 3941 545 4007 Subdiaconum
567 3943 726 4026 significat,
749 3943 961 4027 intelligendus
984 3952 1033 4007 est
1044 3943 1207 4023 Diaconos,
1231 3943 1282 4024 qui
1304 3942 1453 4006 secundas
1475 3951 1579 4025 partes

202 4041 280 4123 agit:
306 4041 367 4103 etsi
389 4040 482 4124 nulum
506 4061 583 4106 unus
606 4051 718 4106 tantum
740 4043 776 4106 ad
800 4044 893 4107 altare
915 4042 985 4106 alibi
1008 4044 1178 4107 ministrme
1201 4044 1309 4107 soleat

451 4321 511 4424 17.
550 4322 725 4394 Sacerdos
751 4323 836 4394 dicit
863 4324 1061 4395 Orationem
1084 4325 1329 4416 poenitentiae.

322 4530 380 4608 lrn
401 4559 437 4605 se
466 4540 557 4605 babet
586 4541 688 4606 titulus
715 4544 800 4607 istius
830 4543 975 4606 orationis
1005 4544 1037 4606 in
1066 4542 1231 4626 exemplari
1260 4544 1455 4627 Aethiopico,
1484 4547 1582 4610 minus

206 4646 335 4728 proprie
357 4652 390 4707 ut
413 4645 549 4726 videtur,
579 4665 647 4723 cum
668 4648 889 4725 Paenitentiae,
909 4648 984 4710 sive
1012 4655 1045 4710 ut
1066 4649 1236 4711 accuratius
1259 4649 1416 4731 loquamur
1438 4651 1582 4714 orationis

206 4761 304 4825 super
326 4745 527 4827 poenitentes,
550 4747 694 4828 proprius
716 4747 764 4809 bie
786 4747 872 4810 locus
894 4764 955 4809 non
978 4747 1033 4812 sit:
1056 4756 1118 4811 tum
1140 4749 1229 4811 etiam
1251 4749 1322 4829 quia
1344 4748 1453 4813 dudum
1470 4751 1583 4835 Rueni-

208 4844 336 4906 tentiam
358 4843 434 4907 ordo
458 4852 490 4907 et
511 4846 601 4909 statio
617 4847 647 4908 in
663 4846 809 4910 Ecclesiis
826 4845 1029 4909 Orientalibus
1044 4848 1143 4911 locum
1157 4865 1219 4912 nou
1240 4847 1342 4927 babet,
1364 4867 1466 4933 neque
1488 4847 1582 4913 disei-

209 4941 311 5023 pliuae
333 4962 408 5026 erga
431 4944 498 5008 illos
521 4945 591 5007 olim
610 4946 790 5010 observatae
812 4946 974 5030 vestigium
995 4955 1139 5029 superest
1160 4947 1344 5031 inbiturgiis
1355 4947 1581 5029 Alexandrinis,

211 5041 268 5105 sed
296 5045 327 5106 in
354 5044 429 5109 solis
457 5042 605 5127 Syriacis,
636 5053 669 5109 ut
695 5044 806 5109 dictum
835 5053 883 5109 est
911 5046 949 5110 ad
972 5044 1128 5113 Canonem
1151 5046 1340 5113 Generalem.
1383 5048 1466 5115 lllam
1487 5068 1582 5133 porro
