4525 6034
687 529 763 604 422
1059 530 1135 610 DE
1187 528 1665 608 PATRIARGHA

688 718 786 806 Quod
813 728 922 790 autem
947 718 1115 813 Interpres
1142 716 1367 808 Hudassian,
1393 727 1430 789 ut
1454 717 1500 789 illi
1531 740 1659 792 vocare
1685 717 1824 815 placuit,
1855 727 1980 814 partem
2004 723 2046 791 ait
2106 739 2108 748 ’

686 857 764 907 εεεε
790 833 989 929 Aethiopiae
1015 837 1213 929 superioris,
1240 834 1317 930 quid
1343 833 1589 927 designaverit,
1616 834 1743 907 difficile
1770 842 1822 905 est
1853 855 2045 924 agnoscere:

685 974 758 1024 vox
791 955 879 1022 enirn
907 949 1056 1024 Arabica
1087 959 1190 1023 totam
1224 960 1346 1045 quanta
1385 960 1456 1040 εει,
1489 950 1701 1048 Aethiopiam
1734 949 1914 1041 significat,
1947 972 2046 1045 neque

685 1067 753 1140 ulla
779 1071 812 1138 in
838 1067 931 1139 libris
958 1065 1108 1139 Arabum
1136 1066 1379 1162 Geograpbicis
1407 1066 1572 1140 distinctio
1600 1079 1652 1141 est
1669 1066 1869 1160 Aethiopiae
1895 1070 2046 1161 superin-

685 1188 732 1256 ris
760 1193 794 1255 et
820 1183 1002 1272 interiorIs3
1029 1193 1202 1279 utramque
1228 1187 1262 1255 in
1288 1183 1428 1255 solidum
1454 1183 1667 1279 Metropolita
1694 1182 1873 1255 obtinebat.

789 1299 908 1374 CXVI.
960 1324 1005 1372 ur.
1032 1300 1318 1393 Metropolitanus
1343 1300 1512 1386 Araura,
1541 1306 1576 1371 et
1601 1304 1745 1371 omnium
1775 1299 1938 1369 ditionum
1964 1303 2046 1390 eiam

683 1419 732 1491 Ita
759 1421 792 1490 in
818 1421 990 1507 versione,
1007 1428 1040 1488 at
1056 1420 1089 1488 in
1103 1417 1266 1506 Arabico,
1292 1415 1482 1512 Episcopus
1503 1427 1627 1489 tantum
1642 1417 1770 1489 dicitur.
1823 1413 1896 1485 Sed
1911 1414 1978 1501 bic,
1994 1416 2046 1484 iu-

622 1618 625 1628 ,
684 1539 752 1630 quit
777 1533 1004 1625 BeveregiuS‚
1031 1537 1067 1603 iu
1093 1533 1243 1605 tenebris
1267 1556 1461 1604 cernamur.-
1491 1536 1721 1628 nequeenim
1752 1530 1837 1602 olibi
1870 1529 1958 1600 baec
1983 1551 2047 1600 aaa

682 1654 856 1744 septenam
897 1649 1046 1744 utiquam
1079 1648 1237 1720 urbanae
1267 1651 1481 1743 sipuifieans,
1516 1647 1616 1721 nobis
1649 1652 1812 1722 occurrit.
1872 1645 1946 1719 Nos
1978 1668 2047 1717 eam

683 1790 751 1839 non
778 1765 882 1838 semel
907 1769 1092 1860 reperimus
1118 1769 1151 1836 in
1180 1764 1327 1860 Copticis
1354 1764 1468 1862 libris,
1494 1769 1691 1862 praesertim
1717 1769 1751 1836 in
1790 1761 1943 1834 formulis
1971 1761 2047 1834 lite-

682 1905 795 1955 rarum
823 1881 1067 1978 encyclicarum
1094 1891 1128 1953 et
1148 1884 1394 1978 systaticarum
1420 1879 1477 1954 ubi
1502 1882 1620 1953 Mares
1635 1880 1807 1970 scribitur,
1834 1894 1868 1954 et
1893 1903 1957 1976 per
1981 1880 2047 1952 Sa-

682 1999 737 2071 bid
764 2004 838 2072 sive
865 1998 1086 2070 Thebaidem·
1103 2000 1307 2095 exprimitur.
1360 2000 1472 2093 Atque
1505 1998 1582 2070 inde
1618 2002 1737 2094 opinor
1768 1996 1857 2070 iacta
1889 1996 1947 2070 illa
1981 2019 2048 2069 vox

683 2116 913 2189 Manneotidis
939 2114 1104 2208 duplicis,
1142 2137 1205 2210 pro
1239 2137 1303 2209 qua
1336 2115 1536 2187 Mareotidis
1568 2118 1701 2209 scripsit
1736 2118 1768 2185 in
1802 2116 1962 2187 versione
1987 2113 2048 2184 Ioci

635 2305 640 2314 ,
682 2255 729 2304 ex
759 2231 945 2328 Epiphanio
979 2231 1059 2302 Her.
1093 2229 1154 2302 68.
1188 2229 1262 2304 Leo
1293 2231 1445 2304 Allatius.
1498 2232 1614 2326 Itaque
1648 2235 1682 2302 in
1713 2230 1838 2303 Notitia
1871 2230 2048 2321 Beveregii

682 2349 813 2438 Maris,
840 2371 900 2422 seu
926 2348 1061 2438 Mares,
1086 2347 1297 2443 Episcopalis
1324 2347 1424 2420 sedes
1451 2357 1541 2440 erat,
1568 2351 1654 2443 lpuae
1681 2345 1830 2434 Sabinis,
1857 2348 1933 2419 sive
1959 2344 2049 2417 Tbe-

553 2501 556 2514 .
682 2463 807 2553 haidis,
835 2468 1042 2561 superiorem
1077 2464 1196 2536 saltem
1230 2463 1512 2560 complectebatur
1545 2474 1684 2561 partem.
1736 2461 1914 2536 Melcbitae
1947 2460 2048 2535 nudas

681 2580 788 2654 terme
822 2591 932 2653 tamen
963 2584 996 2652 in
1030 2603 1071 2652 ea
1096 2585 1239 2673 regione
1269 2579 1436 2654 habebant
1460 2580 1654 2669 EcclesIas‚
1690 2603 1765 2651 cum
1799 2599 1917 2650 omnes
1950 2599 2049 2674 prope

681 2701 716 2771 in
741 2700 966 2772 lacobitarum
993 2697 1124 2770 haeresi
1151 2708 1274 2770 essent.
1325 2697 1420 2770 Multi
1447 2720 1579 2793 quoque
1611 2696 1666 2770 alii
1701 2696 1928 2793 Episcopatus
1956 2716 2050 2766 ccm-

682 2826 907 2889 memorantur
934 2819 967 2886 in
993 2812 1163 2886 Thebaide
1191 2814 1276 2910 apud
1304 2818 1487 2911 scriptores
1515 2812 1696 2888 lacobitas.
1750 2810 1846 2884 Unde
1874 2807 2050 2882 verisimile

683 2945 736 3007 εει
762 2937 860 3005 istum
885 2930 1120 3027 Episcopatum
1149 2931 1240 3003 titudo
1267 2941 1363 3004 tenus
1390 2930 1493 3003 fidsse
1519 2931 1606 3027 apud
1620 2929 1822 3017 ‚Melcbitam
1854 2950 1924 3000 uon
1951 2929 2050 2999 minus

685 3074 783 3146 quam
809 3047 1065 3145 praecedentem
1094 3056 1128 3119 et
1154 3056 1347 3142 sequentem
1372 3048 1587 3143 Metropoles.

711 3164 713 3170 ’
789 3165 923 3240 CXVII.
964 3186 1021 3238 vu.
1047 3164 1333 3257 Metropolitanus
1348 3165 1505 3248 Nubiae‚·
1531 3163 1573 3235 de
1592 3186 1656 3258 qua
1670 3165 1737 3254 jam
1756 3164 1909 3258 superius
1937 3160 2050 3232 dicum

684 3294 754 3356 est:
781 3306 844 3355 nec
870 3284 1015 3354 occurrit
1041 3302 1172 3376 quoque
1199 3279 1283 3351 baec
1317 3278 1515 3376 Metropolis
1549 3282 1583 3350 in
1620 3278 1759 3352 Graecis
1791 3277 1948 3366 Νοιίιίἰε,
1979 3276 2048 3370 quia

685 3402 727 3474 ab
754 3403 845 3472 initio
871 3421 982 3470 rerum
1007 3396 1320 3469 Mubamedanarum
1345 3395 1521 3468 tacebitne
1548 3418 1679 3468 omnem
1706 3399 1740 3466 iu
1760 3393 1927 3486 religIone
1954 3401 2050 3464 auto-

684 3521 815 3589 ritatem
841 3514 907 3586 illie
934 3512 1152 3586 obtinuerunt.

790 3630 939 3705 CXVIII.
990 3651 1059 3703 vrri.
1085 3630 1309 3723 Metropolitas
1333 3629 1523 3716 Pharnace,
1557 3651 1643 3724 quae
1669 3625 1757 3720 apud
1782 3622 1957 3697 lacobitas
1984 3629 2050 3694 erat

685 3751 766 3823 urbs
792 3747 1013 3843 Episcopatu,
1039 3749 1210 3819 notissima
1236 3745 1322 3840 apud
1334 3744 1555 3840 Gecgrapbos
1582 3756 1616 3816 ει
1641 3742 1828 3815 Etstoricos
1853 3739 2006 3827 Arabes,
2030 3762 2048 3809 a

539 3911 543 3921 ·
685 3864 847 3940 IIolzuma
873 3885 935 3937 seu
962 3861 1155 3958 Clysmate‚
1189 3865 1285 3934 unius
1321 3860 1404 3951 diei,
1431 3865 1603 3956 noctisque
1634 3862 1751 3930 itinere
1784 3858 1932 3931 distans:
1966 3851 2049 3926 nulla

686 3986 760 4074 ejus
787 3980 874 4077 apud
908 3978 1111 4051 Graecarum
1142 3978 1339 4051 Notitiarum
1375 3989 1510 4051 autores
1542 3979 1684 4067 mentio,
1717 3976 1782 4049 nisi
1816 3995 1878 4071 per
1910 3972 2048 4044 Pharao

687 4098 889 4191 designetur.

790 4214 910 4287 CXIX.
962 4234 1009 4283 rx.
1042 4212 1328 4305 Metropolitanus
1358 4209 1473 4281 Tinnis
1508 4215 1542 4280 et
1568 4206 1700 4302 Libyae
1727 4215 1761 4278 et
1786 4207 1956 4276 ditionum
1972 4205 2057 4293 ejus.

685 4330 775 4405 Urbs
803 4351 935 4424 quoque
961 4328 1046 4400 haec
1078 4331 1264 4401 notissima:
1299 4326 1503 4421 Episcopum
1535 4323 1647 4398 babuit
1683 4325 1858 4418 andquitus
1892 4325 1929 4393 in
1961 4326 2047 4392 secta

641 4495 648 4504 „
686 4446 881 4520 lacobitica.
936 4444 1098 4517 Octavam
1124 4439 1631 4540 MetropolinnumeratNiIus
1659 4440 1886 4536 aureamin
1912 4438 2047 4531 septimo

685 4564 752 4637 Nili
780 4566 867 4637 ostio
894 4564 1001 4638 sitam.
1054 4562 1101 4632 At
1128 4558 1235 4656 Libya
1263 4557 1428 4655 pomodo
1455 4555 1530 4629 huic
1556 4556 1628 4630 sedi
1645 4557 1820 4647 conjuncta
1837 4575 1915 4627 esse
1929 4560 2047 4648 potre-

685 4685 745 4773 rtt,
771 4682 836 4752 nisi
861 4678 953 4750 titudo
980 4688 1093 4766 tenus,
1117 4677 1267 4768 judicare
1294 4674 1421 4747 difficile
1448 4684 1510 4748 est

791 4795 895 4869 CXX.
949 4816 984 4864 x.
1011 4793 1296 4887 Metropolitanus
1320 4791 1523 4862 Dumietae:
1553 4788 1634 4864 urbs
1666 4788 1838 4861 notissima
1871 4807 1918 4857 err
1951 4779 2047 4856 varis

686 4915 893 4986 Francorum
920 4907 1196 5006 expeditionibus.
1249 4906 1341 4980 IIIam
1369 4916 1478 4979 autem
1504 4905 1598 4978 Ndus
1625 4911 1781 4977 recenset
1806 4912 1905 4974 extra
1930 4918 2047 4972 nume-

686 5052 760 5103 rum
786 5039 863 5103 octo
889 5025 1143 5124 Metropoleon,
1176 5046 1264 5122 quae
1290 5023 1374 5099 alios
1389 5023 1612 5119 Episcopatus
1640 5020 1704 5098 sibi
1730 5018 1899 5111 subjectos
1923 5016 2046 5089 habent
