4525 6034
318 610 367 687 DE
383 606 639 685 ll'lUEGlllllUli
659 604 912 683 ORlElll'dblUll
930 604 1080 684 OllldlllE
1095 608 1143 684 ET
1159 605 1408 685 ambulans.
1518 604 1552 677 V

206 798 354 873 bub‘nisre
388 798 575 868 conveniat
629 793 727 882 Quod
763 814 848 866 voro
881 793 1053 887 Litargiae
1086 792 1274 865 Orientales
1309 803 1343 864 et
1377 792 1550 866 Occiden-

206 916 274 988 trles
304 936 377 985 cum
410 913 635 1007 antiquissima
671 921 706 983 et
730 914 903 1007 primaeva
929 909 1037 983 forma
1068 908 1290 982 celebrandae
1322 908 1551 983 Eucharistiae

206 1032 402 1118 musantiant,
430 1031 500 1120 jam
535 1036 588 1101 est
622 1026 847 1123 probandum:
880 1048 949 1099 non
982 1026 1113 1122 quidem
1147 1037 1182 1098 ut
1206 1026 1372 1098 Pamelius
1395 1036 1434 1097 et
1459 1049 1551 1100 non-

207 1145 270 1217 mdi
293 1146 346 1217 alii
371 1145 533 1234 lecerunt,
561 1154 712 1216 autorum
734 1164 1014 1239 quorumcumque
1040 1144 1248 1231 testimoniis,
1276 1165 1383 1237 neque
1410 1164 1456 1214 ex
1480 1142 1551 1216 lsi-

207 1263 265 1335 dori
295 1262 519 1350 collectaneis,
553 1261 615 1334 sed
639 1260 819 1333 rationibus
846 1268 881 1331 et
906 1259 1147 1350 autoritatibus,
1181 1258 1344 1333 adversus
1371 1281 1453 1354 quas
1480 1282 1551 1331 ex-

205 1383 297 1476 ceptio
322 1402 400 1453 csse
425 1378 512 1450 nulla
538 1381 654 1473 possit

290 1495 444 1567 Formam
469 1498 582 1589 itaquo
608 1493 730 1587 agendi
752 1496 849 1586 juxta
885 1489 1009 1565 Christi
1042 1501 1257 1587 praeceptum
1300 1514 1551 1564 commemora·
1582 1500 1675 1554 Fons·
1692 1501 1791 1555 illarum
1808 1506 1877 1556 aas·

203 1615 311 1685 tionem
346 1614 461 1683 mortis
497 1613 588 1702 ejus,
629 1632 690 1705 por
718 1609 947 1682 Eucharistiae
983 1605 1262 1696 celebrationem,
1300 1606 1341 1679 ab
1377 1607 1552 1704 Apostolis
1566 1590 1875 1727 lffmtlll'flgl'l'lm

199 1731 435 1824 praescriptam,
461 1725 606 1800 latentur
639 1747 764 1799 omnes.
818 1726 926 1798 Unam
959 1725 1047 1796 illam
1081 1724 1188 1796 fuisse
1216 1747 1301 1820 qnae
1334 1724 1456 1820 ubique
1483 1724 1553 1798 ob·
1566 1684 1740 1814 l,l„,⁶,.‚m¹
1759 1692 1789 1727 ω
1810 1692 1876 1729 Μ’

200 1854 389 1931 servaretur,
424 1866 532 1939 aeque
567 1852 691 1914 certum
718 1852 789 1933 est,
822 1866 898 1914 cum
931 1865 975 1914 no
1007 1841 1076 1914 levi
1116 1840 1246 1937 quidem
1280 1845 1471 1935 conjectura
1509 1864 1554 1914 ex

201 1962 405 2031 monumentis
426 1957 673 2031 Ecclesiasticis
700 1962 839 2051 agnosci
865 1962 993 2054 possit,
1027 1960 1181 2030 extitisse
1207 1958 1306 2031 ubam
1334 1962 1419 2031 inter
1446 1955 1552 2030 Obri-

203 2076 329 2165 stianos,
354 2074 460 2148 tribus
485 2078 599 2172 primis
625 2072 802 2148 Ecclesiae
835 2076 978 2149 saeculis
1021 2075 1063 2147 do
1098 2074 1207 2169 aliqua
1240 2078 1360 2148 rituum
1391 2078 1554 2147 varietate

202 2195 472 2280 controversiam,
506 2201 542 2263 ut
574 2195 682 2264 serius
716 2191 890 2288 aliquando
926 2191 988 2264 iuit
1020 2190 1062 2262 de
1094 2191 1228 2287 Azymo
1262 2201 1318 2262 ant
1343 2190 1553 2281 fermentato,

192 2309 277 2379 'inter
306 2306 456 2380 Graecos
483 2316 517 2379 et
549 2307 703 2383 Latinos:
737 2307 779 2380 de
814 2331 899 2404 aqua
934 2307 1147 2381 admiscenda
1184 2307 1346 2382 adversus
1372 2308 1554 2397 Armenos,

202 2433 231 2495 ct
261 2426 286 2496 si
320 2447 407 2520 quas
439 2413 515 2497 sunt
542 2424 714 2517 ejusmodi.
767 2424 913 2497 Formae
946 2424 1031 2497 illius
1062 2412 1327 2517 designationem
1353 2447 1415 2522 per
1440 2434 1554 2520 partes

200 2538 365 2629 babemus,
397 2544 560 2632 integram
604 2542 676 2634 ejus
719 2540 994 2636 cprcationem,
1026 2563 1094 2614 non
1126 2544 1214 2613 item.
1269 2540 1307 2613 Si
1343 2540 1420 2637 quid
1451 2563 1555 2638 porro

201 2659 350 2750 antiquius
378 2667 430 2729 est
456 2659 600 2752 scriptis,
628 2679 714 2752 qnae
740 2657 981 2752 Apostolorum
1006 2660 1140 2729 nomina
1165 2655 1367 2752 praeierunt,
1385 2657 1555 2749 Liturgiis,

201 2754 234 2843 id
251 2771 386 2846 babetur
412 2776 445 2844 in
472 2770 653 2845 Clementis
681 2769 997 2864 constitutionibus,
1026 2795 1111 2868 quae
1148 2776 1298 2868 quamvis
1337 2772 1556 2869 interpolatae

201 2892 266 2977 sint,
298 2900 330 2962 at
362 2914 408 2963 ex
440 2893 589 2969 virorum
624 2889 888 2962 doctissimorum
918 2889 1041 2984 jndicio
1073 2899 1217 2961 aetatem
1244 2888 1385 2962 concilii
1416 2889 1556 2962 Nicaeni

202 3006 399 3095 antecedunt,
426 3004 483 3077 vel
509 3004 625 3078 saltem
653 3009 856 3098 contingunt.
900 3006 956 3079 Ab
984 3005 1040 3077 illa
1066 3004 1206 3101 Epocba
1231 3005 1309 3078 nibil
1335 3009 1424 3078 circa
1437 3005 1556 3077 Litur·

201 3125 316 3214 gdarum
353 3121 626 3196 celebrandarum
662 3122 867 3218 disciplinam
893 3125 1025 3195 nomter
1054 3125 1232 3193 institutum
1258 3120 1388 3214 legitur.
1442 3121 1556 3194 Sancti

200 3236 305 3311 Patres
331 3243 365 3311 in
391 3240 543 3313 Homiliis
570 3240 613 3312 ad
638 3239 792 3336 populum
819 3249 934 3334 partes
963 3239 1089 3334 aliquas
1117 3236 1215 3310 cilicii
1242 3238 1329 3311 illius
1355 3239 1443 3312 ‘sacri
1469 3262 1555 3335 per-

202 3359 303 3449 spicue
329 3356 517 3448 designant,
545 3366 580 3427 ut
605 3355 756 3428 fidelibus
782 3358 985 3429 notissimas.
1012 3353 1162 3426 Ta'ndem
1188 3353 1243 3426 illa
1271 3359 1380 3427 omnia
1402 3356 1556 3448 leguntur

200 3472 229 3541 in
251 3474 480 3566 antiquissimis
506 3471 674 3564 Liturgiis.

291 3588 344 3659 Dc
379 3591 485 3683 primo
521 3588 652 3683 quidem
686 3587 819 3661 dubium
851 3588 971 3660 nullum
1013 3612 1090 3664 esse
1129 3598 1261 3684 potest,
1294 3612 1368 3659 erun
1408 3613 1476 3663 non
1510 3613 1557 3662 ex
1592 3613 1772 3665 rossemanum
1789 3612 1880 3667 tuorna

202 3698 449 3775 Christianorum
471 3705 584 3793 modo,
613 3705 674 3777 sed
692 3728 737 3776 ex
763 3703 977 3777 Etbnicorrun
1000 3708 1098 3777 etiarn
1117 3703 1210 3776 libris
1233 3714 1358 3776 contum
1385 3708 1427 3777 sit
1450 3705 1556 3780 Chri·
1569 3698 1696 3766 l¹¹f¹t¹f⁵⁹
1714 3699 1797 3753 P¹i⁰³⁰
1815 3716 1880 3752 ⁰⁰¹¹·

201 3821 314 3889 stianos
349 3823 462 3909 statis,
500 3830 536 3892 nt
568 3820 692 3893 Plinius
724 3820 880 3916 loquitar,
914 3820 1032 3896 diebus
1066 3824 1248 3894 convenire
1282 3820 1398 3895 solitos
1433 3823 1555 3896 fuisse:
1570 3787 1703 3924 &2⁸¹⁰ss
1721 3874 1746 3924 Ε
1762 3912 1768 3924 ἢ
1787 3874 1830 3924 97·

200 3931 328 4029 lpmnos
366 3934 498 4010 Christo
531 3946 685 4032 tunquam
718 3938 793 4010 Deo
829 3940 1005 4026 cecinisse,
1033 3947 1307 4034 sacramentoque
1340 3962 1379 4012 se
1406 3935 1556 4011 obstrin-
1696 3912 1703 3927 ⁹
1742 3892 1761 3943 p

201 4053 294 4139 xisse,
320 4075 387 4124 non
415 4056 448 4124 in
475 4052 585 4126 scelus
612 4052 763 4150 aliquod,
797 4053 928 4126 sedne
963 4053 1092 4126 scelera
1117 4053 1184 4126 ulla
1204 4057 1462 4129 committerent:
1489 4063 1555 4123 tum

202 4171 391 4241 convenisse
426 4170 468 4240 ad
507 4170 700 4265 capiendum
740 4168 865 4259 cibum,
898 4169 957 4242 sed
997 4173 1177 4242 innoxium.
1230 4171 1267 4243 ln
1301 4170 1452 4244 obscuris
1494 4171 1555 4241 illis

202 4281 305 4356 verbis
338 4286 403 4355 viri
437 4288 669 4380 superstitione
696 4309 755 4359 sua
784 4285 968 4376 obcaecati,
1003 4290 1143 4379 agnosci
1179 4298 1289 4384 potest
1315 4289 1405 4360 rudis
1439 4296 1472 4359 et
1498 4288 1555 4356 in-

202 4395 318 4472 fuscata
345 4398 516 4472 calumniis
542 4405 653 4494 imago
688 4405 895 4497 antiquarum
928 4401 1131 4499 Synaxeom.
1162 4403 1232 4477 Eas
1259 4407 1351 4477 veris
1378 4400 1555 4485 coloribus,

203 4513 255 4584 sed
284 4515 406 4588 leviter
437 4526 567 4608 umen,
603 4527 638 4589 et
667 4523 761 4614 quasi
797 4519 894 4590 ducta
929 4521 1034 4614 prima
1067 4519 1168 4610 linea,
1201 4521 1377 4617 descripsit
1410 4521 1557 4592 lustinus

202 4626 330 4728 liudpr,
359 4640 392 4703 et
416 4635 477 4704 vix
505 4633 678 4729 quidquam
705 4638 869 4707 vetustius
896 4638 1040 4707 occurrit
1066 4636 1151 4709 illius
1178 4640 1378 4726 testimonio,
1406 4634 1557 4732 quoEu·

206 4744 358 4820 chsristici
385 4746 485 4821 cilicii
500 4748 608 4821 iomaa
625 4751 865 4846 simplicissima
882 4751 1084 4845 designetur.
1112 4754 1170 4844 Ei,
1196 4756 1310 4848 inquit,
1338 4757 1395 4849 qai
1417 4761 1577 4849 praeeat.

206 4881 245 4931 cc
271 4866 439 4958 pacatae
469 4872 612 4963 offertur
641 4874 753 4963 ponis
789 4878 824 4942 et
845 4870 1002 4965 pocolran
1028 4892 1141 4966 oquae
1174 4877 1208 4942 et
1236 4872 1329 4958 cim
1358 4870 1476 4967 quibas
1501 4871 1559 4942 illc

206 4985 354 5074 acceptis,
380 4983 514 5055 tanum
539 4992 575 5057 ct
598 4984 743 5081 plcrimn
768 4990 1001 5060 dumosorum
1033 4988 1137 5058 Patri
1163 5009 1229 5081 per
1260 5008 1380 5060 acmen
1411 4986 1493 5060 Filii
1526 4992 1561 5058 et

206 5091 343 5186 Spiritm
373 5106 486 5174 sancti
518 5106 655 5191 emittit,
696 5111 732 5176 ct
764 5108 954 5201 pretiosam
987 5107 1169 5193 actionem,
1200 5124 1267 5199 pro
1303 5127 1344 5177 eo
1379 5104 1469 5200 qaod
1498 5126 1562 5177 nos
