4525 6034
725 588 802 663 490
1233 589 1591 666 birunain

726 779 838 850 iirnrus
864 778 972 850 lactus
999 788 1060 850 est.
1114 781 1295 872 Postquam
1322 798 1407 849 vero
1436 777 1596 850 collectus
1623 787 1676 850 est
1701 799 1761 872 per
1775 782 1972 853 vocationem
1986 783 2053 857 Pro-

726 894 896 990 phetamm
925 904 1072 980 morum,
1099 894 1227 989 absque
1253 891 1484 964 consolatione
1514 896 1714 989 permansit:
1748 905 1824 965 tunc
1859 918 1936 970 vero
1965 900 2054 972 liban

727 1020 815 1083 tuum
843 1010 995 1081 dilectum
1029 1010 1071 1082 ad
1105 1014 1178 1103 ejus
1213 1008 1429 1080 directionem
1463 1008 1639 1101 diligenter
1671 1012 1797 1083 misisti.
1848 1012 2002 1087 lsautm
2025 1015 2055 1087 ad

727 1126 968 1200 similitudinem
995 1137 1143 1199 nostmnr
1171 1130 1310 1198 caritate
1336 1124 1511 1197 nobiscum
1528 1124 1705 1216 habitavit,
1731 1150 1913 1223 pacemque
1927 1134 2054 1202 sinceram

728 1245 761 1313 in
788 1247 880 1339 pacis
909 1242 1160 1339 susceptoribus
1187 1243 1364 1314 seminavit
1390 1252 1642 1337 permanenter,
1679 1253 1712 1313 et
1745 1266 1792 1314 ex
1828 1249 1938 1340 spiritu
1964 1244 2057 1340 purib-

727 1369 842 1448 cante‚
870 1382 931 1455 per
958 1383 1033 1431 eum
1060 1360 1134 1431 illos
1161 1358 1349 1454 implevisti.
1402 1357 1452 1428 Illi
1479 1367 1589 1429 autem
1616 1362 1808 1431 universam
1834 1371 1948 1433 terram
1961 1365 2057 1434 circui·

726 1487 865 1563 verunt,
894 1488 927 1548 et
953 1499 1052 1548 omne
1079 1474 1310 1570 quodcumque
1335 1477 1411 1568 paci
1438 1484 1511 1545 erat
1537 1478 1738 1547 contrarium
1764 1499 1810 1550 ex
1837 1475 2057 1549 caabstulemnt

726 1601 760 1662 ct
786 1594 933 1686 stirpitus
960 1592 1171 1677 evulserunt3
1198 1613 1314 1686 pacem
1342 1593 1441 1661 etiam
1474 1589 1626 1662 omnibus
1658 1614 1720 1687 per
1754 1614 1816 1666 eos
1851 1592 2058 1689 praedicavisti.

726 1706 799 1779 Nos
826 1730 910 1779 vero
938 1706 1087 1780 imbelles
1116 1717 1149 1778 et
1175 1716 1372 1802 peccatores
1400 1704 1619 1800 deprecamur
1644 1716 1695 1796 te,
1721 1719 1757 1779 ut
1790 1708 1877 1781 banc
1906 1709 2058 1803 tranquilli·

620 1844 623 1848 ’
725 1833 825 1894 tatem
853 1839 886 1896 et
911 1846 1029 1919 pacem
1056 1827 1088 1895 in
1117 1820 1288 1895 animabus
1315 1825 1436 1893 nostris
1470 1825 1672 1911 constituas,
1705 1832 1740 1894 ut
1773 1836 1921 1897 amanter
1949 1836 1979 1896 et
2005 1848 2058 1896 cm

727 1938 902 2011 dilectione
928 1962 1014 2034 quae
1040 1951 1073 2011 te
1100 1938 1234 2026 deceat,
1266 1937 1503 2033 amplectamur
1536 1961 1598 2011 nos
1630 1942 1791 2028 invicem,
1829 1941 1951 2037 absque
1979 1939 2059 2014 dissi-

725 2055 796 2128 dio:
824 2057 964 2148 gloriam
993 2080 1079 2153 quae
1113 2055 1172 2128 tibi
1198 2054 1354 2142 debetur,
1390 2065 1423 2126 et
1458 2053 1580 2127 dilecto
1615 2055 1702 2128 Filio
1735 2069 1792 2131 tuo
1826 2057 2013 2148 referemus,
2036 2066 2060 2126 al

726 2169 859 2267 Spiritui
886 2183 1003 2244 sancto
1030 2196 1135 2259 nunc,
1162 2181 1225 2243 eto.

830 2288 992 2381 Populus.
1045 2291 1164 2361 Amen.

830 2403 1013 2477 Sacerdos.
1066 2406 1151 2476 Pax.

828 2520 988 2613 Papulas.
1041 2521 1185 2593 Etcum
1212 2523 1327 2615 spiritu
1353 2529 1420 2591 tuo.

827 2635 1015 2708 Diaconos.
1068 2639 1136 2709 Det
1161 2659 1278 2731 pacem
1305 2639 1541 2731 unusquisque.

827 2751 1011 2825 Sacerdos.
1064 2754 1203 2826 Praesta
1230 2754 1348 2842 nobis,
1376 2763 1438 2823 etc.

828 2870 1016 2941 Diacaaca.
1069 2872 1169 2959 Post,
1196 2879 1259 2941 etc.

828 2985 990 3079 Populos.
1045 2986 1169 3059 Coram
1196 2998 1239 3058 te.

828 3102 1011 3175 Sacerdos.
1064 3103 1280 3192 Benedictus,
1308 3116 1340 3177 et
1367 3102 1627 3189 benedicendus,
1656 3115 1690 3175 et
1720 3101 1841 3176 beatus
1875 3108 1908 3175 in
1941 3102 2063 3176 omnbus

725 3241 779 3309 cs,
807 3223 861 3314 qui
888 3222 1019 3293 vocasti
1045 3242 1129 3310 noa,
1156 3231 1190 3292 et
1216 3220 1382 3293 adduxisti
1408 3220 1451 3291 ad
1467 3219 1706 3291 similitudinem
1724 3220 1901 3313 quamdam
1920 3224 1973 3307 tui,
1996 3238 2062 3311 qua·

723 3335 788 3408 lern
817 3341 958 3410 terrenis
989 3359 1091 3408 carne
1122 3338 1241 3410 indutis
1274 3336 1397 3408 babere
1433 3335 1526 3424 licet,
1562 3359 1636 3407 cum
1671 3345 1788 3407 natura
1822 3360 1907 3431 prae
1940 3334 2064 3407 omnibns

724 3454 976 3547 simplicissima.
1033 3452 1084 3524 Tu
1117 3455 1219 3545 igitur
1250 3457 1424 3525 etiamnum
1458 3454 1600 3525 Domine
1632 3452 1744 3540 Deus,
1778 3457 1835 3547 qui
1869 3447 2063 3526 adorarisab

725 3570 896 3659 omuibus,
923 3580 1000 3641 tene
1027 3591 1089 3641 nos
1116 3579 1212 3640 extra
1240 3592 1338 3641 omne
1365 3573 1480 3640 ruinae
1506 3552 1686 3665 periculum
1715 3568 1858 3642 dextera
1893 3580 1945 3641 tua
1975 3568 2063 3639 onni-

726 3690 869 3782 potcnti,
897 3697 931 3758 et
956 3685 1098 3759 benedic
1124 3686 1280 3781 populum
1308 3696 1396 3757 tuum
1423 3688 1478 3780 qui
1504 3708 1591 3757 nunc
1618 3684 1791 3758 inclinatus
1819 3697 1875 3758 est
1908 3692 2064 3763 coramlb

724 3804 816 3874 rnitta
841 3801 904 3873 illis
932 3824 1070 3874 munera
1098 3801 1259 3874 donorum
1286 3812 1414 3874 tuorum
1442 3801 1637 3898 divinorum.
1689 3802 1743 3872 Da
1770 3801 1836 3875 illis
1864 3804 2063 3886 Dominari

724 3931 958 4015 permanenter
984 3941 1082 3989 unum
1110 3921 1232 3990 sintin
1259 3929 1307 4004 te,
1336 3918 1463 4013 absque
1489 3917 1554 3989 ulla
1581 3916 1762 3990 divisione:
1795 3929 1833 3990 ut
1868 3918 2065 3990 indeficienter

725 4037 943 4109 confiteantur
970 4035 1046 4124 tibi,
1074 4044 1107 4107 et
1132 4036 1302 4127 unigenito
1329 4033 1415 4107 Fibo
1442 4026 1499 4105 tuo
1525 4045 1560 4106 et
1585 4034 1721 4129 Spiritui
1747 4043 1803 4106 tuo
1835 4047 1962 4108 sancto.

828 4152 988 4246 Papulas.
1039 4153 1159 4223 Amen.

827 4269 1011 4341 Sacerdos.
1063 4267 1172 4339 Aufer
1196 4269 1339 4339 Domine
1367 4290 1386 4338 a
1413 4266 1671 4360 cogitationibus
1704 4278 1737 4338 et
1767 4267 1935 4342 mentibus
1967 4265 2064 4336 nodus

725 4409 841 4459 omnes
868 4384 986 4458 sordes
1013 4383 1176 4455 maculam
1201 4382 1380 4455 inferentes
1408 4382 1579 4456 animabus
1605 4387 1749 4472 nostre,
1784 4394 1819 4455 et
1855 4385 1899 4457 da
1929 4380 2015 4455 nobis
2038 4385 2064 4446 ui

724 4512 834 4574 mente
860 4525 943 4598 pura
969 4512 1094 4575 stemus
1120 4522 1233 4572 coram
1261 4509 1303 4570 te.
1356 4500 1497 4595 Depelle
1523 4503 1621 4572 etiam
1648 4523 1667 4571 a
1693 4498 1792 4572 nobis
1809 4522 1929 4572 omnes
1945 4503 2063 4569 mman-

724 4619 820 4692 ditias
847 4622 1025 4714 iniquitatis
1053 4627 1086 4689 et
1118 4619 1266 4713 peccati,
1301 4639 1365 4688 nos
1399 4639 1484 4688 vero
1519 4619 1553 4687 in
1585 4620 1675 4688 omni
1706 4617 1860 4708 religiosi
1897 4616 2064 4688 timorisei

723 4740 938 4809 castimoniae
965 4757 1092 4827 genere
1118 4733 1297 4823 confirma,
1324 4756 1367 4804 ne
1394 4737 1554 4806 inornatis
1581 4743 1615 4803 et
1641 4732 1769 4804 incultis
1795 4731 1962 4804 mentibus
1975 4747 2061 4825 appt-

722 4875 855 4925 reamus
888 4875 1003 4924 ceram
1036 4862 1088 4941 te,
1126 4849 1192 4922 boc
1224 4859 1374 4943 tempore
1409 4859 1443 4920 et
1474 4848 1625 4921 omnibus
1659 4848 1775 4921 diebus
1807 4853 1905 4921 vitae
1939 4859 2062 4920 rosnae:

721 4989 839 5039 verum
866 4967 1010 5039 mundati
1037 4966 1078 5038 ab
1106 4969 1196 5039 omni
1226 4968 1371 5060 nequitia
1388 4987 1494 5059 »quae
1520 4964 1646 5037 absum
1683 4988 1703 5036 a
1739 4973 1772 5035 te
1805 4963 1933 5055 iaciat,
1964 4973 2063 5036 senus

723 5086 889 5173 animose,
917 5107 992 5157 cum
1018 5085 1222 5158 conscientia
1247 5080 1416 5178 impolluta
1443 5102 1557 5156 coram
1583 5080 1703 5154 throno
1730 5080 1916 5156 divimtatis
1943 5080 2063 5166 uae,d
