<?xml version="1.0" encoding="UTF-8"?>
<!DOCTYPE html PUBLIC "-//W3C//DTD XHTML 1.0 Transitional//EN"
    "http://www.w3.org/TR/xhtml1/DTD/xhtml1-transitional.dtd">
<html xmlns="http://www.w3.org/1999/xhtml" xml:lang="en" lang="en">
 <head>
  <title>
</title>
<meta http-equiv="Content-Type" content="text/html;charset=utf-8" />
  <meta name='ocr-system' content='tesseract 3.04.00' />
  <meta name='ocr-capabilities' content='ocr_page ocr_carea ocr_par ocr_line ocrx_word'/>
</head>
<body>
  <div class='ocr_page' id='page_1' title='image "./liturgiarumorie00unkngoog/liturgiarumorie00unkngoog_0468.png"; bbox 0 0 4525 6034; ppageno 0'>
   <div class='ocr_carea' id='block_1_1' title="bbox 369 4476 530 4537">
    <p class='ocr_par' dir='ltr' id='par_1_1' title="bbox 369 4476 530 4537">
     <span class='ocr_line' id='line_1_1' title="bbox 369 4476 530 4537; baseline 0.037 -7"><span class='ocrx_word' id='word_1_1' title='bbox 369 4476 399 4533; x_wconf 75' lang='lat'><strong><em>1³.</em></strong></span> <span class='ocrx_word' id='word_1_2' title='bbox 421 4482 482 4535; x_wconf 75' lang='lat' dir='ltr'><strong><em>ist.</em></strong></span> <span class='ocrx_word' id='word_1_3' title='bbox 502 4484 530 4537; x_wconf 83' lang='lat'><strong><em>⁶.</em></strong></span> 
     </span>
    </p>
   </div>
   <div class='ocr_carea' id='block_1_2' title="bbox 676 555 1485 634">
    <p class='ocr_par' dir='ltr' id='par_1_2' title="bbox 676 555 1485 634">
     <span class='ocr_line' id='line_1_2' title="bbox 676 555 1485 634; baseline 0.006 -5"><span class='ocrx_word' id='word_1_4' title='bbox 676 555 753 630; x_wconf 89' lang='grc'><strong><em>304</em></strong></span> <span class='ocrx_word' id='word_1_5' title='bbox 1250 556 1485 634; x_wconf 82' lang='lat' dir='ltr'><strong>NOTAE</strong></span> 
     </span>
    </p>
   </div>
   <div class='ocr_carea' id='block_1_3' title="bbox 673 738 2051 1490">
    <p class='ocr_par' dir='ltr' id='par_1_3' title="bbox 673 738 2051 1490">
     <span class='ocr_line' id='line_1_3' title="bbox 673 738 2051 820; baseline 0.008 -21"><span class='ocrx_word' id='word_1_6' title='bbox 673 738 729 800; x_wconf 85' lang='lat' dir='ltr'><strong><em>sali</em></strong></span> <span class='ocrx_word' id='word_1_7' title='bbox 752 739 947 805; x_wconf 81' lang='lat' dir='ltr'><strong>Francorum.</strong></span> <span class='ocrx_word' id='word_1_8' title='bbox 991 741 1120 803; x_wconf 82' lang='lat' dir='ltr'><strong><em>Domine</em></strong></span> <span class='ocrx_word' id='word_1_9' title='bbox 1141 740 1226 804; x_wconf 78' lang='lat' dir='ltr'><strong><em>Deras</em></strong></span> <span class='ocrx_word' id='word_1_10' title='bbox 1246 743 1443 820; x_wconf 76' lang='lat' dir='ltr'><strong><em>ommipotens,</em></strong></span> <span class='ocrx_word' id='word_1_11' title='bbox 1465 743 1546 803; x_wconf 79' lang='lat' dir='ltr'><strong><em>sicrrt</em></strong></span> <span class='ocrx_word' id='word_1_12' title='bbox 1571 742 1611 803; x_wconf 86' lang='lat' dir='ltr'><strong><em>ab</em></strong></span> <span class='ocrx_word' id='word_1_13' title='bbox 1633 742 1720 805; x_wconf 87' lang='lat' dir='ltr'><strong><em>initio</em></strong></span> <span class='ocrx_word' id='word_1_14' title='bbox 1748 743 1919 807; x_wconf 68' lang='lat' dir='ltr'><strong><em>heristibut</em></strong></span> <span class='ocrx_word' id='word_1_15' title='bbox 1945 746 2051 810; x_wconf 82' lang='lat' dir='ltr'><strong><em>vitalio</em></strong></span> 
     </span>
     <span class='ocr_line' id='line_1_4' title="bbox 674 839 2050 921; baseline 0.005 -22"><span class='ocrx_word' id='word_1_16' title='bbox 674 845 704 898; x_wconf 94' lang='lat' dir='ltr'><strong><em>et</em></strong></span> <span class='ocrx_word' id='word_1_17' title='bbox 723 839 900 900; x_wconf 84' lang='lat' dir='ltr'><strong><em>accessoria</em></strong></span> <span class='ocrx_word' id='word_1_18' title='bbox 922 841 1053 901; x_wconf 77' lang='lat' dir='ltr'><strong><em>creasti:</em></strong></span> <span class='ocrx_word' id='word_1_19' title='bbox 1076 848 1106 900; x_wconf 92' lang='lat' dir='ltr'><strong><em>et</em></strong></span> <span class='ocrx_word' id='word_1_20' title='bbox 1126 840 1376 920; x_wconf 77' lang='lat' dir='ltr'><strong><em>quemadmodum</em></strong></span> <span class='ocrx_word' id='word_1_21' title='bbox 1404 840 1582 901; x_wconf 83' lang='lat' dir='ltr'><strong><em>vestimento</em></strong></span> <span class='ocrx_word' id='word_1_22' title='bbox 1602 841 1796 920; x_wconf 81' lang='lat' dir='ltr'><strong><em>Pomtificaliu</em></strong></span> <span class='ocrx_word' id='word_1_23' title='bbox 1824 843 2050 921; x_wconf 68' lang='lat' dir='ltr'><strong><em>Sacerdotibus,</em></strong></span> 
     </span>
     <span class='ocr_line' id='line_1_5' title="bbox 674 933 2051 1022; baseline 0.007 -27"><span class='ocrx_word' id='word_1_24' title='bbox 674 941 704 996; x_wconf 90' lang='lat' dir='ltr'><strong><em>et</em></strong></span> <span class='ocrx_word' id='word_1_25' title='bbox 724 933 841 1021; x_wconf 72' lang='lat' dir='ltr'><strong><em>Levitis</em></strong></span> <span class='ocrx_word' id='word_1_26' title='bbox 863 945 1050 1013; x_wconf 77' lang='lat' dir='ltr'><strong><em>emanente,</em></strong></span> <span class='ocrx_word' id='word_1_27' title='bbox 1073 956 1151 1018; x_wconf 81' lang='lat' dir='ltr'><strong><em>puae</em></strong></span> <span class='ocrx_word' id='word_1_28' title='bbox 1173 944 1203 997; x_wconf 91' lang='lat' dir='ltr'><strong><em>et</em></strong></span> <span class='ocrx_word' id='word_1_29' title='bbox 1223 938 1399 999; x_wconf 80' lang='lat' dir='ltr'><strong><em>liateambsa</em></strong></span> <span class='ocrx_word' id='word_1_30' title='bbox 1417 939 1488 1016; x_wconf 71' lang='lat' dir='ltr'><strong><em>fieri</em></strong></span> <span class='ocrx_word' id='word_1_31' title='bbox 1505 938 1622 1017; x_wconf 79' lang='lat' dir='ltr'><strong><em>[amalo</em></strong></span> <span class='ocrx_word' id='word_1_32' title='bbox 1644 946 1695 1001; x_wconf 89' lang='lat' dir='ltr'><strong><em>tuo</em></strong></span> <span class='ocrx_word' id='word_1_33' title='bbox 1717 939 1816 1022; x_wconf 78' lang='lat' dir='ltr'><strong><em>Mopsi</em></strong></span> <span class='ocrx_word' id='word_1_34' title='bbox 1832 961 1892 1020; x_wconf 91' lang='lat' dir='ltr'><strong><em>per</em></strong></span> <span class='ocrx_word' id='word_1_35' title='bbox 1911 943 2051 1021; x_wconf 73' lang='lat' dir='ltr'><strong><em>quadra·</em></strong></span> 
     </span>
     <span class='ocr_line' id='line_1_6' title="bbox 673 1033 2050 1117; baseline 0.007 -23"><span class='ocrx_word' id='word_1_36' title='bbox 673 1033 759 1112; x_wconf 80' lang='lat' dir='ltr'><strong><em>pimto</em></strong></span> <span class='ocrx_word' id='word_1_37' title='bbox 781 1034 849 1096; x_wconf 90' lang='lat' dir='ltr'><strong><em>dies</em></strong></span> <span class='ocrx_word' id='word_1_38' title='bbox 869 1036 1019 1097; x_wconf 58' lang='lat' dir='ltr'><strong><em>mercati:</em></strong></span> <span class='ocrx_word' id='word_1_39' title='bbox 1041 1038 1107 1098; x_wconf 85' lang='lat' dir='ltr'><strong><em>sice</em></strong></span> <span class='ocrx_word' id='word_1_40' title='bbox 1128 1037 1220 1099; x_wconf 87' lang='lat' dir='ltr'><strong><em>etiam</em></strong></span> <span class='ocrx_word' id='word_1_41' title='bbox 1243 1054 1281 1098; x_wconf 91' lang='lat' dir='ltr'><strong><em>eo</em></strong></span> <span class='ocrx_word' id='word_1_42' title='bbox 1310 1054 1388 1116; x_wconf 83' lang='lat' dir='ltr'><strong><em>puae</em></strong></span> <span class='ocrx_word' id='word_1_43' title='bbox 1415 1036 1518 1098; x_wconf 85' lang='lat' dir='ltr'><strong><em>Mario</em></strong></span> <span class='ocrx_word' id='word_1_44' title='bbox 1547 1040 1652 1113; x_wconf 75' lang='lat' dir='ltr'><strong><em>texuit,</em></strong></span> <span class='ocrx_word' id='word_1_45' title='bbox 1681 1046 1711 1099; x_wconf 94' lang='lat' dir='ltr'><strong><em>et</em></strong></span> <span class='ocrx_word' id='word_1_46' title='bbox 1734 1038 1812 1117; x_wconf 80' lang='lat' dir='ltr'><strong><em>[ecit</em></strong></span> <span class='ocrx_word' id='word_1_47' title='bbox 1830 1041 1863 1100; x_wconf 88' lang='lat' dir='ltr'><strong><em>in</em></strong></span> <span class='ocrx_word' id='word_1_48' title='bbox 1884 1057 1971 1100; x_wconf 77' lang='lat' dir='ltr'><strong><em>ramma</em></strong></span> <span class='ocrx_word' id='word_1_49' title='bbox 1998 1050 2050 1103; x_wconf 89' lang='lat' dir='ltr'><strong><em>to-</em></strong></span> 
     </span>
     <span class='ocr_line' id='line_1_7' title="bbox 675 1131 2050 1217; baseline 0.005 -24"><span class='ocrx_word' id='word_1_50' title='bbox 675 1131 835 1194; x_wconf 68' lang='lat' dir='ltr'><strong><em>aeneam</em></strong></span> <span class='ocrx_word' id='word_1_51' title='bbox 851 1132 997 1211; x_wconf 79' lang='lat' dir='ltr'><strong><em>foederis,</em></strong></span> <span class='ocrx_word' id='word_1_52' title='bbox 1020 1135 1225 1214; x_wconf 72' lang='lat' dir='ltr'><strong><em>sanctificare,</em></strong></span> <span class='ocrx_word' id='word_1_53' title='bbox 1249 1134 1437 1212; x_wconf 85' lang='lat' dir='ltr'><strong><em>benedicere,</em></strong></span> <span class='ocrx_word' id='word_1_54' title='bbox 1459 1152 1699 1216; x_wconf 80' lang='lat' dir='ltr'><strong><em>consecrareque</em></strong></span> <span class='ocrx_word' id='word_1_55' title='bbox 1714 1137 1852 1217; x_wconf 79' lang='lat' dir='ltr'><strong><em>diprreris</em></strong></span> <span class='ocrx_word' id='word_1_56' title='bbox 1861 1138 1938 1199; x_wconf 87' lang='lat' dir='ltr'><strong><em>haec</em></strong></span> <span class='ocrx_word' id='word_1_57' title='bbox 1959 1139 2050 1201; x_wconf 62' lang='lat' dir='ltr'><strong><em>itea-</em></strong></span> 
     </span>
     <span class='ocr_line' id='line_1_8' title="bbox 674 1231 2050 1317; baseline 0.005 -27"><span class='ocrx_word' id='word_1_58' title='bbox 674 1231 767 1305; x_wconf 85' lang='lat' dir='ltr'><strong><em>miaa,</em></strong></span> <span class='ocrx_word' id='word_1_59' title='bbox 790 1232 822 1291; x_wconf 87' lang='lat' dir='ltr'><strong><em>ia</em></strong></span> <span class='ocrx_word' id='word_1_60' title='bbox 844 1249 931 1292; x_wconf 86' lang='lat' dir='ltr'><strong><em>asum</em></strong></span> <span class='ocrx_word' id='word_1_61' title='bbox 953 1232 1064 1292; x_wconf 83' lang='lat' dir='ltr'><strong><em>attaris</em></strong></span> <span class='ocrx_word' id='word_1_62' title='bbox 1085 1233 1139 1307; x_wconf 88' lang='lat' dir='ltr'><strong><em>tui,</em></strong></span> <span class='ocrx_word' id='word_1_63' title='bbox 1162 1233 1205 1293; x_wconf 86' lang='lat' dir='ltr'><strong><em>ad</em></strong></span> <span class='ocrx_word' id='word_1_64' title='bbox 1227 1233 1383 1312; x_wconf 80' lang='lat' dir='ltr'><strong><em>tepentium</em></strong></span> <span class='ocrx_word' id='word_1_65' title='bbox 1405 1233 1671 1313; x_wconf 81' lang='lat' dir='ltr'><strong><em>involvendumque</em></strong></span> <span class='ocrx_word' id='word_1_66' title='bbox 1693 1252 1804 1313; x_wconf 76' lang='lat' dir='ltr'><strong><em>carptas</em></strong></span> <span class='ocrx_word' id='word_1_67' title='bbox 1826 1243 1856 1296; x_wconf 91' lang='lat' dir='ltr'><strong><em>et</em></strong></span> <span class='ocrx_word' id='word_1_68' title='bbox 1876 1239 2050 1317; x_wconf 58' lang='lat' dir='ltr'><strong><em>sangumem</em></strong></span> 
     </span>
     <span class='ocr_line' id='line_1_9' title="bbox 675 1328 2048 1416; baseline 0.008 -28"><span class='ocrx_word' id='word_1_69' title='bbox 675 1328 745 1389; x_wconf 83' lang='lat' dir='ltr'><strong><em>Filii</em></strong></span> <span class='ocrx_word' id='word_1_70' title='bbox 765 1330 810 1390; x_wconf 80' lang='lat' dir='ltr'><strong><em>tui</em></strong></span> <span class='ocrx_word' id='word_1_71' title='bbox 821 1328 953 1390; x_wconf 73' lang='lat' dir='ltr'><strong><em>‘Domini</em></strong></span> <span class='ocrx_word' id='word_1_72' title='bbox 972 1330 1072 1390; x_wconf 78' lang='lat' dir='ltr'><strong><em>mesni</em></strong></span> <span class='ocrx_word' id='word_1_73' title='bbox 1090 1330 1166 1391; x_wconf 76' lang='lat' dir='ltr'><strong><em>iesu</em></strong></span> <span class='ocrx_word' id='word_1_74' title='bbox 1188 1329 1312 1394; x_wconf 81' lang='lat' dir='ltr'><strong><em>Obristi</em></strong></span> <span class='ocrx_word' id='word_1_75' title='bbox 1343 1330 1461 1394; x_wconf 84' lang='lat' dir='ltr'>Similes</span> <span class='ocrx_word' id='word_1_76' title='bbox 1484 1338 1535 1392; x_wconf 88' lang='lat' dir='ltr'><strong><em>aut</em></strong></span> <span class='ocrx_word' id='word_1_77' title='bbox 1558 1331 1683 1394; x_wconf 83' lang='lat' dir='ltr'><strong><em>caedem</em></strong></span> <span class='ocrx_word' id='word_1_78' title='bbox 1707 1341 1812 1395; x_wconf 84' lang='lat' dir='ltr'><strong><em>extant</em></strong></span> <span class='ocrx_word' id='word_1_79' title='bbox 1842 1334 1872 1395; x_wconf 91' lang='lat' dir='ltr'><strong><em>in</em></strong></span> <span class='ocrx_word' id='word_1_80' title='bbox 1895 1334 2048 1416; x_wconf 83' lang='lat' dir='ltr'><strong><em>plerisque</em></strong></span> 
     </span>
     <span class='ocr_line' id='line_1_10' title="bbox 673 1424 1098 1490; baseline 0.002 -3"><span class='ocrx_word' id='word_1_81' title='bbox 673 1425 788 1488; x_wconf 88' lang='lat' dir='ltr'><strong><em>Latinis</em></strong></span> <span class='ocrx_word' id='word_1_82' title='bbox 816 1424 1098 1490; x_wconf 87' lang='lat' dir='ltr'><strong><em>Sacramentalibas.</em></strong></span> 
     </span>
    </p>
   </div>
   <div class='ocr_carea' id='block_1_4' title="bbox 917 1684 1808 1781">
    <p class='ocr_par' dir='ltr' id='par_1_4' title="bbox 917 1684 1808 1781">
     <span class='ocr_line' id='line_1_11' title="bbox 917 1684 1808 1781; baseline 0.007 -27"><span class='ocrx_word' id='word_1_83' title='bbox 917 1684 1038 1755; x_wconf 78' lang='lat' dir='ltr'><strong><em>Oratio</em></strong></span> <span class='ocrx_word' id='word_1_84' title='bbox 1065 1690 1339 1758; x_wconf 81' lang='lat' dir='ltr'><strong><em>consecrationis</em></strong></span> <span class='ocrx_word' id='word_1_85' title='bbox 1363 1686 1465 1758; x_wconf 89' lang='lat' dir='ltr'><strong><em>Disci</em></strong></span> <span class='ocrx_word' id='word_1_86' title='bbox 1490 1688 1701 1759; x_wconf 81' lang='lat' dir='ltr'><strong><em>electorum</em></strong></span> <span class='ocrx_word' id='word_1_87' title='bbox 1727 1694 1808 1781; x_wconf 74' lang='lat' dir='ltr'><strong><em>ejus</em></strong></span> 
     </span>
    </p>
   </div>
   <div class='ocr_carea' id='block_1_5' title="bbox 668 1891 2046 2385">
    <p class='ocr_par' dir='ltr' id='par_1_5' title="bbox 668 1891 2046 2385">
     <span class='ocr_line' id='line_1_12' title="bbox 768 1891 2046 1987; baseline 0.002 -18"><span class='ocrx_word' id='word_1_88' title='bbox 768 1891 821 1969; x_wconf 85' lang='lat' dir='ltr'><strong><em>Da</em></strong></span> <span class='ocrx_word' id='word_1_89' title='bbox 838 1903 930 1967; x_wconf 87' lang='lat' dir='ltr'><strong>Disco</strong></span> <span class='ocrx_word' id='word_1_90' title='bbox 953 1904 1064 1966; x_wconf 90' lang='lat' dir='ltr'><strong><em>dictum</em></strong></span> <span class='ocrx_word' id='word_1_91' title='bbox 1087 1906 1187 1966; x_wconf 87' lang='lat' dir='ltr'><strong><em>estin</em></strong></span> <span class='ocrx_word' id='word_1_92' title='bbox 1211 1905 1289 1966; x_wconf 90' lang='lat' dir='ltr'><strong><em>notis</em></strong></span> <span class='ocrx_word' id='word_1_93' title='bbox 1313 1903 1352 1965; x_wconf 90' lang='lat' dir='ltr'><strong><em>ad</em></strong></span> <span class='ocrx_word' id='word_1_94' title='bbox 1374 1903 1539 1987; x_wconf 79' lang='lat' dir='ltr'><strong><em>liturgiam</em></strong></span> <span class='ocrx_word' id='word_1_95' title='bbox 1560 1902 1662 1966; x_wconf 88' lang='lat' dir='ltr'><strong><em>Basilii</em></strong></span> <span class='ocrx_word' id='word_1_96' title='bbox 1686 1903 1858 1985; x_wconf 89' lang='lat' dir='ltr'><strong><em>Copticam:</em></strong></span> <span class='ocrx_word' id='word_1_97' title='bbox 1882 1909 2046 1987; x_wconf 78' lang='lat' dir='ltr'><strong><em>respondet</em></strong></span> 
     </span>
     <span class='ocr_line' id='line_1_13' title="bbox 670 2006 2042 2089; baseline 0.007 -23"><span class='ocrx_word' id='word_1_98' title='bbox 670 2011 769 2067; x_wconf 85' lang='lat' dir='ltr'><strong><em>autem</em></strong></span> <span class='ocrx_word' id='word_1_99' title='bbox 790 2007 927 2069; x_wconf 85' lang='lat' dir='ltr'><strong><em>Potenae</em></strong></span> <span class='ocrx_word' id='word_1_100' title='bbox 948 2007 1133 2085; x_wconf 89' lang='lat' dir='ltr'><strong><em>Latinorum,</em></strong></span> <span class='ocrx_word' id='word_1_101' title='bbox 1157 2006 1216 2068; x_wconf 89' lang='lat' dir='ltr'><strong><em>nisi</em></strong></span> <span class='ocrx_word' id='word_1_102' title='bbox 1238 2006 1329 2087; x_wconf 87' lang='lat' dir='ltr'><strong><em>quod,</em></strong></span> <span class='ocrx_word' id='word_1_103' title='bbox 1352 2015 1384 2068; x_wconf 87' lang='lat' dir='ltr'><strong><em>ut</em></strong></span> <span class='ocrx_word' id='word_1_104' title='bbox 1407 2007 1486 2088; x_wconf 91' lang='lat' dir='ltr'><strong><em>apud</em></strong></span> <span class='ocrx_word' id='word_1_105' title='bbox 1509 2006 1656 2084; x_wconf 88' lang='lat' dir='ltr'><strong><em>Graecos,</em></strong></span> <span class='ocrx_word' id='word_1_106' title='bbox 1678 2006 1729 2069; x_wconf 87' lang='lat' dir='ltr'><strong><em>illa</em></strong></span> <span class='ocrx_word' id='word_1_107' title='bbox 1751 2008 1847 2089; x_wconf 85' lang='lat' dir='ltr'><strong><em>major</em></strong></span> <span class='ocrx_word' id='word_1_108' title='bbox 1867 2010 1961 2072; x_wconf 88' lang='lat' dir='ltr'><strong><em>multo</em></strong></span> <span class='ocrx_word' id='word_1_109' title='bbox 1984 2020 2042 2075; x_wconf 88' lang='lat' dir='ltr'><strong><em>est:</em></strong></span> 
     </span>
     <span class='ocr_line' id='line_1_14' title="bbox 670 2104 2044 2187; baseline 0.005 -22"><span class='ocrx_word' id='word_1_110' title='bbox 670 2121 738 2166; x_wconf 90' lang='lat' dir='ltr'><strong><em>curn</em></strong></span> <span class='ocrx_word' id='word_1_111' title='bbox 761 2106 790 2166; x_wconf 93' lang='lat' dir='ltr'><strong><em>in</em></strong></span> <span class='ocrx_word' id='word_1_112' title='bbox 814 2124 852 2169; x_wconf 90' lang='lat' dir='ltr'><strong><em>eo</em></strong></span> <span class='ocrx_word' id='word_1_113' title='bbox 876 2105 957 2168; x_wconf 87' lang='lat' dir='ltr'><strong><em>calix</em></strong></span> <span class='ocrx_word' id='word_1_114' title='bbox 979 2108 1009 2168; x_wconf 90' lang='lat' dir='ltr'><strong><em>in</em></strong></span> <span class='ocrx_word' id='word_1_115' title='bbox 1031 2124 1092 2187; x_wconf 86' lang='lat' dir='ltr'><strong><em>quo</em></strong></span> <span class='ocrx_word' id='word_1_116' title='bbox 1115 2105 1306 2168; x_wconf 88' lang='lat' dir='ltr'><strong><em>consecratio</em></strong></span> <span class='ocrx_word' id='word_1_117' title='bbox 1328 2105 1371 2184; x_wconf 87' lang='lat' dir='ltr'><strong><em>lit,</em></strong></span> <span class='ocrx_word' id='word_1_118' title='bbox 1394 2113 1425 2169; x_wconf 90' lang='lat' dir='ltr'><strong><em>et</em></strong></span> <span class='ocrx_word' id='word_1_119' title='bbox 1444 2104 1616 2187; x_wconf 86' lang='lat' dir='ltr'><strong><em>aliquando,</em></strong></span> <span class='ocrx_word' id='word_1_120' title='bbox 1640 2106 1690 2186; x_wconf 91' lang='lat' dir='ltr'><strong><em>qui</em></strong></span> <span class='ocrx_word' id='word_1_121' title='bbox 1713 2107 1744 2167; x_wconf 91' lang='lat' dir='ltr'><strong><em>in</em></strong></span> <span class='ocrx_word' id='word_1_122' title='bbox 1765 2107 1921 2171; x_wconf 89' lang='lat' dir='ltr'><strong><em>veteribus</em></strong></span> <span class='ocrx_word' id='word_1_123' title='bbox 1933 2109 2044 2172; x_wconf 88' lang='lat' dir='ltr'><strong><em>Latinis</em></strong></span> 
     </span>
     <span class='ocr_line' id='line_1_15' title="bbox 668 2203 2043 2290; baseline 0.005 -26"><span class='ocrx_word' id='word_1_124' title='bbox 668 2203 826 2266; x_wconf 78' lang='lat' dir='ltr'><strong><em>ritualibus</em></strong></span> <span class='ocrx_word' id='word_1_125' title='bbox 848 2204 1059 2267; x_wconf 61' lang='lat' dir='ltr'><strong><em>ministerialis</em></strong></span> <span class='ocrx_word' id='word_1_126' title='bbox 1080 2205 1199 2285; x_wconf 90' lang='lat' dir='ltr'><strong><em>dicitur,</em></strong></span> <span class='ocrx_word' id='word_1_127' title='bbox 1224 2204 1368 2268; x_wconf 85' lang='lat' dir='ltr'><strong><em>collocari</em></strong></span> <span class='ocrx_word' id='word_1_128' title='bbox 1390 2204 1518 2268; x_wconf 78' lang='lat' dir='ltr'><strong><em>soleant.</em></strong></span> <span class='ocrx_word' id='word_1_129' title='bbox 1554 2204 1629 2267; x_wconf 86' lang='lat' dir='ltr'><strong><em>Vela</em></strong></span> <span class='ocrx_word' id='word_1_130' title='bbox 1651 2213 1750 2268; x_wconf 87' lang='lat' dir='ltr'><strong><em>autem</em></strong></span> <span class='ocrx_word' id='word_1_131' title='bbox 1774 2205 1834 2268; x_wconf 89' lang='lat' dir='ltr'><strong><em>duo</em></strong></span> <span class='ocrx_word' id='word_1_132' title='bbox 1857 2215 1927 2269; x_wconf 89' lang='lat' dir='ltr'><strong><em>sunt</em></strong></span> <span class='ocrx_word' id='word_1_133' title='bbox 1949 2210 2043 2290; x_wconf 90' lang='lat' dir='ltr'><strong><em>majus</em></strong></span> 
     </span>
     <span class='ocr_line' id='line_1_16' title="bbox 670 2302 2044 2385; baseline 0.004 -21"><span class='ocrx_word' id='word_1_134' title='bbox 670 2311 700 2364; x_wconf 92' lang='lat' dir='ltr'><strong><em>et</em></strong></span> <span class='ocrx_word' id='word_1_135' title='bbox 722 2304 834 2365; x_wconf 90' lang='lat' dir='ltr'><strong><em>minus:</em></strong></span> <span class='ocrx_word' id='word_1_136' title='bbox 857 2302 918 2383; x_wconf 91' lang='lat' dir='ltr'><strong><em>ille,</em></strong></span> <span class='ocrx_word' id='word_1_137' title='bbox 942 2302 1110 2383; x_wconf 84' lang='lat' dir='ltr'><strong><em>Anapbora</em></strong></span> <span class='ocrx_word' id='word_1_138' title='bbox 1133 2304 1294 2384; x_wconf 87' lang='lat' dir='ltr'><strong><em>aliquando</em></strong></span> <span class='ocrx_word' id='word_1_139' title='bbox 1318 2304 1497 2385; x_wconf 88' lang='lat' dir='ltr'><strong><em>appellatur,</em></strong></span> <span class='ocrx_word' id='word_1_140' title='bbox 1520 2305 1686 2384; x_wconf 89' lang='lat' dir='ltr'><strong><em>praecipue</em></strong></span> <span class='ocrx_word' id='word_1_141' title='bbox 1708 2305 1738 2366; x_wconf 89' lang='lat' dir='ltr'><strong><em>ia</em></strong></span> <span class='ocrx_word' id='word_1_142' title='bbox 1761 2303 1895 2384; x_wconf 78' lang='lat' dir='ltr'><strong><em>Syriacis</em></strong></span> <span class='ocrx_word' id='word_1_143' title='bbox 1916 2305 2044 2370; x_wconf 87' lang='lat' dir='ltr'><strong><em>Rituali·</em></strong></span> 
     </span>
    </p>
   </div>
   <div class='ocr_carea' id='block_1_6' title="bbox 646 2392 2042 2484">
    <p class='ocr_par' dir='ltr' id='par_1_6' title="bbox 646 2392 2042 2484">
     <span class='ocr_line' id='line_1_17' title="bbox 646 2392 2042 2484; baseline 0.006 -23"><span class='ocrx_word' id='word_1_144' title='bbox 646 2398 736 2474; x_wconf 86' lang='lat' dir='ltr'><strong><em>¹bus,</em></strong></span> <span class='ocrx_word' id='word_1_145' title='bbox 760 2401 840 2481; x_wconf 89' lang='lat' dir='ltr'><strong><em>apud</em></strong></span> <span class='ocrx_word' id='word_1_146' title='bbox 863 2401 999 2464; x_wconf 86' lang='lat' dir='ltr'><strong><em>Graecos</em></strong></span> <span class='ocrx_word' id='word_1_147' title='bbox 1021 2403 1189 2482; x_wconf 80' lang='lat' dir='ltr'><strong><em>scriptores</em></strong></span> <span class='ocrx_word' id='word_1_148' title='bbox 1216 2401 1450 2466; x_wconf 84' lang='lat' dir='ltr'><strong><em>Ecclesiasticos</em></strong></span> <span class='ocrx_word' id='word_1_149' title='bbox 1478 2392 1744 2481; x_wconf 75' lang='grc' dir='ltr'><strong><em>Δισκοκάλυμμα</em></strong></span> <span class='ocrx_word' id='word_1_150' title='bbox 1774 2402 1813 2465; x_wconf 89' lang='lat' dir='ltr'><strong><em>de</em></strong></span> <span class='ocrx_word' id='word_1_151' title='bbox 1842 2419 1903 2484; x_wconf 86' lang='lat' dir='ltr'><strong><em>quo</em></strong></span> <span class='ocrx_word' id='word_1_152' title='bbox 1927 2406 2042 2470; x_wconf 89' lang='lat' dir='ltr'><strong><em>erudite</em></strong></span> 
     </span>
    </p>
   </div>
   <div class='ocr_carea' id='block_1_7' title="bbox 657 2496 2046 5057">
    <p class='ocr_par' dir='ltr' id='par_1_7' title="bbox 669 2496 2045 2662">
     <span class='ocr_line' id='line_1_18' title="bbox 670 2496 2045 2588; baseline 0.005 -28"><span class='ocrx_word' id='word_1_153' title='bbox 670 2496 798 2562; x_wconf 88' lang='lat' dir='ltr'><strong><em>Carolus</em></strong></span> <span class='ocrx_word' id='word_1_154' title='bbox 828 2497 962 2583; x_wconf 80' lang='lat' dir='ltr'><strong><em>Congius</em></strong></span> <span class='ocrx_word' id='word_1_155' title='bbox 993 2502 1023 2561; x_wconf 91' lang='lat' dir='ltr'><strong><em>in</em></strong></span> <span class='ocrx_word' id='word_1_156' title='bbox 1054 2501 1211 2564; x_wconf 88' lang='lat' dir='ltr'><strong><em>Glossario</em></strong></span> <span class='ocrx_word' id='word_1_157' title='bbox 1240 2518 1307 2566; x_wconf 90' lang='lat' dir='ltr'><strong><em>suo.</em></strong></span> <span class='ocrx_word' id='word_1_158' title='bbox 1351 2502 1451 2565; x_wconf 86' lang='lat' dir='ltr'><strong><em>Minus</em></strong></span> <span class='ocrx_word' id='word_1_159' title='bbox 1485 2501 1584 2564; x_wconf 89' lang='lat' dir='ltr'><strong><em>velam</em></strong></span> <span class='ocrx_word' id='word_1_160' title='bbox 1614 2502 1695 2583; x_wconf 91' lang='lat' dir='ltr'><strong><em>apud</em></strong></span> <span class='ocrx_word' id='word_1_161' title='bbox 1725 2500 1861 2582; x_wconf 89' lang='lat' dir='ltr'><strong><em>Coptitas</em></strong></span> <span class='ocrx_word' id='word_1_162' title='bbox 1890 2504 2045 2588; x_wconf 73' lang='lat' dir='ltr'><strong><em>singulare</em></strong></span> 
     </span>
     <span class='ocr_line' id='line_1_19' title="bbox 669 2597 988 2662; baseline -0.003 -3"><span class='ocrx_word' id='word_1_163' title='bbox 669 2616 784 2661; x_wconf 89' lang='lat' dir='ltr'><strong><em>nomen·</em></strong></span> <span class='ocrx_word' id='word_1_164' title='bbox 803 2615 864 2661; x_wconf 89' lang='lat' dir='ltr'><strong><em>non</em></strong></span> <span class='ocrx_word' id='word_1_165' title='bbox 887 2597 988 2662; x_wconf 87' lang='lat' dir='ltr'><strong><em>habet.</em></strong></span> 
     </span>
    </p>

    <p class='ocr_par' dir='ltr' id='par_1_8' title="bbox 661 2695 2046 4461">
     <span class='ocr_line' id='line_1_20' title="bbox 756 2695 2046 2782; baseline 0.005 -24"><span class='ocrx_word' id='word_1_166' title='bbox 756 2695 790 2758; x_wconf 93' lang='lat' dir='ltr'><strong><em>ln</em></strong></span> <span class='ocrx_word' id='word_1_167' title='bbox 813 2698 871 2759; x_wconf 90' lang='lat' dir='ltr'><strong><em>ista</em></strong></span> <span class='ocrx_word' id='word_1_168' title='bbox 895 2698 1109 2761; x_wconf 88' lang='lat' dir='ltr'><strong><em>benedictione</em></strong></span> <span class='ocrx_word' id='word_1_169' title='bbox 1138 2699 1315 2761; x_wconf 85' lang='lat' dir='ltr'><strong><em>varietatem</em></strong></span> <span class='ocrx_word' id='word_1_170' title='bbox 1345 2699 1474 2781; x_wconf 88' lang='lat' dir='ltr'><strong><em>aliquam</em></strong></span> <span class='ocrx_word' id='word_1_171' title='bbox 1503 2698 1648 2762; x_wconf 83' lang='lat' dir='ltr'><strong><em>Codicum</em></strong></span> <span class='ocrx_word' id='word_1_172' title='bbox 1677 2699 1923 2763; x_wconf 76' lang='lat' dir='ltr'><strong><em>observavimus:</em></strong></span> <span class='ocrx_word' id='word_1_173' title='bbox 1956 2700 2046 2782; x_wconf 77' lang='lat' dir='ltr'><strong><em>aliqui</em></strong></span> 
     </span>
     <span class='ocr_line' id='line_1_21' title="bbox 669 2795 2045 2876; baseline 0.004 -18"><span class='ocrx_word' id='word_1_174' title='bbox 669 2796 749 2858; x_wconf 89' lang='lat' dir='ltr'><strong><em>enim</em></strong></span> <span class='ocrx_word' id='word_1_175' title='bbox 771 2814 832 2858; x_wconf 90' lang='lat' dir='ltr'><strong><em>non</em></strong></span> <span class='ocrx_word' id='word_1_176' title='bbox 853 2795 964 2859; x_wconf 92' lang='lat' dir='ltr'><strong><em>habent</em></strong></span> <span class='ocrx_word' id='word_1_177' title='bbox 986 2796 1080 2860; x_wconf 90' lang='lat' dir='ltr'><strong><em>verba</em></strong></span> <span class='ocrx_word' id='word_1_178' title='bbox 1101 2796 1168 2875; x_wconf 87' lang='lat' dir='ltr'><strong><em>illa,</em></strong></span> <span class='ocrx_word' id='word_1_179' title='bbox 1195 2798 1436 2860; x_wconf 82' lang='lat' dir='ltr'><strong><em>recumbentibus</em></strong></span> <span class='ocrx_word' id='word_1_180' title='bbox 1464 2801 1497 2861; x_wconf 85' lang='lat' dir='ltr'><strong><em>ia</em></strong></span> <span class='ocrx_word' id='word_1_181' title='bbox 1525 2799 1666 2860; x_wconf 74' lang='lat' dir='ltr'><strong><em>comicia</em></strong></span> <span class='ocrx_word' id='word_1_182' title='bbox 1688 2816 1836 2860; x_wconf 76' lang='lat' dir='ltr'><strong><em>amionem</em></strong></span> <span class='ocrx_word' id='word_1_183' title='bbox 1864 2800 1963 2876; x_wconf 88' lang='lat' dir='ltr'><strong><em>mille,</em></strong></span> <span class='ocrx_word' id='word_1_184' title='bbox 1991 2801 2045 2863; x_wconf 89' lang='lat' dir='ltr'><strong><em>sad</em></strong></span> 
     </span>
     <span class='ocr_line' id='line_1_22' title="bbox 668 2896 2045 2977; baseline 0.001 -18"><span class='ocrx_word' id='word_1_185' title='bbox 668 2897 859 2959; x_wconf 89' lang='lat' dir='ltr'><strong><em>continuatur</em></strong></span> <span class='ocrx_word' id='word_1_186' title='bbox 880 2899 988 2975; x_wconf 89' lang='lat' dir='ltr'><strong><em>oratio,</em></strong></span> <span class='ocrx_word' id='word_1_187' title='bbox 1012 2898 1129 2959; x_wconf 88' lang='lat' dir='ltr'><strong><em>discum</em></strong></span> <span class='ocrx_word' id='word_1_188' title='bbox 1146 2898 1270 2977; x_wconf 87' lang='lat' dir='ltr'><strong><em>plenam</em></strong></span> <span class='ocrx_word' id='word_1_189' title='bbox 1291 2898 1388 2972; x_wconf 84' lang='lat' dir='ltr'><strong><em>bonis,</em></strong></span> <span class='ocrx_word' id='word_1_190' title='bbox 1411 2915 1489 2977; x_wconf 84' lang='lat' dir='ltr'><strong><em>quoe</em></strong></span> <span class='ocrx_word' id='word_1_191' title='bbox 1506 2897 1711 2976; x_wconf 81' lang='lat' dir='ltr'><strong><em>praeparabit</em></strong></span> <span class='ocrx_word' id='word_1_192' title='bbox 1726 2896 1917 2975; x_wconf 75' lang='lat' dir='ltr'><strong><em>dciipetetibus</em></strong></span> <span class='ocrx_word' id='word_1_193' title='bbox 1938 2917 2045 2961; x_wconf 80' lang='lat' dir='ltr'><strong><em>nomer</em></strong></span> 
     </span>
     <span class='ocr_line' id='line_1_23' title="bbox 666 2993 2043 3078; baseline 0.004 -23"><span class='ocrx_word' id='word_1_194' title='bbox 666 3013 763 3071; x_wconf 79' lang='lat' dir='ltr'><strong><em>marn,</em></strong></span> <span class='ocrx_word' id='word_1_195' title='bbox 787 3014 898 3075; x_wconf 81' lang='lat' dir='ltr'><strong><em>corpas</em></strong></span> <span class='ocrx_word' id='word_1_196' title='bbox 919 2994 1037 3058; x_wconf 83' lang='lat' dir='ltr'><strong><em>scilicet</em></strong></span> <span class='ocrx_word' id='word_1_197' title='bbox 1057 3004 1088 3057; x_wconf 90' lang='lat' dir='ltr'><strong><em>et</em></strong></span> <span class='ocrx_word' id='word_1_198' title='bbox 1108 2998 1285 3078; x_wconf 66' lang='lat' dir='ltr'><strong><em>sanquinem</em></strong></span> <span class='ocrx_word' id='word_1_199' title='bbox 1312 2993 1429 3059; x_wconf 84' lang='lat' dir='ltr'><strong><em>Obristi</em></strong></span> <span class='ocrx_word' id='word_1_200' title='bbox 1456 2997 1508 3058; x_wconf 89' lang='lat' dir='ltr'><strong><em>tui.</em></strong></span> <span class='ocrx_word' id='word_1_201' title='bbox 1554 2995 1667 3056; x_wconf 85' lang='lat' dir='ltr'><strong><em>Tamen</em></strong></span> <span class='ocrx_word' id='word_1_202' title='bbox 1697 2994 1727 3056; x_wconf 91' lang='lat' dir='ltr'><strong><em>in</em></strong></span> <span class='ocrx_word' id='word_1_203' title='bbox 1754 2993 1863 3057; x_wconf 90' lang='lat' dir='ltr'><strong><em>Rituali</em></strong></span> <span class='ocrx_word' id='word_1_204' title='bbox 1894 2995 2043 3060; x_wconf 89' lang='lat' dir='ltr'><strong><em>Gabrielis</em></strong></span> 
     </span>
     <span class='ocr_line' id='line_1_24' title="bbox 666 3091 2043 3176; baseline 0.004 -23"><span class='ocrx_word' id='word_1_205' title='bbox 666 3091 796 3176; x_wconf 83' lang='lat' dir='ltr'><strong><em>legitur,</em></strong></span> <span class='ocrx_word' id='word_1_206' title='bbox 826 3104 857 3156; x_wconf 89' lang='lat' dir='ltr'><strong><em>ut</em></strong></span> <span class='ocrx_word' id='word_1_207' title='bbox 888 3095 1031 3157; x_wconf 88' lang='lat' dir='ltr'><strong><em>versione</em></strong></span> <span class='ocrx_word' id='word_1_208' title='bbox 1055 3104 1159 3158; x_wconf 90' lang='lat' dir='ltr'><strong><em>nostra</em></strong></span> <span class='ocrx_word' id='word_1_209' title='bbox 1183 3096 1398 3176; x_wconf 83' lang='lat' dir='ltr'><strong><em>expressimus.</em></strong></span> <span class='ocrx_word' id='word_1_210' title='bbox 1451 3094 1495 3156; x_wconf 90' lang='lat' dir='ltr'><strong><em>lta</em></strong></span> <span class='ocrx_word' id='word_1_211' title='bbox 1525 3095 1618 3176; x_wconf 84' lang='lat' dir='ltr'><strong><em>igitur</em></strong></span> <span class='ocrx_word' id='word_1_212' title='bbox 1644 3111 1678 3154; x_wconf 90' lang='lat' dir='ltr'><strong><em>se</em></strong></span> <span class='ocrx_word' id='word_1_213' title='bbox 1708 3092 1800 3155; x_wconf 90' lang='lat' dir='ltr'><strong><em>habet</em></strong></span> <span class='ocrx_word' id='word_1_214' title='bbox 1829 3100 1889 3156; x_wconf 91' lang='lat' dir='ltr'><strong><em>tam</em></strong></span> <span class='ocrx_word' id='word_1_215' title='bbox 1917 3095 2043 3176; x_wconf 84' lang='lat' dir='ltr'><strong><em>Coptica</em></strong></span> 
     </span>
     <span class='ocr_line' id='line_1_25' title="bbox 666 3191 2043 3272; baseline 0.001 -18"><span class='ocrx_word' id='word_1_216' title='bbox 666 3209 756 3272; x_wconf 89' lang='lat' dir='ltr'><strong><em>quam</em></strong></span> <span class='ocrx_word' id='word_1_217' title='bbox 778 3194 925 3256; x_wconf 80' lang='lat' dir='ltr'><strong><em>Arabica:</em></strong></span> <span class='ocrx_word' id='word_1_218' title='bbox 948 3193 1089 3255; x_wconf 71' lang='lat' dir='ltr'><strong><em>Extende</em></strong></span> <span class='ocrx_word' id='word_1_219' title='bbox 1110 3214 1232 3257; x_wconf 83' lang='lat' dir='ltr'><strong><em>manum</em></strong></span> <span class='ocrx_word' id='word_1_220' title='bbox 1254 3202 1337 3256; x_wconf 90' lang='lat' dir='ltr'><strong><em>tuam</em></strong></span> <span class='ocrx_word' id='word_1_221' title='bbox 1352 3193 1486 3254; x_wconf 82' lang='lat' dir='ltr'><strong><em>dirimam</em></strong></span> <span class='ocrx_word' id='word_1_222' title='bbox 1501 3211 1593 3272; x_wconf 88' lang='lat' dir='ltr'><strong><em>super</em></strong></span> <span class='ocrx_word' id='word_1_223' title='bbox 1606 3192 1723 3252; x_wconf 80' lang='lat' dir='ltr'><strong><em>discam</em></strong></span> <span class='ocrx_word' id='word_1_224' title='bbox 1745 3191 1824 3254; x_wconf 83' lang='lat' dir='ltr'><strong><em>banc</em></strong></span> <span class='ocrx_word' id='word_1_225' title='bbox 1846 3192 2043 3270; x_wconf 84' lang='lat' dir='ltr'><strong><em>benedictum,</em></strong></span> 
     </span>
     <span class='ocr_line' id='line_1_26' title="bbox 665 3286 2045 3372; baseline 0.003 -20"><span class='ocrx_word' id='word_1_226' title='bbox 665 3294 718 3371; x_wconf 84' lang='lat' dir='ltr'><strong><em>qui</em></strong></span> <span class='ocrx_word' id='word_1_227' title='bbox 738 3294 907 3371; x_wconf 84' lang='lat' dir='ltr'><strong><em>implendus</em></strong></span> <span class='ocrx_word' id='word_1_228' title='bbox 929 3300 976 3354; x_wconf 92' lang='lat' dir='ltr'><strong><em>est</em></strong></span> <span class='ocrx_word' id='word_1_229' title='bbox 997 3293 1101 3372; x_wconf 75' lang='lat' dir='ltr'><strong><em>ipaitir</em></strong></span> <span class='ocrx_word' id='word_1_230' title='bbox 1123 3292 1316 3369; x_wconf 86' lang='lat' dir='ltr'><strong><em>carbonibus,</em></strong></span> <span class='ocrx_word' id='word_1_231' title='bbox 1337 3310 1395 3371; x_wconf 90' lang='lat' dir='ltr'><strong><em>per</em></strong></span> <span class='ocrx_word' id='word_1_232' title='bbox 1414 3292 1560 3371; x_wconf 81' lang='lat' dir='ltr'><strong><em>reliquias</em></strong></span> <span class='ocrx_word' id='word_1_233' title='bbox 1582 3290 1721 3369; x_wconf 80' lang='lat' dir='ltr'><strong><em>corporis</em></strong></span> <span class='ocrx_word' id='word_1_234' title='bbox 1744 3290 1797 3367; x_wconf 88' lang='lat' dir='ltr'><strong><em>tui,</em></strong></span> <span class='ocrx_word' id='word_1_235' title='bbox 1821 3286 1970 3370; x_wconf 73' lang='lat' dir='ltr'><strong><em>offerendi</em></strong></span> <span class='ocrx_word' id='word_1_236' title='bbox 1990 3314 2045 3355; x_wconf 88' lang='lat' dir='ltr'><strong><em>su-</em></strong></span> 
     </span>
     <span class='ocr_line' id='line_1_27' title="bbox 661 3388 2044 3470; baseline 0.001 -19"><span class='ocrx_word' id='word_1_237' title='bbox 661 3408 720 3468; x_wconf 91' lang='lat' dir='ltr'><strong><em>per</em></strong></span> <span class='ocrx_word' id='word_1_238' title='bbox 742 3391 840 3452; x_wconf 89' lang='lat' dir='ltr'><strong><em>altare</em></strong></span> <span class='ocrx_word' id='word_1_239' title='bbox 862 3391 963 3470; x_wconf 88' lang='lat' dir='ltr'><strong><em>templi</em></strong></span> <span class='ocrx_word' id='word_1_240' title='bbox 984 3399 1111 3452; x_wconf 83' lang='lat' dir='ltr'><strong><em>sanctae</em></strong></span> <span class='ocrx_word' id='word_1_241' title='bbox 1131 3390 1291 3453; x_wconf 80' lang='lat' dir='ltr'><strong><em>Ecclesiae</em></strong></span> <span class='ocrx_word' id='word_1_242' title='bbox 1312 3390 1397 3452; x_wconf 86' lang='lat' dir='ltr'><strong><em>urbis</em></strong></span> <span class='ocrx_word' id='word_1_243' title='bbox 1422 3388 1461 3452; x_wconf 90' lang='lat' dir='ltr'><strong><em>N.</em></strong></span> <span class='ocrx_word' id='word_1_244' title='bbox 1484 3389 1596 3451; x_wconf 84' lang='lat' dir='ltr'><strong><em>Mentio</em></strong></span> <span class='ocrx_word' id='word_1_245' title='bbox 1619 3388 1751 3451; x_wconf 91' lang='lat' dir='ltr'><strong><em>convivii</em></strong></span> <span class='ocrx_word' id='word_1_246' title='bbox 1788 3404 1935 3452; x_wconf 86' lang='lat' dir='ltr'><strong><em>annorum</em></strong></span> <span class='ocrx_word' id='word_1_247' title='bbox 1964 3389 2044 3452; x_wconf 86' lang='lat' dir='ltr'><strong><em>mille</em></strong></span> 
     </span>
     <span class='ocr_line' id='line_1_28' title="bbox 665 3486 2041 3570; baseline 0.002 -22"><span class='ocrx_word' id='word_1_248' title='bbox 665 3487 737 3549; x_wconf 92' lang='lat' dir='ltr'><strong><em>nihil</em></strong></span> <span class='ocrx_word' id='word_1_249' title='bbox 760 3507 826 3550; x_wconf 89' lang='lat' dir='ltr'><strong><em>cum</em></strong></span> <span class='ocrx_word' id='word_1_250' title='bbox 849 3488 1084 3551; x_wconf 87' lang='lat' dir='ltr'><strong><em>Millenariorum</em></strong></span> <span class='ocrx_word' id='word_1_251' title='bbox 1107 3491 1251 3570; x_wconf 90' lang='lat' dir='ltr'><strong><em>opinione</em></strong></span> <span class='ocrx_word' id='word_1_252' title='bbox 1275 3506 1432 3553; x_wconf 86' lang='lat' dir='ltr'><strong><em>commune</em></strong></span> <span class='ocrx_word' id='word_1_253' title='bbox 1455 3487 1555 3565; x_wconf 89' lang='lat' dir='ltr'><strong><em>hahet,</em></strong></span> <span class='ocrx_word' id='word_1_254' title='bbox 1578 3505 1679 3568; x_wconf 89' lang='lat' dir='ltr'><strong><em>neque</em></strong></span> <span class='ocrx_word' id='word_1_255' title='bbox 1709 3486 1790 3549; x_wconf 90' lang='lat' dir='ltr'><strong><em>aliod</em></strong></span> <span class='ocrx_word' id='word_1_256' title='bbox 1819 3505 1909 3568; x_wconf 88' lang='lat' dir='ltr'><strong><em>quam</em></strong></span> <span class='ocrx_word' id='word_1_257' title='bbox 1933 3490 2041 3552; x_wconf 87' lang='lat' dir='ltr'><strong><em>coele-</em></strong></span> 
     </span>
     <span class='ocr_line' id='line_1_29' title="bbox 664 3577 2041 3671; baseline 0.002 -23"><span class='ocrx_word' id='word_1_258' title='bbox 664 3593 741 3648; x_wconf 87' lang='lat' dir='ltr'><strong><em>stem</em></strong></span> <span class='ocrx_word' id='word_1_259' title='bbox 763 3586 936 3650; x_wconf 82' lang='lat' dir='ltr'><strong><em>felicitatem</em></strong></span> <span class='ocrx_word' id='word_1_260' title='bbox 957 3587 1116 3668; x_wconf 78' lang='lat' dir='ltr'><strong><em>signibcat.</em></strong></span> <span class='ocrx_word' id='word_1_261' title='bbox 1164 3586 1319 3650; x_wconf 85' lang='lat' dir='ltr'><strong><em>Carbones</em></strong></span> <span class='ocrx_word' id='word_1_262' title='bbox 1341 3588 1481 3650; x_wconf 87' lang='lat' dir='ltr'><strong><em>dicuntur</em></strong></span> <span class='ocrx_word' id='word_1_263' title='bbox 1502 3586 1669 3667; x_wconf 86' lang='lat' dir='ltr'><strong><em>particulae</em></strong></span> <span class='ocrx_word' id='word_1_264' title='bbox 1686 3584 1925 3667; x_wconf 87' lang='lat' dir='ltr'><strong><em>Eucharisticae,</em></strong></span> <span class='ocrx_word' id='word_1_265' title='bbox 1949 3577 2041 3671; x_wconf 68' lang='lat' dir='ltr'><strong><em>eyter</em></strong></span> 
     </span>
     <span class='ocr_line' id='line_1_30' title="bbox 664 3679 2042 3770; baseline 0.001 -23"><span class='ocrx_word' id='word_1_266' title='bbox 664 3679 801 3770; x_wconf 72' lang='grc' dir='ltr'><strong><em>μερίδες</em></strong></span> <span class='ocrx_word' id='word_1_267' title='bbox 822 3688 853 3747; x_wconf 89' lang='lat' dir='ltr'><strong><em>in</em></strong></span> <span class='ocrx_word' id='word_1_268' title='bbox 875 3686 968 3749; x_wconf 89' lang='lat' dir='ltr'><strong><em>Disco</em></strong></span> <span class='ocrx_word' id='word_1_269' title='bbox 992 3687 1203 3768; x_wconf 86' lang='lat' dir='ltr'><strong><em>reponendae,</em></strong></span> <span class='ocrx_word' id='word_1_270' title='bbox 1237 3687 1430 3768; x_wconf 84' lang='lat' dir='ltr'><strong><em>metaphora,</em></strong></span> <span class='ocrx_word' id='word_1_271' title='bbox 1459 3693 1493 3747; x_wconf 94' lang='lat' dir='ltr'><strong><em>ut</em></strong></span> <span class='ocrx_word' id='word_1_272' title='bbox 1523 3684 1592 3748; x_wconf 91' lang='lat' dir='ltr'><strong><em>alibi</em></strong></span> <span class='ocrx_word' id='word_1_273' title='bbox 1622 3685 1807 3763; x_wconf 89' lang='lat' dir='ltr'><strong><em>notavimus,</em></strong></span> <span class='ocrx_word' id='word_1_274' title='bbox 1837 3684 2042 3751; x_wconf 86' lang='lat' dir='ltr'><strong><em>Orientalibus</em></strong></span> 
     </span>
     <span class='ocr_line' id='line_1_31' title="bbox 664 3783 2040 3867; baseline 0.001 -22"><span class='ocrx_word' id='word_1_275' title='bbox 664 3785 792 3847; x_wconf 88' lang='lat' dir='ltr'><strong><em>maxime</em></strong></span> <span class='ocrx_word' id='word_1_276' title='bbox 814 3785 967 3859; x_wconf 81' lang='lat' dir='ltr'><strong><em>familiari3</em></strong></span> <span class='ocrx_word' id='word_1_277' title='bbox 990 3803 1049 3867; x_wconf 85' lang='lat' dir='ltr'><strong><em>qua</em></strong></span> <span class='ocrx_word' id='word_1_278' title='bbox 1072 3792 1104 3848; x_wconf 90' lang='lat' dir='ltr'><strong><em>et</em></strong></span> <span class='ocrx_word' id='word_1_279' title='bbox 1127 3784 1277 3848; x_wconf 87' lang='lat' dir='ltr'><strong><em>Christum</em></strong></span> <span class='ocrx_word' id='word_1_280' title='bbox 1301 3786 1465 3848; x_wconf 86' lang='lat' dir='ltr'><strong><em>eorbeaem</em></strong></span> <span class='ocrx_word' id='word_1_281' title='bbox 1483 3787 1585 3847; x_wconf 86' lang='lat' dir='ltr'><strong><em>oioam</em></strong></span> <span class='ocrx_word' id='word_1_282' title='bbox 1605 3785 1759 3865; x_wconf 85' lang='lat' dir='ltr'><strong><em>appellant</em></strong></span> <span class='ocrx_word' id='word_1_283' title='bbox 1775 3783 1948 3865; x_wconf 89' lang='lat' dir='ltr'><strong><em>aliquando,</em></strong></span> <span class='ocrx_word' id='word_1_284' title='bbox 1972 3785 2040 3866; x_wconf 84' lang='lat' dir='ltr'><strong><em>quia</em></strong></span> 
     </span>
     <span class='ocr_line' id='line_1_32' title="bbox 664 3883 2039 3965; baseline 0.003 -22"><span class='ocrx_word' id='word_1_285' title='bbox 664 3884 695 3945; x_wconf 92' lang='lat' dir='ltr'><strong><em>in</em></strong></span> <span class='ocrx_word' id='word_1_286' title='bbox 724 3901 762 3946; x_wconf 92' lang='lat' dir='ltr'><strong><em>co</em></strong></span> <span class='ocrx_word' id='word_1_287' title='bbox 790 3884 903 3946; x_wconf 87' lang='lat' dir='ltr'><strong><em>habitat</em></strong></span> <span class='ocrx_word' id='word_1_288' title='bbox 932 3886 1028 3947; x_wconf 89' lang='lat' dir='ltr'><strong><em>omnis</em></strong></span> <span class='ocrx_word' id='word_1_289' title='bbox 1054 3883 1214 3965; x_wconf 80' lang='lat' dir='ltr'><strong><em>plenitudo</em></strong></span> <span class='ocrx_word' id='word_1_290' title='bbox 1245 3884 1407 3947; x_wconf 88' lang='lat' dir='ltr'><strong><em>divinitatis</em></strong></span> <span class='ocrx_word' id='word_1_291' title='bbox 1436 3883 1645 3965; x_wconf 88' lang='lat' dir='ltr'><strong><em>corporaliter.</em></strong></span> <span class='ocrx_word' id='word_1_292' title='bbox 1690 3883 1776 3946; x_wconf 89' lang='lat' dir='ltr'><strong><em>Unde</em></strong></span> <span class='ocrx_word' id='word_1_293' title='bbox 1802 3884 1833 3945; x_wconf 91' lang='lat' dir='ltr'><strong><em>in</em></strong></span> <span class='ocrx_word' id='word_1_294' title='bbox 1864 3883 2039 3948; x_wconf 81' lang='lat' dir='ltr'><strong><em>Theotolaiis</em></strong></span> 
     </span>
     <span class='ocr_line' id='line_1_33' title="bbox 664 3982 2041 4067; baseline 0 -23"><span class='ocrx_word' id='word_1_295' title='bbox 664 3982 880 4049; x_wconf 79' lang='lat' dir='ltr'><strong><em>Alexandrinis</em></strong></span> <span class='ocrx_word' id='word_1_296' title='bbox 901 3984 996 4046; x_wconf 89' lang='lat' dir='ltr'><strong><em>llaria</em></strong></span> <span class='ocrx_word' id='word_1_297' title='bbox 1020 3984 1114 4067; x_wconf 85' lang='lat' dir='ltr'><strong><em>Virgo</em></strong></span> <span class='ocrx_word' id='word_1_298' title='bbox 1145 3983 1254 4046; x_wconf 90' lang='lat' dir='ltr'><strong><em>dicitur</em></strong></span> <span class='ocrx_word' id='word_1_299' title='bbox 1282 3984 1462 4047; x_wconf 81' lang='lat' dir='ltr'><strong><em>thuribulum</em></strong></span> <span class='ocrx_word' id='word_1_300' title='bbox 1492 4002 1628 4059; x_wconf 85' lang='lat' dir='ltr'><strong><em>auream,</em></strong></span> <span class='ocrx_word' id='word_1_301' title='bbox 1650 4001 1728 4063; x_wconf 82' lang='lat' dir='ltr'><strong><em>puae</em></strong></span> <span class='ocrx_word' id='word_1_302' title='bbox 1755 3982 1920 4045; x_wconf 84' lang='lat' dir='ltr'><strong><em>carbonem</em></strong></span> <span class='ocrx_word' id='word_1_303' title='bbox 1941 3983 2041 4044; x_wconf 72' lang='lat' dir='ltr'><strong><em>maaca</em></strong></span> 
     </span>
     <span class='ocr_line' id='line_1_34' title="bbox 664 4078 2038 4165; baseline -0.001 -23"><span class='ocrx_word' id='word_1_304' title='bbox 664 4089 694 4142; x_wconf 88' lang='lat' dir='ltr'><strong><em>et</em></strong></span> <span class='ocrx_word' id='word_1_305' title='bbox 715 4100 818 4143; x_wconf 82' lang='lat' dir='ltr'><strong><em>cerum</em></strong></span> <span class='ocrx_word' id='word_1_306' title='bbox 841 4084 995 4146; x_wconf 80' lang='lat' dir='ltr'><strong><em>continuit.</em></strong></span> <span class='ocrx_word' id='word_1_307' title='bbox 1024 4082 1101 4145; x_wconf 88' lang='lat' dir='ltr'><strong><em>Eum</em></strong></span> <span class='ocrx_word' id='word_1_308' title='bbox 1122 4101 1245 4165; x_wconf 86' lang='lat' dir='ltr'><strong><em>qnoque</em></strong></span> <span class='ocrx_word' id='word_1_309' title='bbox 1268 4084 1441 4158; x_wconf 86' lang='lat' dir='ltr'><strong><em>carbonem,</em></strong></span> <span class='ocrx_word' id='word_1_310' title='bbox 1464 4100 1524 4163; x_wconf 79' lang='lat' dir='ltr'><strong><em>quo</em></strong></span> <span class='ocrx_word' id='word_1_311' title='bbox 1547 4082 1578 4143; x_wconf 90' lang='lat' dir='ltr'><strong><em>in</em></strong></span> <span class='ocrx_word' id='word_1_312' title='bbox 1600 4082 1718 4143; x_wconf 90' lang='lat' dir='ltr'><strong><em>visione</em></strong></span> <span class='ocrx_word' id='word_1_313' title='bbox 1740 4078 1837 4143; x_wconf 88' lang='lat' dir='ltr'><strong><em>lsaiae</em></strong></span> <span class='ocrx_word' id='word_1_314' title='bbox 1859 4080 1937 4143; x_wconf 89' lang='lat' dir='ltr'><strong><em>labia</em></strong></span> <span class='ocrx_word' id='word_1_315' title='bbox 1960 4087 2038 4142; x_wconf 85' lang='lat' dir='ltr'><strong><em>tacta</em></strong></span> 
     </span>
     <span class='ocr_line' id='line_1_35' title="bbox 664 4178 2039 4263; baseline 0 -22"><span class='ocrx_word' id='word_1_316' title='bbox 664 4189 695 4241; x_wconf 90' lang='lat' dir='ltr'><strong><em>et</em></strong></span> <span class='ocrx_word' id='word_1_317' title='bbox 717 4180 874 4261; x_wconf 83' lang='lat' dir='ltr'><strong><em>purificata</em></strong></span> <span class='ocrx_word' id='word_1_318' title='bbox 897 4189 976 4257; x_wconf 88' lang='lat' dir='ltr'><strong><em>sunt,</em></strong></span> <span class='ocrx_word' id='word_1_319' title='bbox 999 4181 1207 4244; x_wconf 84' lang='lat' dir='ltr'><strong><em>Eucharistiae</em></strong></span> <span class='ocrx_word' id='word_1_320' title='bbox 1229 4189 1332 4263; x_wconf 91' lang='lat' dir='ltr'><strong><em>typum</em></strong></span> <span class='ocrx_word' id='word_1_321' title='bbox 1355 4181 1449 4244; x_wconf 75' lang='lat' dir='ltr'><strong><em>hrhse</em></strong></span> <span class='ocrx_word' id='word_1_322' title='bbox 1479 4182 1602 4261; x_wconf 88' lang='lat' dir='ltr'><strong><em>saepius</em></strong></span> <span class='ocrx_word' id='word_1_323' title='bbox 1624 4181 1655 4242; x_wconf 93' lang='lat' dir='ltr'><strong><em>in</em></strong></span> <span class='ocrx_word' id='word_1_324' title='bbox 1678 4179 1875 4243; x_wconf 88' lang='lat' dir='ltr'><strong><em>Orientalium</em></strong></span> <span class='ocrx_word' id='word_1_325' title='bbox 1898 4178 2039 4260; x_wconf 85' lang='lat' dir='ltr'><strong><em>precibus</em></strong></span> 
     </span>
     <span class='ocr_line' id='line_1_36' title="bbox 662 4278 2039 4361; baseline 0 -21"><span class='ocrx_word' id='word_1_326' title='bbox 662 4278 791 4359; x_wconf 78' lang='lat' dir='ltr'><strong><em>legitur:</em></strong></span> <span class='ocrx_word' id='word_1_327' title='bbox 815 4287 845 4341; x_wconf 88' lang='lat' dir='ltr'><strong><em>ct</em></strong></span> <span class='ocrx_word' id='word_1_328' title='bbox 867 4281 966 4359; x_wconf 77' lang='lat' dir='ltr'><strong><em>ipnem</em></strong></span> <span class='ocrx_word' id='word_1_329' title='bbox 987 4281 1019 4340; x_wconf 85' lang='lat' dir='ltr'><strong><em>in</em></strong></span> <span class='ocrx_word' id='word_1_330' title='bbox 1038 4292 1129 4358; x_wconf 84' lang='lat' dir='ltr'><strong><em>pone,</em></strong></span> <span class='ocrx_word' id='word_1_331' title='bbox 1152 4298 1209 4360; x_wconf 89' lang='lat' dir='ltr'><strong><em>per</em></strong></span> <span class='ocrx_word' id='word_1_332' title='bbox 1223 4282 1433 4361; x_wconf 75' lang='lat' dir='ltr'><strong><em>mysteriorum</em></strong></span> <span class='ocrx_word' id='word_1_333' title='bbox 1452 4280 1702 4356; x_wconf 88' lang='lat' dir='ltr'><strong><em>commonionem,</em></strong></span> <span class='ocrx_word' id='word_1_334' title='bbox 1725 4280 1865 4358; x_wconf 86' lang='lat' dir='ltr'><strong><em>accipere</em></strong></span> <span class='ocrx_word' id='word_1_335' title='bbox 1885 4279 2039 4353; x_wconf 75' lang='lat' dir='ltr'><strong><em>mortales,</em></strong></span> 
     </span>
     <span class='ocr_line' id='line_1_37' title="bbox 663 4377 1815 4461; baseline 0.002 -23"><span class='ocrx_word' id='word_1_336' title='bbox 663 4395 756 4458; x_wconf 88' lang='lat' dir='ltr'><strong><em>saepe</em></strong></span> <span class='ocrx_word' id='word_1_337' title='bbox 778 4377 891 4461; x_wconf 80' lang='lat' dir='ltr'><strong><em>legitur</em></strong></span> <span class='ocrx_word' id='word_1_338' title='bbox 913 4378 943 4439; x_wconf 91' lang='lat' dir='ltr'><strong><em>in</em></strong></span> <span class='ocrx_word' id='word_1_339' title='bbox 965 4377 1094 4459; x_wconf 83' lang='lat' dir='ltr'><strong><em>hymnis,</em></strong></span> <span class='ocrx_word' id='word_1_340' title='bbox 1116 4381 1169 4460; x_wconf 90' lang='lat' dir='ltr'><strong><em>qui</em></strong></span> <span class='ocrx_word' id='word_1_341' title='bbox 1192 4386 1340 4443; x_wconf 89' lang='lat' dir='ltr'><strong><em>canuntur</em></strong></span> <span class='ocrx_word' id='word_1_342' title='bbox 1362 4380 1400 4442; x_wconf 90' lang='lat' dir='ltr'><strong><em>ad</em></strong></span> <span class='ocrx_word' id='word_1_343' title='bbox 1422 4379 1542 4441; x_wconf 91' lang='lat' dir='ltr'><strong><em>illorum</em></strong></span> <span class='ocrx_word' id='word_1_344' title='bbox 1565 4378 1815 4442; x_wconf 89' lang='lat' dir='ltr'><strong><em>distributionem.</em></strong></span> 
     </span>
    </p>

    <p class='ocr_par' dir='ltr' id='par_1_9' title="bbox 657 4476 2041 5057">
     <span class='ocr_line' id='line_1_38' title="bbox 750 4476 2041 4558; baseline -0.002 -20"><span class='ocrx_word' id='word_1_345' title='bbox 750 4476 784 4538; x_wconf 91' lang='lat' dir='ltr'><strong><em>ln</em></strong></span> <span class='ocrx_word' id='word_1_346' title='bbox 806 4486 918 4557; x_wconf 89' lang='lat' dir='ltr'><strong><em>patena</em></strong></span> <span class='ocrx_word' id='word_1_347' title='bbox 941 4484 1056 4557; x_wconf 89' lang='lat' dir='ltr'><strong><em>autem,</em></strong></span> <span class='ocrx_word' id='word_1_348' title='bbox 1079 4496 1136 4540; x_wconf 90' lang='lat' dir='ltr'><strong><em>seu</em></strong></span> <span class='ocrx_word' id='word_1_349' title='bbox 1158 4478 1251 4541; x_wconf 89' lang='lat' dir='ltr'><strong><em>Disco</em></strong></span> <span class='ocrx_word' id='word_1_350' title='bbox 1272 4478 1499 4553; x_wconf 85' lang='lat' dir='ltr'><strong><em>Eucharistiae,</em></strong></span> <span class='ocrx_word' id='word_1_351' title='bbox 1526 4495 1638 4558; x_wconf 90' lang='lat' dir='ltr'><strong><em>corpus</em></strong></span> <span class='ocrx_word' id='word_1_352' title='bbox 1661 4476 1772 4540; x_wconf 87' lang='lat' dir='ltr'><strong><em>Christi</em></strong></span> <span class='ocrx_word' id='word_1_353' title='bbox 1803 4494 1873 4539; x_wconf 90' lang='lat' dir='ltr'><strong><em>esse</em></strong></span> <span class='ocrx_word' id='word_1_354' title='bbox 1903 4483 1935 4538; x_wconf 91' lang='lat' dir='ltr'><strong><em>et</em></strong></span> <span class='ocrx_word' id='word_1_355' title='bbox 1964 4490 2041 4537; x_wconf 85' lang='lat' dir='ltr'><strong><em>con-</em></strong></span> 
     </span>
     <span class='ocr_line' id='line_1_39' title="bbox 663 4574 2041 4659; baseline -0.001 -22"><span class='ocrx_word' id='word_1_356' title='bbox 663 4575 727 4654; x_wconf 85' lang='lat' dir='ltr'><strong><em>lici,</em></strong></span> <span class='ocrx_word' id='word_1_357' title='bbox 751 4594 812 4638; x_wconf 91' lang='lat' dir='ltr'><strong><em>non</em></strong></span> <span class='ocrx_word' id='word_1_358' title='bbox 833 4579 929 4639; x_wconf 89' lang='lat' dir='ltr'><strong><em>minus</em></strong></span> <span class='ocrx_word' id='word_1_359' title='bbox 953 4575 1070 4638; x_wconf 85' lang='lat' dir='ltr'><strong><em>Graeca</em></strong></span> <span class='ocrx_word' id='word_1_360' title='bbox 1092 4584 1124 4639; x_wconf 91' lang='lat' dir='ltr'><strong><em>et</em></strong></span> <span class='ocrx_word' id='word_1_361' title='bbox 1145 4577 1272 4658; x_wconf 84' lang='lat' dir='ltr'><strong><em>Latina,</em></strong></span> <span class='ocrx_word' id='word_1_362' title='bbox 1297 4596 1385 4659; x_wconf 89' lang='lat' dir='ltr'><strong><em>quam</em></strong></span> <span class='ocrx_word' id='word_1_363' title='bbox 1408 4577 1579 4657; x_wconf 84' lang='lat' dir='ltr'><strong><em>Orientales</em></strong></span> <span class='ocrx_word' id='word_1_364' title='bbox 1605 4575 1763 4639; x_wconf 90' lang='lat' dir='ltr'><strong><em>Ecclesiae</em></strong></span> <span class='ocrx_word' id='word_1_365' title='bbox 1793 4574 1939 4637; x_wconf 88' lang='lat' dir='ltr'><strong><em>similibus</em></strong></span> <span class='ocrx_word' id='word_1_366' title='bbox 1966 4590 2041 4635; x_wconf 90' lang='lat' dir='ltr'><strong><em>ora-</em></strong></span> 
     </span>
     <span class='ocr_line' id='line_1_40' title="bbox 660 4674 2038 4759; baseline -0.001 -23"><span class='ocrx_word' id='word_1_367' title='bbox 660 4675 792 4738; x_wconf 88' lang='lat' dir='ltr'><strong><em>tionibus</em></strong></span> <span class='ocrx_word' id='word_1_368' title='bbox 813 4676 1070 4759; x_wconf 82' lang='lat' dir='ltr'><strong><em>signihcaverant.</em></strong></span> <span class='ocrx_word' id='word_1_369' title='bbox 1098 4674 1131 4737; x_wconf 90' lang='lat' dir='ltr'><strong><em>ln</em></strong></span> <span class='ocrx_word' id='word_1_370' title='bbox 1151 4678 1390 4741; x_wconf 83' lang='lat' dir='ltr'><strong><em>sacramentario</em></strong></span> <span class='ocrx_word' id='word_1_371' title='bbox 1410 4676 1609 4759; x_wconf 80' lang='lat' dir='ltr'><strong><em>Gregoriano.</em></strong></span> <span class='ocrx_word' id='word_1_372' title='bbox 1635 4674 1857 4737; x_wconf 87' lang='lat' dir='ltr'><strong><em>Coasecramus</em></strong></span> <span class='ocrx_word' id='word_1_373' title='bbox 1875 4683 1905 4737; x_wconf 92' lang='lat' dir='ltr'><strong><em>et</em></strong></span> <span class='ocrx_word' id='word_1_374' title='bbox 1919 4674 2038 4735; x_wconf 86' lang='lat' dir='ltr'><strong><em>soncti-</em></strong></span> 
     </span>
     <span class='ocr_line' id='line_1_41' title="bbox 657 4771 2040 4857; baseline -0.003 -21"><span class='ocrx_word' id='word_1_375' title='bbox 657 4776 786 4853; x_wconf 73' lang='lat' dir='ltr'><strong><em>ficamas</em></strong></span> <span class='ocrx_word' id='word_1_376' title='bbox 811 4777 892 4838; x_wconf 84' lang='lat' dir='ltr'><strong><em>banc</em></strong></span> <span class='ocrx_word' id='word_1_377' title='bbox 917 4781 1077 4854; x_wconf 73' lang='lat' dir='ltr'><strong><em>pateream,</em></strong></span> <span class='ocrx_word' id='word_1_378' title='bbox 1106 4777 1150 4837; x_wconf 87' lang='lat' dir='ltr'><strong><em>ad</em></strong></span> <span class='ocrx_word' id='word_1_379' title='bbox 1176 4778 1392 4857; x_wconf 77' lang='lat' dir='ltr'><strong><em>cmryieierrdam</em></strong></span> <span class='ocrx_word' id='word_1_380' title='bbox 1420 4778 1452 4838; x_wconf 85' lang='lat' dir='ltr'><strong><em>im</em></strong></span> <span class='ocrx_word' id='word_1_381' title='bbox 1482 4795 1520 4839; x_wconf 88' lang='lat' dir='ltr'><strong><em>ea</em></strong></span> <span class='ocrx_word' id='word_1_382' title='bbox 1550 4793 1662 4854; x_wconf 82' lang='lat' dir='ltr'><strong><em>corpas</em></strong></span> <span class='ocrx_word' id='word_1_383' title='bbox 1690 4772 1814 4836; x_wconf 84' lang='lat' dir='ltr'><strong><em>Domini</em></strong></span> <span class='ocrx_word' id='word_1_384' title='bbox 1841 4775 1941 4835; x_wconf 79' lang='lat' dir='ltr'><strong><em>nostri</em></strong></span> <span class='ocrx_word' id='word_1_385' title='bbox 1964 4771 2040 4833; x_wconf 82' lang='lat' dir='ltr'><strong><em>Jesu</em></strong></span> 
     </span>
     <span class='ocr_line' id='line_1_42' title="bbox 661 4870 2041 4954; baseline -0.001 -20"><span class='ocrx_word' id='word_1_386' title='bbox 661 4871 789 4949; x_wconf 84' lang='lat' dir='ltr'><strong><em>Christi,</em></strong></span> <span class='ocrx_word' id='word_1_387' title='bbox 815 4877 961 4954; x_wconf 72' lang='lat' dir='ltr'><strong><em>patienda</em></strong></span> <span class='ocrx_word' id='word_1_388' title='bbox 983 4892 1104 4936; x_wconf 87' lang='lat' dir='ltr'><strong><em>crucem</em></strong></span> <span class='ocrx_word' id='word_1_389' title='bbox 1121 4894 1181 4954; x_wconf 87' lang='lat' dir='ltr'><strong><em>pro</em></strong></span> <span class='ocrx_word' id='word_1_390' title='bbox 1203 4876 1301 4937; x_wconf 84' lang='lat' dir='ltr'><strong><em>solute</em></strong></span> <span class='ocrx_word' id='word_1_391' title='bbox 1321 4883 1430 4938; x_wconf 86' lang='lat' dir='ltr'><strong><em>aestro</em></strong></span> <span class='ocrx_word' id='word_1_392' title='bbox 1456 4877 1657 4954; x_wconf 74' lang='lat' dir='ltr'><strong><em>oraaimamte,</em></strong></span> <span class='ocrx_word' id='word_1_393' title='bbox 1687 4880 1742 4935; x_wconf 90' lang='lat' dir='ltr'><strong><em>etc.</em></strong></span> <span class='ocrx_word' id='word_1_394' title='bbox 1787 4870 1870 4936; x_wconf 88' lang='lat' dir='ltr'><strong><em>Item.</em></strong></span> <span class='ocrx_word' id='word_1_395' title='bbox 1911 4871 2041 4933; x_wconf 66' lang='lat' dir='ltr'><strong><em>Demere</em></strong></span> 
     </span>
     <span class='ocr_line' id='line_1_43' title="bbox 659 4970 2041 5057; baseline -0.001 -23"><span class='ocrx_word' id='word_1_396' title='bbox 659 4971 744 5034; x_wconf 76' lang='lat' dir='ltr'><strong><em>Deris</em></strong></span> <span class='ocrx_word' id='word_1_397' title='bbox 765 4976 951 5054; x_wconf 84' lang='lat' dir='ltr'><strong><em>omnipotens</em></strong></span> <span class='ocrx_word' id='word_1_398' title='bbox 979 4974 1032 5053; x_wconf 81' lang='lat' dir='ltr'><strong><em>pai</em></strong></span> <span class='ocrx_word' id='word_1_399' title='bbox 1052 4992 1112 5052; x_wconf 89' lang='lat' dir='ltr'><strong><em>per</em></strong></span> <span class='ocrx_word' id='word_1_400' title='bbox 1138 4973 1262 5057; x_wconf 80' lang='lat' dir='ltr'><strong><em>Moysen</em></strong></span> <span class='ocrx_word' id='word_1_401' title='bbox 1287 4974 1435 5053; x_wconf 80' lang='lat' dir='ltr'><strong><em>[amulam</em></strong></span> <span class='ocrx_word' id='word_1_402' title='bbox 1467 4982 1549 5036; x_wconf 75' lang='lat' dir='ltr'><strong><em>bium</em></strong></span> <span class='ocrx_word' id='word_1_403' title='bbox 1577 4972 1767 5036; x_wconf 80' lang='lat' dir='ltr'><strong><em>tobemacali</em></strong></span> <span class='ocrx_word' id='word_1_404' title='bbox 1793 4971 1840 5033; x_wconf 86' lang='lat' dir='ltr'><strong><em>tui</em></strong></span> <span class='ocrx_word' id='word_1_405' title='bbox 1866 4970 1982 5045; x_wconf 76' lang='lat' dir='ltr'><strong><em>altare,</em></strong></span> <span class='ocrx_word' id='word_1_406' title='bbox 2009 4975 2041 5029; x_wconf 85' lang='lat' dir='ltr'><strong><em>et</em></strong></span> 
     </span>
    </p>
   </div>
   <div class='ocr_carea' id='block_1_8' title="bbox 0 0 2268 6034">
    <p class='ocr_par' dir='ltr' id='par_1_10' title="bbox 0 0 2268 6034">
     <span class='ocr_line' id='line_1_44' title="bbox 0 0 2268 6034; baseline 0 4"><span class='ocrx_word' id='word_1_407' title='bbox 0 0 2268 6034; x_wconf 95' lang='lat' dir='ltr'><strong><em> </em></strong></span> 
     </span>
    </p>
   </div>
  </div>
 </body>
</html>
