4525 6034
671 525 746 599 336
1165 524 1524 605 nituisti
1618 554 1624 569 “

772 711 971 806 Sacerdos..
1009 709 1084 783 Nos
1111 733 1254 805 quoque.

772 827 961 900 Diaconos.
1017 827 1125 913 Quam
1152 825 1296 901 emenda
1323 836 1376 900 est
1400 825 1486 901 haec
1511 827 1604 901 lora.

704 1118 880 1191 Sacerdos
910 1117 1096 1189 inclinatus
1121 1117 1208 1189 dicit
1241 1122 1433 1190 orationem
1457 1118 1693 1193 invocationis
1718 1118 1872 1213 Spiritus
1897 1124 2018 1192 sancti

773 1320 824 1392 'l’e
850 1321 974 1392 invoco
1001 1319 1145 1391 Domine
1170 1320 1281 1407 Deus,
1316 1319 1468 1393 liduciam
1494 1318 1621 1394 habens
1656 1323 1690 1393 in
1715 1321 1947 1395 misericordia
1977 1331 2044 1408 tua,

670 1447 705 1507 ut
731 1439 840 1507 mittas
867 1457 968 1530 super
994 1455 1057 1506 nos
1083 1436 1225 1527 gratiam
1251 1434 1395 1530 Spiritus
1422 1439 1550 1525 sanci,
1583 1440 1640 1531 qni
1673 1436 1821 1532 aequalis
1848 1434 1987 1510 esttibi
2012 1446 2045 1507 et

669 1554 839 1644 unigenito
865 1548 952 1623 Filio
980 1560 1055 1638 tuo,
1083 1549 1264 1622 secundum
1295 1553 1476 1624 essentium
1511 1561 1545 1623 et
1577 1562 1746 1641 naturam,
1781 1555 1836 1646 qui
1872 1550 2051 1634 damnus

670 1690 772 1762 super
797 1668 1000 1760 unigenitum
1026 1665 1145 1737 Filium
1173 1675 1263 1737 mum
1288 1668 1322 1737 in
1347 1667 1496 1740 iordane
1521 1665 1655 1739 llumine
1681 1678 1715 1739 et
1741 1688 1844 1761 super
1856 1664 2044 1759 Apostolos

672 1794 819 1857 sanctos.

772 1899 924 1970 Eleomts
957 1918 1083 1970 rocon
1136 1895 1270 1968 Exaudi
1296 1918 1360 1968 me.

774 2014 936 2107 Poprdos.
988 2012 1095 2109 llyrie
1122 2011 1271 2100 eleison,
1296 2011 1404 2108 llyrie
1430 2011 1581 2103 eleison,
1609 2012 1715 2109 llyrie
1742 2011 1883 2085 eleison.

772 2128 958 2201 Sacerdos.
1010 2127 1071 2201 ille
1097 2130 1171 2223 ipse
1197 2126 1339 2224 Spiritus
1366 2127 1562 2217 Paraclitus,
1587 2131 1702 2200 veniat
1718 2138 1752 2199 et
1768 2126 1927 2200 illabatur
1948 2148 2046 2222 snper

669 2247 830 2341 mysteria
856 2243 940 2316 haec
966 2252 1186 2340 praeparata,
1220 2251 1254 2314 et
1279 2265 1341 2339 per
1374 2242 1527 2338 illapsum
1559 2227 1805 2317 inhabitationis
1839 2266 1945 2330 suae,
1971 2242 2044 2315 clli-

669 2365 736 2434 ciat
761 2382 882 2458 panem
908 2363 1027 2449 istum,
1054 2358 1187 2454 Corpus
1214 2359 1383 2431 munaum
1411 2355 1534 2431 Christi
1560 2360 1625 2431 Dei
1650 2362 1765 2432 nostri.

774 2476 937 2569 Populus.
985 2475 1105 2548 Amen.

774 2591 959 2664 Sacerdos.
1011 2590 1056 2662 Et
1088 2587 1237 2663 Calicem
1264 2588 1351 2661 lunc
1383 2588 1534 2687 perficiat
1559 2593 1755 2683 sanguinem
1781 2592 2045 2686 propitiatorium

673 2707 795 2783 Christi
821 2708 885 2779 Dei
911 2709 1027 2780 nostri.

777 2822 939 2915 Populus.
992 2822 1112 2894 Amen.

659 2984 665 2995 ·
776 2937 961 3010 Sacerdos.
1013 2936 1087 3010 Nes
1114 2946 1225 3007 autem
1252 2933 1372 3006 efficiat
1396 2956 1459 3028 per
1484 2938 1624 3026 gratiam
1644 2958 1737 3009 suam
1752 2959 1857 3032 puros
1885 2948 1921 3008 et
1946 2958 2045 3009 mnn-

674 3055 751 3144 dos,
778 3062 878 3149 atque
904 3056 962 3141 ita,
989 3051 1108 3145 dignos
1135 3049 1224 3122 dono
1251 3049 1318 3122 hoc
1343 3052 1498 3144 mystice,
1526 3053 1601 3146 quin
1627 3060 1663 3123 tu
1689 3074 1728 3125 es
1746 3052 1870 3143 bonus,
1898 3063 1934 3124 et
1959 3051 2045 3124 mnl-

674 3180 730 3242 tae
756 3167 1020 3256 misericordiae,
1047 3178 1081 3239 et
1105 3163 1166 3238 tibi
1191 3165 1334 3257 gloriam
1365 3163 1559 3256 referimus,
1592 3176 1627 3238 et
1656 3170 1827 3261 unigenito
1859 3167 1946 3241 Filio
1981 3179 2047 3256 tuo,

674 3294 709 3354 et
734 3282 870 3379 Spiritui
896 3294 953 3356 tue
980 3293 1107 3355 mnata

779 3398 956 3470 Sacerdos
988 3398 1181 3472 inclinatos.
1235 3399 1413 3471 Oiierimus
1435 3385 1506 3468 'nti
1539 3397 1682 3470 Domine
1714 3397 1951 3472 dominantium
1987 3422 2046 3471 sa-

674 3512 831 3585 crificinm
858 3513 923 3585 hoc
950 3513 1133 3610 spirituale,
1159 3536 1222 3610 pro
1258 3517 1418 3587 universa
1453 3510 1609 3586 Ecclesia
1644 3510 1816 3586 catholica
1849 3523 1938 3585 emta
1964 3536 2047 3586 san-

674 3631 775 3720 guine
809 3628 932 3702 Christi
968 3626 1029 3702 tui:
1065 3633 1248 3727 praecipue
1279 3650 1365 3701 vero
1398 3650 1461 3724 pre
1500 3625 1698 3723 Episcopis,
1731 3628 1992 3718 Sacerdotibus,
2017 3640 2049 3702 et

675 3744 851 3833 Diaconis,
879 3756 913 3817 et
937 3766 1000 3841 pro
1027 3750 1117 3817 omni
1143 3745 1270 3842 populo
1289 3744 1420 3817 zelante
1438 3743 1719 3816 orthodoxemm:
1745 3743 1884 3815 etmihi
1910 3745 2048 3833 infirmo,

676 3860 799 3952 quique
825 3860 1055 3933 misericordia
1082 3860 1219 3953 indigeo
1246 3863 1379 3932 veniam
1405 3858 1515 3933 uibus
1540 3870 1575 3931 et
1599 3865 1665 3932 mei
1691 3861 1864 3931 miserere.

781 3974 933 4044 Eteonos
951 3998 1079 4047 oocern
1133 3974 1325 4072 Compesce
1357 3974 1451 4047 Deus
1481 3976 1572 4048 bone
1604 3988 1639 4047 et
1670 3977 1790 4046 veniae
1823 3973 1982 4069 largitor,
2008 3978 2047 4050 alt

676 4090 833 4165 Ecclesia
859 4100 916 4162 tua
944 4102 1073 4180 sancta,
1100 4088 1190 4163 bella
1217 4101 1251 4162 et
1277 4113 1428 4187 pugnas:
1455 4113 1518 4164 eos
1545 4093 1601 4186 qui
1626 4093 1863 4187 mysteriomm
1889 4095 1962 4185 ejus
1977 4100 2048 4163 suad

678 4207 944 4302 dispensatores,
969 4209 1097 4277 instruc
1123 4210 1287 4303 sapientia
1314 4205 1479 4280 adversus
1507 4228 1624 4279 omnes
1657 4205 1819 4280 haereses
1851 4206 2047 4302 quasillum

676 4324 882 4417 impugnant,
915 4330 950 4392 et
974 4324 1151 4393 veritatem
1186 4332 1275 4394 mam
1310 4323 1482 4414 ignorant:
1519 4320 1723 4396 Sacerdotes
1757 4327 1831 4416 ejus
1865 4322 2045 4410 honestate,

679 4436 852 4511 Diaconos
878 4435 934 4508 iac
960 4440 1112 4510 castitate
1144 4437 1439 4527 commendandos,
1466 4438 1565 4533 imple
1600 4460 1675 4539 eam
1707 4436 1958 4533 tranquillitate,
1984 4461 2043 4511 ca-

679 4556 777 4625 ritate
813 4563 847 4624 et
886 4550 1068 4624 concordia
1102 4575 1188 4648 quae
1222 4577 1242 4625 a
1276 4563 1310 4626 te
1342 4556 1516 4649 provenit:
1549 4557 1627 4648 quia
1663 4564 1696 4626 tu
1727 4557 1920 4628 misericors
1953 4574 1991 4625 es
2014 4561 2044 4623 et

676 4668 799 4741 multae
826 4666 1088 4756 misericordiae,
1114 4669 1240 4766 tibique
1266 4670 1409 4763 gloriam
1435 4667 1621 4745 referimus.
1807 4681 1810 4685 ’

782 4782 945 4876 Populus.
997 4786 1118 4856 Amen.

786 4896 963 4969 Sacerdos
1004 4898 1198 4973 inclinatus.
1250 4899 1421 4973 Memento
1462 4898 1625 4970 Domine>
1653 4901 1755 4971 totins
1798 4897 1909 4995 populi
1943 4896 2038 4970 tidelis
