4525 6034
434 593 439 602 ’
574 607 604 682 S.
630 605 797 683 ulouvsn
822 607 1058 686 andrunnun
1082 609 1263 688 EPlSCOPI.
1533 613 1611 690 203

336 791 498 884 Populus.
551 791 806 864 Misericordiae
831 793 905 864 Dei.

339 904 524 979 Sacerdos.
580 904 721 979 Caritas.

336 1021 498 1114 Populos.
551 1021 696 1093 Etcum
723 1026 840 1118 spiritu
867 1033 935 1096 tuo.

336 1136 521 1209 Sacerdos.
575 1137 713 1209 Sursum
741 1137 855 1210 corda.

334 1253 496 1345 Populus.
548 1251 721 1324 Habemus
748 1253 791 1324 ad
817 1254 1004 1325 Dominum.

335 1367 520 1440 Sacerdos.
574 1365 708 1440 Gratias
735 1389 874 1459 agamus
901 1368 1058 1440 Domino.

334 1483 496 1576 Populus.
549 1482 694 1575 Dignum
721 1493 755 1554 et
776 1487 900 1576 justum
927 1493 989 1556 est.

334 1598 509 1669 Sacerdos
533 1599 725 1669 inclinatos.
777 1598 871 1670 Vere
902 1601 989 1671 enim
1017 1604 1152 1687 mentis,
1187 1604 1367 1687 sermonis,
1401 1610 1435 1672 et
1467 1606 1605 1695 eogita-

227 1716 330 1786 tionis
357 1716 451 1786 vires
478 1714 613 1785 excedit
640 1713 822 1786 celebratio
855 1714 1091 1786 beneficiorum
1125 1726 1276 1803 urorum,
1302 1716 1466 1802 Domine,
1496 1739 1607 1812 neque

227 1830 392 1904 sufficiunt
418 1833 528 1902 omnia
556 1851 628 1917 ora,
655 1841 784 1901 mentes
813 1851 950 1918 omnes,
986 1839 1020 1901 et
1051 1828 1206 1922 linguae,
1239 1831 1282 1902 ad
1314 1841 1366 1918 te,
1401 1841 1437 1902 ut
1469 1830 1604 1922 dignum

228 1955 293 2034 est,
321 1943 582 2037 glorificandum.
634 1942 750 2017 Verbo
778 1948 865 2017 enim
892 1955 948 2016 tuo
975 1943 1056 2016 laeti
1082 1955 1158 2017 sunt
1183 1946 1286 2034 coeli,
1321 1954 1354 2017 et
1380 1945 1506 2041 Spiritu
1533 1947 1603 2017 oris

226 2064 275 2132 tui
309 2083 427 2133 omnes
457 2065 598 2132 virtutes
631 2081 813 2155 supernae:
846 2059 1019 2131 luminaria
1054 2064 1164 2133 omnia
1203 2083 1290 2156 quae
1328 2064 1363 2132 iu
1394 2060 1601 2132 firmamento

227 2185 317 2262 eunt,
344 2176 397 2248 sol
423 2185 457 2246 et
482 2175 572 2264 luna,
599 2185 751 2246 marcet
778 2175 871 2247 arida
899 2184 933 2245 et
959 2197 1187 2271 quaecumque
1219 2179 1254 2248 iu
1285 2179 1336 2248 eis
1369 2186 1453 2248 sunt
1507 2176 1603 2261 Quae

227 2313 351 2364 vocem
377 2312 445 2363 non
470 2289 602 2377 habent,
630 2288 769 2362 silentiis
797 2293 882 2363 suis:
911 2313 997 2385 quae
1024 2312 1183 2364 sermone
1215 2293 1366 2386 praedita
1402 2301 1495 2380 sunt,
1530 2312 1603 2362 vo·

230 2405 346 2496 cibus,
391 2405 601 2479 sermonibus
638 2415 673 2477 et
704 2404 836 2500 hymnis
873 2416 1036 2502 perpetuo
1068 2405 1128 2478 tibi
1160 2406 1381 2494 benedicunt3
1414 2410 1469 2501 qni
1499 2417 1534 2477 tu
1567 2427 1605 2478 es

228 2531 347 2592 natura
373 2521 494 2612 bonus,
528 2532 562 2593 et
588 2543 689 2616 supra
716 2544 833 2594 omnes
859 2522 996 2611 laudes,
1023 2525 1057 2594 in
1084 2526 1231 2595 essentia
1257 2535 1313 2596 tua
1340 2520 1601 2617 incomprehen-

228 2636 370 2709 sibiliter
395 2641 556 2711 existens.

329 2753 480 2824 mevam
511 2774 636 2824 uocem.
690 2753 720 2824 T
721 2777 742 2824 e
780 2754 892 2826 laudat
926 2764 1080 2827 creatura
1120 2752 1205 2826 haee
1246 2753 1389 2827 visibilis
1431 2763 1465 2824 et
1499 2774 1601 2826 sensu

224 2868 390 2962 praedita,
416 2868 571 2956 Domine,
599 2878 634 2939 ut
660 2872 759 2940 etiam
786 2868 841 2942 illa
868 2869 1109 2956 intellectualis,
1137 2880 1172 2941 et
1197 2893 1298 2965 supra
1324 2891 1481 2942 sensuum
1508 2890 1599 2940 con-

224 2982 382 3055 ditionem
416 2986 536 3079 posita.
592 2983 732 3056 Caelum
768 2995 802 3055 et
833 2994 924 3055 terra
958 2996 992 3056 te
1030 2984 1237 3074 glorificant,
1255 3007 1364 3056 mare
1397 2993 1431 3055 et
1465 2993 1526 3055 aer
1566 2994 1600 3055 te

223 3097 431 3192 praedicant3
459 3096 511 3172 sol
537 3101 571 3170 iu
598 3121 699 3171 eursu
726 3121 787 3170 sno
813 3110 846 3170 te
872 3099 998 3172 laudat:
1033 3099 1110 3171 luna
1145 3103 1178 3170 in
1205 3097 1438 3171 mutationibus
1465 3101 1535 3170 suis
1563 3107 1602 3169 te

222 3222 421 3285 veneratur:
454 3223 582 3286 turmae
612 3214 923 3305 Archangelum,
957 3224 992 3286 et
1024 3218 1158 3306 agmina
1189 3215 1415 3306 Angelorum,
1449 3212 1598 3286 Virtutes

222 3326 301 3399 illae
327 3328 448 3400 mundo
475 3341 509 3402 et
535 3331 655 3401 mentis
681 3328 838 3401 lacrdtate
865 3327 1093 3418 sublimiores,
1126 3329 1377 3402 benedictiones
1405 3329 1448 3401 ad
1473 3331 1597 3420 regio-

221 3465 299 3514 nem
327 3454 415 3516 tuam
441 3447 576 3515 mittunt.
630 3443 729 3516 Radii
755 3445 839 3516 lucis
866 3444 1063 3517 excellentis
1090 3455 1124 3515 et
1145 3443 1375 3531 absconditae,
1402 3443 1597 3517 sanctifica-

221 3562 331 3630 tiones
359 3558 490 3650 gloriae
521 3570 600 3631 tuae
632 3562 800 3648 emittunt3
834 3559 1042 3654 Principatus
1076 3569 1111 3630 et
1144 3559 1285 3634 Ordines
1318 3569 1352 3630 te
1385 3582 1460 3631 cum
1488 3558 1596 3650 jubilo

220 3672 371 3762 landant,
399 3675 589 3748 Potestates
616 3684 652 3746 et
676 3675 927 3748 Domiuatioues
954 3685 987 3746 te
1022 3686 1244 3763 venerantur;
1270 3674 1437 3766 Virtutes,
1469 3673 1596 3747 Throui

221 3800 256 3862 et
282 3790 381 3861 sedes
409 3789 660 3863 inaccessibiles
686 3799 720 3861 ta
748 3790 907 3879 exaltant,
935 3789 1131 3886 splendores
1151 3791 1234 3863 lucis
1261 3801 1431 3878 aeternae,
1458 3789 1595 3885 specula

219 3908 295 3980 siue
326 3905 472 3993 macula,
514 3904 719 3978 substantiae
753 3914 909 3995 sanctae,
950 3909 1173 4002 susceptrices
1216 3909 1401 4001 sapientiae
1435 3904 1593 3992 sublimis,

219 4043 304 4116 prae
332 4020 483 4094 omnibns
510 4025 725 4093 scrutatrices
752 4020 931 4093 voluntatis
958 4019 1000 4092 ab
1028 4020 1180 4093 omnihus
1194 4019 1423 4108 absconditae,
1450 4019 1594 4092 motibus

217 4137 403 4232 praeclaris
431 4147 584 4209 tonorum
610 4135 859 4226 inimitabilium,
884 4136 1092 4230 vocibusque
1106 4136 1216 4227 dignis
1243 4145 1396 4208 creatura
1421 4135 1592 4208 rationali:

219 4251 400 4325 Cherubim
426 4253 619 4348 multioculi,
647 4274 785 4348 quorum
813 4263 921 4323 motus
949 4235 1173 4339 subtilissimi,
1208 4261 1242 4322 te
1275 4251 1489 4324 benedicunt:
1520 4250 1593 4322 Se·

216 4366 346 4462 raphim
372 4372 520 4441 instructi
554 4391 618 4440 sex
650 4368 712 4439 alis
746 4368 920 4463 implexis,
953 4368 1109 4462 plenique
1143 4367 1279 4462 plumis,
1311 4379 1344 4439 te
1371 4366 1589 4456 sanctificant,

216 4482 265 4553 illi
292 4487 371 4578 ipsi,
400 4486 455 4578 qui
482 4483 543 4556 alis
571 4487 639 4556 suis
666 4483 772 4556 iacies
799 4505 878 4556 suas
906 4493 1042 4574 tegunt,
1068 4486 1255 4578 pennisque
1280 4483 1385 4577 pedes
1413 4504 1492 4556 suos
1520 4505 1591 4554 ve-

216 4596 300 4688 lant,
326 4609 360 4670 et
385 4598 605 4694 undequaque
631 4598 786 4671 volantes
814 4608 847 4669 et
881 4597 1076 4692 plaudentes
1103 4597 1165 4671 alis
1193 4597 1346 4669 altered
1373 4598 1528 4683 alterum,
1555 4606 1592 4668 ut

218 4735 286 4783 uon
323 4715 502 4787 adurantur
536 4713 578 4786 ah
611 4719 691 4807 igne
724 4722 780 4785 tuo
814 4713 1019 4800 devorante,
1052 4721 1169 4784 cautus
1195 4733 1337 4801 suaves,
1371 4711 1472 4784 atah
1500 4714 1591 4782 omni

217 4833 358 4902 materia
384 4853 498 4926 puros,
526 4830 656 4925 aequali
682 4833 827 4901 omnium
854 4832 1072 4902 consonantia
1106 4838 1246 4918 canunt,
1272 4827 1329 4900 tibi
1356 4827 1496 4918 gloriam
1523 4848 1590 4898 ae-

215 4954 347 5016 ternam
372 4946 571 5034 relerentes,
597 4967 663 5017 uno
690 4944 814 5040 hymno
842 4944 917 5017 Deo
945 4945 1047 5036 digno
1074 4945 1254 5017 clamantes
1282 4955 1316 5015 et
1342 4944 1501 5014 diceutes.

321 5060 483 5155 Populos.
535 5061 690 5153 Sanctus,
716 5059 873 5150 Sanetus,
899 5062 1051 5135 Sanctus.

254 5199 380 5243 raanan
1107 5265 1109 5272 L
1336 5175 1387 5248 29
