4525 6034
689 571 738 646 92
1065 569 1683 649 iustitutionis

687 757 837 820 meeum
855 755 946 835 fraqe
967 756 999 815 in
1021 772 1160 835 corpore,
1184 755 1279 817 colice
1300 755 1332 817 in
1353 774 1473 832 onore,
1493 757 1635 837 proficiat
1654 759 1779 835 meritis,
1800 757 1882 839 qnod
1902 755 2055 821 abbatim

683 877 744 938 pro
766 856 902 918 delictis:
925 860 956 917 et
979 855 1019 916 ita
1041 855 1132 917 variis
1156 854 1186 916 in
1208 853 1293 917 locis.
1337 854 1370 917 ln
1394 855 1550 919 Gallicano
1572 855 1669 919 oficio
1693 855 1731 918 ad
1752 857 1875 920 Missam
1889 857 1919 921 S.
1936 857 2054 919 Leoda-

687 957 775 1041 garii,
801 953 1013 1017 lltdescendot
1033 954 1083 1016 bic
1097 954 1266 1016 benedictio
1288 961 1341 1016 tac
1363 974 1453 1035 saper
1475 956 1553 1018 banc
1571 975 1682 1036 ponem
1704 965 1733 1019 et
1754 958 1879 1019 calicem
1900 958 1932 1018 in
1952 965 2054 1018 trone-

684 1053 1011 1137 formationeSpiritm
1026 1055 1071 1116 toi
1084 1056 1193 1117 sancti
1216 1053 1451 1117 labiosarabico
1475 1055 1574 1118 multis
1596 1055 1682 1136 locis,
1705 1055 1781 1118 Post
1796 1058 1909 1136 pridie,
1933 1063 2055 1138 rogatur

686 1156 770 1219 Deus
792 1163 825 1216 ut
846 1155 977 1216 hoedum
998 1155 1100 1215 oiocm
1121 1154 1320 1216 illustratione
1347 1154 1495 1216 adventis
1523 1156 1573 1216 soi
1600 1157 1784 1235 sanctificet.-
1812 1164 1846 1217 nt
1871 1156 1949 1217 boec
1978 1155 2055 1217 libo·

686 1257 771 1317 mino
793 1253 998 1316 benedicendo
1019 1261 1166 1328 assumat,
1187 1260 1222 1315 nt
1242 1254 1302 1315 iltis
1323 1254 1591 1333 sanctificationem
1612 1254 1761 1333 befandct.
1791 1254 1824 1317 ln
1839 1255 1932 1317 Missa
1944 1253 2055 1316 Natalis

686 1355 816 1417 Domini.
863 1352 901 1415 llt
921 1353 953 1413 in
975 1352 1079 1413 eodem
1102 1353 1290 1433 spirituque
1312 1360 1340 1414 te
1362 1354 1395 1414 in
1417 1355 1694 1434 corneoirpinitos
1714 1356 1891 1434 incorrupto
1913 1357 2055 1434 concepit,

687 1455 745 1517 hus
766 1455 882 1516 hostias
905 1452 1035 1514 iiinitos
1057 1453 1191 1513 indiviso
1212 1454 1386 1532 sanctificet.
1431 1451 1501 1515 Alio
1524 1452 1604 1517 loco.
1635 1453 1867 1529 Qnoemmnsnt
1880 1455 2057 1516 oblationem

611 1542 616 1553 ’
687 1555 767 1617 hanc
788 1554 915 1633 spiritns
936 1554 980 1613 tni
996 1553 1193 1631 permistim
1212 1553 1391 1631 sonctifces,
1414 1561 1445 1613 et
1465 1572 1577 1633 corpus
1597 1561 1628 1615 et
1642 1556 1817 1634 conquierere
1830 1554 1954 1616 Domini
1963 1553 2058 1615 nostri

685 1655 776 1736 pleno
798 1651 1065 1730 transformatione
1088 1651 1253 1731 confinnes.

776 1750 886 1815 Similia
908 1750 999 1813 multa
1021 1750 1297 1831 praetermittimus,
1321 1749 1375 1811 sed
1398 1770 1438 1813 ex
1454 1750 1557 1814 relatis
1575 1730 1769 1833 perspicuum
1781 1759 1828 1815 est
1840 1750 1948 1814 eadem
1963 1768 2055 1834 prope

688 1854 799 1929 verba,
823 1848 946 1913 easdem
969 1850 1135 1911 sententias
1158 1849 1189 1911 in
1210 1849 1382 1912 Missilibus
1406 1849 1464 1912 illis
1487 1853 1715 1931 vetustissimis,
1746 1868 1781 1913 ac
1803 1852 1834 1912 in
1856 1847 2056 1912 Orientalibus

688 1951 829 2035 reperiri.
879 1948 954 2012 Nam
982 1948 1144 2029 utrobique
1174 1948 1344 2030 postulatur
1371 1951 1519 2012 adventas
1546 1950 1679 2031 Spiritum
1705 1951 1817 2026 sancti,
1850 1951 1939 2030 isque
1971 1968 2057 2031 super

689 2054 768 2118 dona
789 2051 963 2135 proposita:
985 2048 1227 2129 transformatio,
1249 2048 1423 2125 hamtona,
1446 2057 1476 2111 et
1492 2050 1586 2129 ptenc
1608 2048 1803 2129 confirmatio
1824 2056 1985 2130 petuntur:
2006 2050 2057 2112 be-

688 2154 830 2228 nedictio,
853 2149 1058 2229 sanctificatio
1080 2148 1251 2210 comendam
1280 2167 1449 2227 munaum,
1478 2157 1509 2211 et
1535 2149 1593 2211 illis
1623 2148 1741 2229 verbis,
1770 2166 1847 2230 quae
1874 2148 2056 2212 {avocationi

690 2251 887 2316 Orientalium
910 2255 1093 2331 comparata,
1116 2246 1212 2331 magis
1236 2246 1454 2327 quodammodo
1477 2247 1675 2332 significantia
1697 2256 1776 2310 sunt.
1810 2247 1906 2310 Nemo
1931 2266 2057 2329 unquam

689 2353 844 2416 Ecclesias
867 2348 1018 2424 Geticas,
1050 2347 1234 2427 Gallicanas,
1265 2346 1468 2410 Mosarabieas
1499 2349 1668 2427 accusavit,
1697 2350 1782 2431 quasi
1810 2366 1917 2427 parum
1946 2346 2055 2429 piade

690 2451 898 2517 Eucharistiae
921 2448 1150 2512 consecratione
1172 2447 1336 2509 sentirent:
1359 2465 1414 2510 cur
1436 2448 1528 2530 igitur
1540 2447 1713 2511 eorumdem
1725 2446 1886 2510 verbomm
1899 2448 2057 2509 occasione

692 2551 895 2617 Orientalibus
919 2550 1030 2611 crimen
1053 2548 1235 2625 intentetur,
1264 2548 1443 2628 perspicere
1472 2547 1591 2611 dificile
1621 2556 1678 2613 est.
1723 2547 1851 2609 Accedit
1881 2546 2058 2627 quodlicet

693 2671 755 2716 non
785 2649 890 2713 iisdem
920 2649 1039 2726 verbis,
1068 2646 1207 2710 Ecclesia
1237 2646 1388 2724 Romana,
1417 2655 1484 2711 orat
1507 2657 1621 2725 umen,
1652 2654 1682 2709 et
1704 2646 1931 2709 benedictiones
1957 2645 2058 2708 format

693 2768 788 2832 super
810 2750 888 2813 dona
912 2754 1100 2824 consecrata,
1123 2747 1259 2827 petitque
1282 2765 1319 2808 ea
1338 2746 1475 2827 perferri
1494 2750 1526 2809 in
1548 2746 1862 2824 sethtimecltoreDei,
1885 2765 1947 2827 quo
1973 2763 2058 2810 sensu

694 2851 828 2915 Graecos
858 2867 947 2927 suos,
977 2846 1201 2910 invocationem
1235 2845 1422 2929 intelligere,
1456 2848 1610 2909 affirmavit
1640 2828 1802 2911 Cabasilas.
1849 2845 1939 2909 Tales
1972 2862 2057 2928 porro

694 2950 872 3026 Orationes,
904 2965 1030 3030 quarum
1058 2954 1205 3027 excerpta
1233 2945 1406 3025 retulimus,
1439 2954 1590 3009 vetustate
1620 2965 1675 3008 sua
1703 2947 1776 3007 satis
1806 2948 2056 3025 commendantur,

695 3051 864 3131 dequibus
897 3048 1012 3131 siquis
1039 3047 1121 3109 litem
1151 3064 1275 3109 inovere
1307 3044 1414 3125 vellet,
1443 3045 1561 3108 abunde
1588 3044 1780 3109 refelleretur
1809 3046 1973 3109 autoritate
1999 3046 2057 3107 llo·

694 3168 800 3213 manae
833 3150 950 3212 illarum
983 3147 1123 3211 editionis
1154 3164 1171 3209 a
1201 3145 1360 3209 Cardinale
1390 3145 1550 3209 'thomasio
1579 3152 1774 3227 procuratae:
1808 3145 1944 3226 quamvis
1978 3163 2057 3208 sacra

695 3251 771 3313 haec
799 3247 993 3314 venerandae
1017 3246 1200 3328 antiquitatis
1231 3252 1418 3309 monumenta
1446 3245 1665 3327 approbatione
1693 3247 1898 3308 recentiorum
1926 3264 1987 3309 non
2012 3247 2057 3307 in-

695 3350 827 3433 digeant.

403 3472 534 3525 Sententia
546 3467 683 3523 mnf).
781 3452 897 3513 Primus
928 3449 1005 3510 inter
1027 3463 1082 3508 eos
1104 3447 1156 3527 qui
1178 3445 1216 3507 de
1238 3443 1398 3526 Liturgicis
1421 3443 1513 3507 rebus
1535 3445 1738 3526 seripserunt,
1761 3443 1838 3506 hane
1859 3445 1973 3507 vetusti
1993 3444 2056 3507 llo-

375 3574 424 3612 ma
442 3558 474 3611 de
489 3558 539 3610 illis
553 3550 823 3615 orationi-sarabiei
845 3550 919 3611 ritus
943 3564 1008 3609 eum
1032 3545 1150 3608 Graeco
1174 3543 1409 3607 conformitatem
1432 3544 1605 3608 observavit
1630 3543 1797 3608 cardinalis
1818 3543 1913 3622 Bona,
1936 3562 2056 3624 eamque

374 3647 432 3699 bus.

695 3647 918 3732 intelligendam
944 3645 1090 3729 judicavit
1118 3644 1282 3707 secundum
1310 3646 1443 3706 eumden
1471 3664 1590 3707 smsnm
1613 3643 1838 3719 Ortbodomon,
1868 3644 1978 3725 inquit,
2005 3663 2056 3725 quo

426 3749 486 3801 Βῆ·
508 3748 601 3817 tany.
623 3748 639 3802 b
656 3750 682 3800 2.
696 3751 807 3814 Patres
829 3748 940 3810 Graeci
960 3749 992 3808 in
1013 3745 1135 3827 Synodo
1157 3744 1327 3806 Florentino
1349 3763 1436 3806 mecm
1459 3746 1641 3820 orotimeem,
1671 3743 1719 3806 fac
1748 3743 1828 3805 hunc
1857 3761 1967 3823 panem
1988 3761 2056 3824 pre-

393 3853 415 3887 e.
435 3836 478 3889 13.

697 3852 806 3915 tiosum
829 3863 940 3928 corpus
964 3843 1085 3923 Christi,
1109 3844 1318 3922 explicarunt:
1339 3852 1372 3906 nt
1392 3846 1533 3906 nimirum
1554 3845 1654 3906 boetio
1667 3846 1737 3923 fam
1758 3851 1956 3920 cornecrotc,
1977 3842 2057 3904 nobis

695 3959 875 4029 noanneane
896 3946 988 4008 soloti
1012 3945 1112 4006 sancti
1140 3942 1271 4022 Spiritu
1291 3943 1400 4023 illapsu
1421 3943 1638 4022 sorcetificetnr.
1682 3941 1724 4006 At
1746 3943 1850 4005 Patres
1875 3941 1983 4005 Graeci
2004 3941 2056 4003 dici

696 4069 758 4113 non
780 4054 917 4129 possunt,
939 4045 1083 4126 Episcopi
1105 4061 1173 4121 sex,
1196 4041 1247 4123 qui
1269 4041 1454 4123 imperatore
1477 4051 1509 4105 et
1532 4042 1598 4105 aliis
1612 4042 1772 4124 Episcopis
1794 4042 2009 4120 nescientibus,
2030 4044 2056 4102 et

698 4158 807 4233 postea
829 4145 1070 4219 reclamantibus,
1093 4143 1183 4206 talem
1205 4142 1425 4223 expositionem
1447 4139 1604 4205 dederunt.
1642 4141 1745 4215 Qualis
1766 4159 1990 4222 veracemque
2012 4138 2056 4202 illa

696 4251 750 4329 sit,
774 4248 811 4312 ad
835 4250 929 4331 Syros
953 4254 983 4309 et
1005 4244 1139 4325 reliquos
1163 4241 1348 4321 Orientales‚
1371 4242 1510 4323 quicum
1532 4240 1590 4304 illis
1613 4258 1768 4304 commune
1790 4239 1863 4303 nibil
1885 4240 2056 4316 babuerunt,

697 4351 851 4433 pertinere
880 4346 1048 4411 nullatcnus
1078 4341 1232 4406 censenda
1259 4349 1315 4405 est.
1359 4341 1434 4404 Nam
1464 4340 1544 4423 quod
1573 4342 1654 4403 aiunt
1675 4340 1864 4404 Bessarionis
1887 4348 1919 4403 et
1939 4336 2057 4401 Arcadii

696 4450 872 4527 imitatores,
896 4454 989 4508 totam
1010 4443 1176 4506 orationem
1199 4439 1359 4507 referriad
1373 4439 1557 4504 fructuosam
1572 4441 1707 4522 mysterii
1720 4441 1952 4521 susceptionem,
1966 4438 2056 4501 susti·

697 4551 764 4613 neri
786 4566 847 4610 non
869 4553 980 4628 potest.
1024 4542 1131 4623 Neque
1154 4542 1233 4603 enim
1254 4541 1400 4623 postulari
1423 4548 1543 4622 oportet
1565 4540 1694 4621 Spiritus
1716 4541 1812 4602 sancti
1834 4539 1982 4621 illapsum,
2003 4533 2056 4597 ab·

697 4656 836 4727 ventum,
867 4654 898 4709 et
927 4642 1185 4708 obumbrationem
1212 4659 1306 4722 super
1334 4640 1412 4704 dona
1441 4648 1619 4704 consecrata
1648 4642 1679 4703 in
1701 4656 1812 4721 corpus
1834 4647 1866 4702 et
1888 4637 2055 4720 sanguinem

700 4747 826 4827 Christi,
848 4753 882 4811 ut
905 4745 956 4827 qui
976 4741 1027 4806 illa
1048 4742 1222 4823 percepturi
1243 4749 1323 4817 sunt,
1345 4741 1436 4823 digne
1458 4739 1563 4804 eadem
1585 4740 1758 4822 suscipiant.
1801 4738 1925 4802 Frustra
1944 4735 2055 4799 scilieet

697 4856 804 4911 oraret
831 4845 985 4924 Ecclesia,
1015 4841 1043 4906 si
1071 4840 1198 4923 Spiritus
1226 4839 1321 4903 sancti
1350 4839 1496 4904 adventus
1518 4849 1550 4904 et
1571 4840 1713 4921 illapsus,
1742 4839 1780 4901 ad
1808 4838 1902 4901 solam
1928 4838 2007 4919 piam
2026 4841 2055 4897 et

699 4948 883 5011 fructuosam
904 4943 1114 5026 mysteriorum
1137 4940 1358 5027 susceptionem
1379 4939 1555 5005 referretur.
1598 4940 1674 5003 Nam
1703 4945 1789 5002 certo
1816 4938 1939 5001 credunt
1959 4935 2053 4998 adve-

699 5049 765 5110 nire
788 5047 929 5129 Spiritum
950 5050 1086 5108 sanetum
1107 5041 1138 5104 in
1161 5040 1239 5104 dona
1261 5038 1431 5122 proposita:
1461 5058 1521 5105 non
1544 5058 1619 5106 vcro
1642 5056 1746 5103 omnes
1769 5039 1821 5121 qui
1842 5036 1901 5102 illis
1921 5050 2050 5101 conrnu-
