4525 6034
430 4773 460 4828 P.
478 4776 523 4829 98.
541 4777 557 4829 l·
575 4777 602 4829 8.

727 590 802 665 328
1292 589 1522 668 NOTAE
1615 530 1628 559 ο

722 863 760 942 Ὀ
784 860 1060 963 &romacianae
1084 862 1177 958 ἡμᾶς
1209 866 1249 940 ἐν
1278 868 1361 939 ἐλέει
1394 864 1454 940 καὶ
1489 866 1693 964 οἰκτιρμοῖα
1747 866 1812 955 (tui
1842 869 1986 938 malusii
2013 891 2067 942 nor

1074 984 1111 1050 ia
1135 982 1374 1053 misericordia
1399 988 1435 1054 et
1458 981 1741 1054 miserationibus.

812 1172 907 1251 llam
928 1185 1023 1247 oratio
1044 1203 1106 1247 non
1132 1184 1244 1268 legitur
1272 1185 1303 1247 in
1331 1183 1464 1266 Copticis
1493 1185 1730 1268 exemplaribus,
1758 1205 1858 1268 neque
1886 1190 1916 1250 in
1946 1186 2068 1251 Graeco-

724 1287 858 1352 Arahico
881 1288 996 1350 titulum
1017 1288 1108 1352 ullum
1131 1287 1237 1351 hahet:
1261 1289 1393 1352 occurrit
1414 1297 1512 1354 auam
1533 1291 1565 1352 in
1586 1289 1721 1373 Liturgia
1743 1293 1839 1354 sancti
1865 1290 1982 1372 iacobi,
2007 1291 2067 1354 inde

722 1394 825 1449 notam
847 1386 926 1450 illam
947 1395 1011 1451 toto
1034 1387 1157 1451 Oriente
1180 1386 1274 1451 inisse
1297 1387 1483 1453 manifestum
1507 1397 1564 1454 est.

893 1732 895 1735 .
925 1647 1023 1746 Εὐχή
1049 1655 1118 1724 τοῦ
1142 1647 1250 1751 a‘ys'ov
1274 1648 1488 1753 mioyysiicv.
1543 1653 1664 1724 Oratio
1690 1651 1881 1747 Eooapeiii.

802 1841 875 1920 Isiu
898 1854 995 1918 oratio
1017 1870 1078 1916 non
1100 1861 1148 1916 est
1169 1854 1237 1918 loco
1259 1872 1316 1917 suo
1337 1857 1445 1935 positu,
1469 1874 1535 1918 cum
1557 1873 1618 1919 non
1642 1855 1758 1918 dicatur
1779 1853 1983 1936 Evangelium,
2007 1861 2065 1916 ants

722 1975 788 2021 eam
811 1976 888 2039 quse
910 1975 980 2021 mox
1008 1957 1160 2039 sequitur:
1187 1975 1287 2039 neque
1315 1960 1470 2023 intermitti
1497 1958 1586 2038 solet,
1613 1967 1648 2022 ut
1674 1958 1970 2023 commemorationes
1994 1958 2065 2021 liant.

720 2052 825 2136 ltaque
848 2057 981 2120 secunda
1008 2056 1093 2120 istius
1114 2074 1186 2138 pars
1214 2057 1253 2120 ad
1274 2058 1398 2139 primam
1429 2077 1490 2123 non
1516 2058 1666 2141 pertinet,
1700 2066 1730 2121 et
1758 2059 1795 2122 ah
1826 2078 1865 2122 sa
1894 2067 1941 2121 est
1967 2057 2065 2121 diam

719 2153 851 2235 menda

989 2344 1087 2443 Εὐχή
1111 2352 1179 2423 τοῦ
1202 2346 1525 2446 καταπετάσματος.
1579 2351 1700 2423 Oratio
1726 2351 1802 2422 ccii.

808 2540 953 2618 Divsnsn
975 2559 1023 2615 est
1045 2553 1083 2616 ah
1106 2571 1143 2616 ea
1165 2571 1252 2634 quam
1275 2551 1417 2635 Coptious
1440 2552 1539 2617 codex
1559 2552 1663 2617 hahet:
1685 2555 1725 2618 de
1746 2571 1805 2636 qua
1827 2553 1975 2618 videndae
1989 2557 2065 2614 notus

723 2653 862 2718 adhunc
883 2655 991 2718 locum.
1010 2655 1073 2719 lsta
1094 2674 1181 2733 vero,
1206 2645 1325 2730 Οὐδεὶς
1347 2646 1454 2739 ἄξιος,
1478 2658 1590 2742 legitur
1618 2659 1650 2720 in
1675 2658 1810 2742 Liturgia
1830 2657 1949 2722 Graeca
1968 2655 2064 2731 Basilii,

719 2754 775 2818 sed
796 2754 865 2818 dum
887 2756 1002 2819 canitur
1023 2755 1150 2838 hymnus
1174 2755 1379 2836 Chemhicus,
1401 2765 1434 2820 ut
1455 2758 1544 2821 etium
1564 2758 1597 2820 iu
1618 2774 1655 2821 ea
1677 2756 1897 2841 chrysostomi.

770 3014 869 3114 Εὐχή
893 3022 963 3092 τοῦ
979 3015 1292 3115 καταπετάσματος
1316 3015 1399 3119 παρ’
1425 3018 1645 3120 Αἰγυπτίοις
1700 3016 1820 3091 Oratio
1847 3020 1916 3093 celi
1940 3016 2023 3113 apud

1271 3212 1275 3219 ,
1303 3138 1503 3233 Aepyptios.

804 3326 859 3406 En
881 3339 946 3423 sola
967 3339 1119 3420 reperitur
1140 3340 1172 3402 in
1195 3338 1307 3402 Codice
1331 3339 1473 3421 Coptico,
1496 3357 1595 3422 neque
1617 3347 1731 3403 temere
1751 3347 1824 3402 notu
1854 3339 1989 3421 adjuncta
2014 3342 2063 3413 est,

718 3460 778 3522 qua
799 3442 879 3505 illam
901 3442 1061 3526 Aegyptiis
1083 3444 1236 3525 propriam
1258 3461 1328 3507 esse
1350 3445 1553 3526 significatur:
1579 3461 1645 3505 cum
1668 3441 1744 3506 aliae
1766 3461 1807 3505 ex
1824 3432 1956 3506 xdiversis
1975 3441 2063 3504 Litus·

717 3542 776 3625 giis
799 3541 950 3605 desumtae
973 3544 1046 3605 sint:
1070 3561 1148 3624 quac
1170 3543 1195 3605 si
1217 3560 1285 3605 cnm
1307 3542 1438 3623 Copticis
1462 3551 1492 3606 ct
1514 3542 1578 3605 aliis
1602 3549 1828 3622 comparentur,
1859 3543 1918 3604 etsi
1939 3539 2064 3605 nonnula

718 3641 758 3702 sit
779 3640 952 3721 diversitas,
976 3648 1045 3703 sunt
1067 3650 1167 3705 tamen
1193 3641 1305 3704 similes
1333 3643 1501 3705 sententiae
1530 3649 1561 3705 et
1589 3641 1694 3705 eadem
1724 3659 1817 3722 saepe
1845 3641 1949 3705 verba.
1989 3638 2062 3701 Unde

719 3747 836 3804 constat
856 3758 965 3821 preces
986 3739 1052 3803 illas
1075 3759 1136 3804 non
1158 3739 1319 3824 singularis
1341 3741 1484 3824 alicujus,
1508 3739 1563 3804 sed
1585 3739 1765 3804 universalis
1788 3740 1949 3804 Orientalis
1965 3739 2062 3802 Eccle-

719 3840 782 3902 siae
804 3838 908 3903 fuisse.

803 3938 889 4002 Duae
911 3959 988 4022 quae
1011 3949 1178 4021 sequuntur
1195 3940 1356 4004 Orationes
1379 3940 1473 4002 osculi
1495 3941 1591 4020 pacis,
1614 3939 1740 4002 eaedem
1761 3945 1830 4003 sunt
1852 3957 1891 4002 ac
1912 3938 1978 4001 illae
1997 3953 2060 4019 quas

720 4038 825 4102 Codex
848 4038 991 4122 Copticus
1014 4047 1238 4121 repraesentat3
1265 4047 1299 4102 ut
1320 4040 1410 4102 etiam
1440 4038 1516 4101 aliae
1545 4056 1643 4120 prope
1672 4056 1777 4103 omnes
1800 4058 1880 4122 quae
1901 4044 2059 4119 sequuntur,

717 4136 755 4201 de
783 4139 890 4220 quihus
919 4137 990 4200 nihil
1019 4140 1151 4203 occurrit
1177 4139 1350 4223 dicendum,
1384 4137 1465 4220 quod
1491 4139 1523 4200 in
1552 4138 1631 4201 notis
1659 4138 1696 4201 ad
1723 4138 1858 4221 reliquas
1889 4139 1991 4202 dictum
2011 4151 2060 4197 non

716 4236 814 4301 tuerit.
859 4236 934 4300 lllud
956 4238 1110 4319 singulare
1132 4239 1182 4302 isti
1204 4247 1235 4302 ct
1256 4237 1360 4321 paucis
1384 4236 1560 4319 quibusdam
1582 4237 1646 4300 aliis
1669 4237 1778 4301 Olllciis
1801 4237 1971 4320 liturgicis,
1992 4230 2059 4316 quod

714 4346 778 4400 tota
801 4337 936 4401 recitatio
959 4338 1151 4401 institutionis
1173 4339 1379 4402 Eucharistiae
1400 4339 1441 4400 ita
1467 4337 1617 4416 refertur,
1644 4344 1677 4399 ut
1705 4336 1743 4400 ad
1766 4338 1936 4414 Christum,
1963 4336 1990 4398 in
2015 4350 2059 4395 se-

717 4437 814 4500 cunda
836 4453 984 4519 persona,
1009 4438 1104 4501 oratio
1128 4438 1281 4521 dirigatur.

716 4695 836 4782 Αὐτός
861 4694 928 4775 οὖν
953 4696 1111 4775 δέσποτα
1136 4706 1181 4797 τῇ
1204 4706 1250 4798 σῇ
1274 4705 1379 4800 φωνῇ
1402 4695 1447 4774 τοὶ
1473 4697 1685 4797 προκείμενα
1709 4696 1956 4793 mancipans.
1990 4694 2057 4787 lpas

887 4819 993 4909 ipitur
1018 4817 1165 4890 Domine
1192 4824 1251 4889 tao
1275 4838 1361 4889 coce
1386 4816 1476 4887 hacc
1498 4818 1681 4909 proposito
1706 4821 1902 4886 manate.

802 4990 905 5071 Huius
928 5005 1072 5069 orationis
1093 5005 1272 5070 sententiam
1294 5004 1510 5086 explicavimus
1532 5004 1565 5065 in
1585 5003 1665 5067 nois
1687 5000 1727 5065 ml
1747 5001 1883 5065 eumdem
1905 5001 1996 5064 locum
2011 4994 2055 5057 hi-

716 5107 833 5192 turgiso
857 5106 1014 5191 captioso,
1038 5128 1115 5191 quae
1137 5110 1312 5192 expressius
1334 5109 1482 5191 significat
1503 5109 1616 5174 realem
1635 5106 1746 5173 Christi
1767 5107 1799 5171 in
1820 5106 1904 5170 altari
1924 5116 2056 5187 praesen·

876 5266 895 5305 Ι
