4525 6034
569 569 778 648 ounttottts
804 572 852 649 tt
877 570 1182 650 BllllleClth‘ES.
1505 579 1554 652 53

418 865 733 985 courteous
763 867 833 984 ur
862 838 1316 988 rumorosorum

300 1107 379 1183 AD
431 1098 1111 1183 consutulutottutt
1163 1105 1441 1186 OMNIUM

598 1291 1141 1373 mumolustuotutttoutn

709 1496 814 1568 Dicet
838 1498 1038 1593 Episcopus.

286 1698 409 1802 Deus
435 1721 546 1811 bone,
572 1730 708 1811 sancte,
734 1721 768 1792 in
794 1723 919 1795 sanctis
952 1725 1189 1819 requiescens,
1222 1726 1315 1818 eujus
1349 1725 1554 1820 benignitate

192 1855 222 1917 et
242 1845 435 1940 praeceptis
463 1842 594 1934 accepit
618 1836 761 1934 Moyses
788 1836 830 1909 de
856 1841 1034 1931 sanguine,
1068 1853 1102 1915 et
1135 1846 1278 1940 aspersit
1308 1864 1410 1939 super
1445 1848 1554 1917 omnia

190 1964 401 2033 instrumenta
426 1956 609 2045 ministerii,
634 1957 775 2050 petimus
802 1977 917 2027 coram
943 1966 976 2027 te
1002 1962 1172 2052 prostrati,
1198 1970 1365 2033 cumator
1388 1958 1554 2032 hominum

191 2076 296 2168 bone,
326 2086 361 2147 ut
388 2074 534 2167 digneris
561 2070 769 2146 sanctificare
795 2069 879 2143 haec
905 2075 1120 2147 instrumenta
1146 2099 1208 2172 per
1223 2076 1379 2172 Spiritum
1405 2085 1554 2150 sanctum

192 2203 273 2265 uum
314 2202 347 2264 et
383 2192 613 2287 aspersionem
647 2190 818 2279 sanguinis
845 2183 966 2260 Christi
998 2194 1065 2281 tui,
1095 2202 1132 2263 ut
1166 2196 1231 2266 sint
1263 2214 1365 2288 pura,
1404 2202 1439 2263 et
1469 2213 1555 2264 vasa

193 2312 361 2381 ministerii
386 2308 493 2380 sancti
518 2315 554 2378 et
569 2306 655 2394 veri,
682 2314 965 2377 sacramentomm
980 2309 1084 2380 vitam
1100 2306 1349 2398 conferentium,
1377 2330 1464 2404 quae
1480 2317 1555 2380 sunt

193 2448 314 2522 corpus
339 2435 374 2496 et
399 2424 537 2515 sanguis
563 2424 728 2518 pretiosus
756 2418 875 2494 Christi
904 2424 968 2513 tui,
995 2425 1070 2517 quia
1083 2434 1234 2497 sanctum
1261 2435 1313 2499 est
1327 2410 1448 2498 nomen
1466 2434 1552 2496 mum

196 2552 224 2613 ct
247 2542 359 2634 gloria
384 2539 518 2636 plenum
545 2541 633 2611 omni
659 2548 827 2634 tempore,
854 2537 967 2630 Pater,
992 2538 1072 2630 Fui,
1099 2551 1134 2612 et
1159 2540 1300 2637 Spiritus
1327 2552 1441 2613 sancte
1467 2564 1555 2614 nunc

194 2668 223 2728 et
246 2679 397 2753 semper,
425 2666 488 2727 ete.
1293 2678 1296 2685 ¹

287 2772 415 2868 Sipoot
442 2794 505 2861 ea,
533 2778 600 2842 tum
626 2772 720 2841 dicit.
771 2769 971 2843 Benedictus
997 2772 1158 2846 Dominus
1184 2773 1284 2847 lesus
1312 2770 1462 2848 Christus
1489 2775 1555 2850 Fi·

119 2938 124 2947 ·
193 2887 249 2962 hus
274 2889 343 2961 Dei
370 2891 498 2977 saneti,
524 2897 558 2958 et
584 2888 725 2982 Spiritus
751 2898 895 2961 sanetus.
947 2890 1068 2963 Amen.
1639 2880 1643 2891 ’

423 3095 545 3166 Oratio
573 3098 843 3167 consecrationis
867 3095 968 3166 Diaei
993 3100 1028 3167 el
1044 3086 1216 3168 *Veiorum
1241 3101 1322 3188 ejus.

704 3249 809 3320 Dicet
833 3249 1034 3344 Episcopus.

292 3404 493 3476 Dominator
524 3403 686 3474 Dominus
720 3401 831 3492 Deus,
863 3405 1026 3476 Dominus
1057 3400 1187 3494 honus,
1228 3402 1386 3475 extendat
1416 3403 1553 3479 brachia

199 3543 253 3592 sua
279 3528 416 3609 sanctu,
443 3529 477 3590 et
503 3517 685 3590 sanctificet
710 3516 837 3590 discum
862 3518 993 3616 plenum
1009 3517 1118 3609 honis,
1146 3541 1231 3612 quae
1256 3524 1471 3615 praeparavit
1496 3522 1554 3594 di-

196 3635 368 3729 ligentibus
394 3657 516 3707 nomen
542 3656 637 3706 suum
663 3645 833 3726 sanctum,
859 3635 1124 3708 recumbentibus
1151 3638 1185 3707 in
1211 3639 1370 3709 convivio
1394 3658 1555 3712 annorum

196 3752 288 3823 mille.
339 3749 514 3841 Etanna,
545 3752 708 3840 Domine,
743 3762 871 3823 amator
905 3750 1092 3840 hominnm,
1127 3751 1272 3823 extende
1302 3774 1433 3825 manum
1466 3764 1554 3827 tuam

198 3867 337 3939 drinam
364 3890 466 3963 super
492 3866 618 3939 discum
643 3864 730 3937 hunc
755 3866 979 3958 benedictum,
1007 3890 1103 3962 quem
1130 3866 1293 3962 impleturi
1314 3879 1389 3943 sunt
1405 3870 1554 3966 partibus

198 3986 268 4057 sive
293 3983 439 4078 reliquiis
466 3987 618 4079 corporis
644 3985 690 4054 tui
717 3986 841 4074 sancti,
868 3983 957 4080 quod
984 3983 1123 4055 oderent
1136 4005 1238 4078 super
1252 3983 1356 4056 altare
1369 3986 1555 4059 Sanctuarii

197 4111 328 4175 sanctam
353 4101 497 4171 civitatis
523 4099 564 4172 N.
592 4099 708 4173 Gloria
734 4098 793 4171 tihi
819 4124 894 4173 cnm
908 4099 1009 4172 Patre
1026 4110 1082 4172 tuo
1101 4097 1206 4192 bono,
1232 4111 1266 4172 et
1285 4100 1408 4196 Spiritu
1423 4111 1554 4193 saneto,
1660 4116 1663 4125 '

199 4237 283 4288 nuuc
309 4225 342 4288 et
367 4238 510 4312 semper.

309 4334 471 4427 Accipiet
506 4333 660 4405 cormac
702 4339 738 4405 et
768 4332 894 4403 domm
927 4332 1095 4427 sipaubit,
1130 4333 1295 4428 dicetque.
1355 4331 1555 4406 Benedictus

198 4445 353 4523 Dominus
379 4449 480 4525 Jesus
507 4449 657 4523 Christus
683 4448 786 4521 Fihus
814 4451 890 4539 Dei,
916 4460 951 4521 et
975 4449 1116 4548 Spiritus
1143 4461 1287 4526 sanctus.
1338 4450 1457 4526 Amen.

513 4657 633 4729 Oratio
657 4681 725 4752 pro
754 4656 871 4729 Colice
898 4665 933 4729 et
957 4657 1129 4753 Mappalia
1155 4664 1236 4751 ‹p’ua

706 4812 812 4885 Dicet
836 4813 1037 4907 Episcopus.

298 4965 492 5040 Dominator
524 4968 667 5040 Domine
703 4967 786 5041 lesu
819 4966 969 5061 Christe,
1001 4989 1132 5061 verax,
1168 4967 1294 5064 absque
1326 4970 1430 5060 uitio,
1462 4970 1554 5044 Deus

201 5077 296 5151 simul
318 5092 353 5155 et
376 5082 496 5175 homo,
522 5086 615 5177 eujus
643 5085 795 5159 divinitas
822 5084 930 5160 divisa
955 5106 1023 5158 non
1049 5095 1102 5163 est
1132 5084 1174 5160 ab
1207 5086 1312 5181 ipsius
1345 5084 1555 5179 humanitate,
