4525 6034
531 592 789 672 annnorum
818 543 1167 671 nrosronoann
1201 606 1251 668 a.
1518 593 1596 678 ess

293 866 471 940 Sacerdos
496 869 582 940 dicii
607 869 697 940 donc
725 851 934 958 Orationem,
961 865 1145 937 inclinatos
1173 873 1207 938 et
1232 865 1398 940 submisso
1422 889 1519 941 occe.

329 1059 473 1132 Domine
499 1058 593 1130 Deus
618 1068 751 1154 potens,
779 1059 915 1152 suscipe
949 1054 1034 1128 banc
1060 1056 1283 1147 oblationem,
1318 1079 1381 1153 pro
1409 1061 1499 1131 omni
1524 1057 1600 1131 Dc-

225 1176 329 1248 clesiu
357 1185 472 1248 sancta
500 1173 690 1263 Catholioa,
726 1184 761 1247 et
785 1196 848 1270 pro
876 1172 1029 1246 omnibus
1059 1174 1214 1248 Patribus
1246 1176 1310 1271 piis
1345 1183 1379 1246 et
1409 1177 1509 1267 justis
1543 1180 1598 1271 qui

223 1292 339 1389 placiti
363 1290 496 1364 inerunt
521 1291 601 1378 tibi,
637 1302 671 1363 et
704 1314 766 1387 pro
794 1287 946 1386 omnibus
973 1289 1149 1387 Prophetis
1176 1300 1210 1363 et
1234 1291 1431 1387 Apostolis,
1466 1301 1501 1364 et
1532 1313 1596 1388 pro

224 1408 377 1482 omnibus
410 1406 634 1505 Martyribus,
668 1419 702 1480 et
733 1405 1012 1497 confessoribus,
1044 1417 1080 1480 et
1112 1431 1176 1504 pro
1209 1405 1363 1480 omnibus
1393 1408 1597 1501 lugentibus,
1704 1473 1708 1480 .

225 1509 423 1617 angustiatis
451 1534 484 1597 et
511 1527 673 1617 aegrotis,
709 1532 743 1596 et
766 1546 830 1620 pro
857 1522 1009 1597 omnibus
1041 1527 1276 1597 necessitatem
1312 1534 1347 1596 et
1378 1528 1595 1600 vexationem

223 1641 444 1739 patientibus,
479 1652 513 1714 et
547 1623 610 1738 pro
645 1639 798 1714 omnibus
830 1639 966 1712 infirmis
1002 1649 1036 1712 et
1061 1642 1251 1737 oppressis,
1284 1649 1318 1712 et
1349 1663 1411 1736 pro
1444 1642 1597 1716 omnibus

209 1755 397 1846 defunctis,
426 1761 481 1853 qui
522 1782 541 1830 a
573 1756 670 1832 nobis
705 1759 852 1853 separati
878 1758 1121 1852 migraverunt:
1154 1768 1222 1830 tum
1254 1779 1316 1853 pro
1352 1758 1505 1832 omnibus
1541 1762 1597 1854 qui

222 1884 339 1972 petunt
365 1877 550 1947 orationem
577 1872 619 1946 ab
646 1875 832 1947 infirmitate
856 1884 992 1961 nostra,
1033 1883 1067 1946 et
1091 1895 1153 1971 pro
1181 1896 1236 1947 me
1269 1883 1450 1970 peccatore
1484 1873 1596 1946 hurnili

222 2001 259 2064 et
285 1990 424 2064 infirmo.
477 1992 620 2063 Domine
646 1990 739 2063 Deus
764 2000 892 2081 noster,
920 1989 1100 2062 secundum
1126 1971 1363 2064 miserationes
1389 2001 1476 2080 tuas,
1503 1990 1595 2064 mul-

223 2107 460 2203 titudinemque
486 2110 667 2200 matianum
694 2118 834 2195 tuarum,
862 2109 977 2203 aspice
993 2107 1149 2203 populum
1175 2116 1278 2197 tuum,
1305 2117 1340 2179 et
1353 2130 1408 2180 mc
1422 2107 1595 2196 infirmum,

222 2245 334 2318 neque
361 2222 542 2297 secundum
568 2233 710 2319 peccata
736 2246 821 2312 mea,
849 2232 884 2295 et
903 2225 1109 2318 insipientias
1134 2245 1248 2296 meus:
1275 2222 1384 2297 sedut
1400 2223 1492 2316 digni
1515 2223 1596 2296 fiant

223 2343 424 2414 remissione
449 2348 665 2435 peccatorum
692 2362 839 2429 suorum,
872 2361 935 2438 per
961 2357 1084 2436 corpus
1110 2338 1175 2413 hoc
1202 2350 1370 2428 sanctum,
1404 2338 1493 2436 quod
1520 2361 1594 2412 cum

222 2455 289 2528 lide
316 2459 492 2552 accipiunt,
518 2459 748 2562 pergratiam
773 2455 1022 2528 misericordiae
1048 2466 1126 2529 tuae
1151 2460 1186 2528 in
1212 2457 1346 2531 saecula
1374 2456 1595 2530 sacculorum.

222 2574 343 2650 Amen.

339 2875 341 2880 >
476 2809 505 2959 *w
530 2850 572 2922 Io
597 2848 668 2921 olio
695 2850 816 2922 codice
841 2852 894 2919 ito
919 2852 1042 2942 incipit
1067 2849 1129 2920 itta
1157 2848 1289 2920 Oratio.

326 3041 469 3114 Domine
495 3041 589 3113 Deus
615 3047 747 3133 potens,
774 3037 898 3110 exaudi
915 3060 1036 3112 vocem
1063 3038 1219 3115 clamoris
1245 3042 1311 3112 mci
1328 3060 1443 3113 coram
1468 3045 1503 3109 te
1527 3035 1594 3110 boc

222 3166 391 3253 tempore:
418 3154 551 3228 intende
577 3155 720 3228 Domine
747 3162 780 3226 et
807 3154 883 3226 audi
909 3158 1052 3247 gemitus
1073 3176 1169 3228 meos
1189 3176 1305 3227 coram
1327 3156 1500 3248 majestate
1525 3162 1593 3244 tua,

222 3275 424 3368 suscipeque
450 3271 720 3368 deprecationem
746 3273 813 3342 mei
826 3274 1026 3366 peccatoris,
1053 3295 1117 3365 qua
1140 3270 1315 3368 interpello
1333 3274 1474 3365 gratiam
1492 3281 1592 3358 tuam,

221 3388 286 3461 hac
313 3388 396 3461 hora
424 3412 489 3484 qua
515 3388 651 3461 ollertur
676 3387 873 3462 sacrificium
900 3390 1079 3483 patrituo.
1133 3388 1298 3460 Miserere
1315 3389 1461 3472 omnium
1487 3406 1593 3457 crea·

221 3517 385 3579 turanum:
411 3527 517 3601 parce
542 3508 629 3595 reis,
662 3516 826 3577 converte
861 3513 1031 3593 errantes,
1066 3525 1250 3600 oppressos
1268 3526 1419 3594 ¹recrea3
1453 3505 1592 3578 turbatis

222 3626 369 3718 quictem
394 3632 549 3725 praesta:
575 3643 657 3693 sarra
683 3619 846 3694 infirmos:
881 3620 1061 3693 consolare
1088 3621 1246 3710 adliotos3
1281 3631 1315 3693 et
1340 3622 1465 3717 perfice
1491 3622 1592 3695 elee-

221 3761 381 3834 mosynas
409 3761 524 3812 eorum
546 3741 600 3835 qui
627 3747 807 3832 operantur
823 3739 994 3829 justitiam,
1018 3748 1158 3834 propter
1177 3760 1300 3811 nornen
1320 3747 1409 3811 tuum
1430 3750 1591 3814 sunctum.

220 3855 289 3928 blei
322 3877 453 3951 quoque
480 3857 669 3950 peccatoris
705 3856 867 3924 miserere
899 3857 1128 3950 pergratiam
1161 3865 1276 3942 tuam„
1317 3856 1461 3928 Domine
1497 3858 1591 3930 Deus

220 3981 352 4067 potens,
380 3973 579 4068 suscipiatur
606 3968 730 4042 oblatio
757 3967 841 4041 haec
865 3991 929 4064 pro
955 3973 1114 4043 universa
1135 3970 1290 4045 Ecclesia
1316 3981 1432 4046 sancta
1458 3970 1591 4074 Gathof

218 4088 297 4179 lica,
325 4098 446 4184 cipro
473 4085 725 4176 Sacerdotibus,
750 4084 913 4179 Regibus,
940 4087 1154 4183 principibus,
1182 4089 1376 4186 etreliqua
1391 4095 1430 4160 ot
1449 4110 1564 4181 supro.
1609 4097 1612 4110 '
1663 4099 1665 4105 ‘

375 4362 552 4435 Sacerdos
576 4363 662 4434 dicit
687 4362 776 4432 bose
805 4360 1003 4434 Orationem
1027 4363 1263 4439 inclinationis
1287 4370 1432 4438 secreto.

323 4552 376 4625 Tu
401 4554 544 4626 Domine
570 4535 631 4649 per
657 4555 889 4628 miserationes
924 4561 998 4626 tuas
1023 4553 1143 4626 multae
1178 4565 1213 4628 et
1243 4552 1502 4645 inenarrabiles,
1533 4554 1589 4626 lac

218 4649 412 4742 memoriam
444 4669 566 4744 bonam
604 4680 638 4742 et
670 4667 908 4765 acceptabilem
944 4667 1096 4744 omnibus
1130 4671 1280 4768 patribus
1315 4675 1379 4768 piis
1410 4683 1445 4746 et
1476 4674 1586 4765 justis,

219 4790 276 4880 qui
301 4784 414 4881 placiti
439 4784 573 4858 luerunt
598 4808 715 4859 coram
739 4794 774 4857 te
799 4788 835 4859 in
864 4789 1182 4861 commemoratione
1207 4793 1359 4885 corporis
1385 4798 1419 4861 et
1444 4792 1586 4884 saugm-

218 4903 270 4974 nis
298 4901 423 4976 Christi
447 4906 506 4994 tui,
532 4902 621 4998 quod
647 4900 813 4975 oderimus
839 4899 898 4974 tibi
923 4923 1024 4999 super
1050 4903 1156 4977 altare
1181 4915 1269 4978 tuum
1296 4926 1412 5002 purum
1439 4915 1474 4980 et
1499 4927 1586 4980 san-

218 5028 325 5108 ctum,
364 5021 451 5090 sicut
489 5018 630 5092 docuisti
667 5040 748 5092 nos:
791 5027 825 5090 et
861 5029 994 5116 praesta
1032 5019 1131 5095 nobis
1175 5021 1440 5119 tranquillitatem
1483 5031 1585 5114 tuam,

99 5165 102 5172 ·
218 5132 371 5207 omnibus
398 5132 514 5209 diebus
541 5135 668 5211 sacculi
693 5134 799 5230 hujus.
