4525 6034
570 567 839 646 SANCTI
892 570 1257 647 GREGORll.
1548 576 1594 648 31

322 758 511 829 Diaconos.
564 756 717 829 Adorate
742 758 852 828 Deum
878 780 952 828 eum
979 760 1098 831 timore
1126 768 1161 830 et
1188 770 1342 832 tremore.

321 873 507 944 Sacerdos.
561 873 612 944 'lu
638 872 782 944 Domine
809 893 898 944 voce
926 883 981 945 tua
1008 871 1082 947 sola
1110 886 1290 967 commuta,
1315 874 1400 948 haec
1422 891 1602 973 quaesunt

221 992 410 1085 proposita3
436 999 472 1060 tu
498 1011 614 1061 coram
640 988 737 1060 nobis
763 990 911 1084 positus,
936 991 1062 1085 pertice
1088 992 1266 1065 nobishoc
1284 996 1499 1067 ministerium
1519 997 1600 1092 ple-

173 1125 178 1132 ’
219 1128 295 1178 uum
320 1107 509 1200 mysteriis:
537 1107 648 1178 insere
675 1108 708 1176 in
734 1104 832 1178 nobis
859 1110 1054 1179 memoriam
1080 1111 1251 1180 nrirdsterii
1279 1114 1324 1182 tui
1351 1114 1474 1183 sancti:
1509 1117 1601 1185 mitte

220 1243 410 1316 supernos
442 1223 584 1314 gratiam
618 1220 761 1316 Spiritus
796 1223 843 1291 tui
877 1226 1004 1314 sancti,
1039 1227 1094 1319 qui
1121 1225 1319 1316 sanctificet,
1356 1238 1391 1299 et
1420 1229 1600 1302 transierat

218 1338 300 1410 haec
340 1337 429 1409 dona
461 1339 635 1432 proposita
668 1339 702 1407 in
736 1358 860 1432 eorpus
896 1348 930 1409 et
965 1344 1163 1433 sanguinem
1196 1340 1312 1415 salutis
1345 1354 1494 1417 nostrae.
1555 1346 1599 1418 Et

217 1454 302 1525 hunc
329 1452 462 1549 quidem
487 1476 624 1548 panem,
650 1451 757 1525 facias
785 1475 908 1549 corpus
936 1463 1026 1527 tuum
1052 1466 1222 1547 sanetum,
1248 1459 1392 1531 Domine
1419 1460 1530 1551 Deus,
1564 1474 1598 1534 et

219 1570 376 1643 Salvator
390 1578 506 1642 noster
531 1569 615 1641 Jesu
643 1567 794 1659 Christe,
822 1569 911 1664 quod
939 1571 1034 1644 datur
1060 1576 1094 1644 in
1120 1577 1355 1647 remissionem
1380 1588 1596 1670 peecatorum

219 1696 251 1758 et
282 1691 385 1758 vitam
420 1695 591 1756 aeternam
626 1683 690 1757 illis
724 1687 780 1778 qui
806 1707 853 1756 ex
879 1685 936 1758 illo
963 1694 1218 1761 communicant.
1271 1690 1315 1762 Et
1341 1714 1477 1784 rursus,
1511 1695 1596 1768 hunc

220 1802 375 1891 calicem,
411 1804 608 1893 sanguinem
641 1804 824 1897 pretiosum
860 1803 1064 1877 Testamenti
1097 1809 1144 1876 tui
1178 1809 1276 1898 novi,
1319 1807 1463 1880 Domine
1493 1810 1599 1899 Deus,

221 1929 251 1990 et
277 1919 437 1989 Salvator
470 1927 587 1990 noster
613 1916 696 1989 lesu
722 1915 872 2009 Christe,
907 1920 1017 1993 datum
1050 1924 1084 1993 iu
1118 1925 1353 1994 remissionem
1385 1936 1598 2019 peccatorum

220 2050 252 2110 et
274 2041 308 2108 in
333 2042 438 2110 vitam
465 2048 636 2109 aeternam
663 2034 980 2108 communicantibus
1008 2059 1054 2108 ex
1081 2058 1135 2110 eo.

317 2153 481 2247 Populus.
535 2154 655 2228 Amen.

318 2269 505 2341 Sacerdos.
556 2271 671 2365 ltaque
704 2291 864 2362 rogamus
901 2279 934 2340 te
968 2266 1099 2342 Christe
1131 2270 1225 2343 Deus
1264 2282 1397 2363 noster,
1436 2274 1595 2344 confirma

218 2385 425 2457 fundamenta
450 2384 646 2459 Ecclesiae:
675 2384 889 2457 concordiam
916 2389 1063 2457 caritatis
1089 2388 1123 2457 in
1150 2388 1247 2460 nobis
1275 2388 1431 2459 radicitus
1466 2393 1595 2461 insere:

218 2511 378 2595 augeatur
403 2503 530 2596 puritas
556 2501 646 2573 fidei:
674 2523 840 2597 praepara
867 2500 966 2574 nobis
992 2504 1083 2573 mam
1110 2512 1237 2574 rectam
1263 2507 1410 2598 pietatis:
1438 2514 1594 2600 pastores

218 2619 414 2721 corrobora:
441 2638 558 2688 eorum
583 2638 709 2711 greges
737 2617 911 2689 confirma:
939 2617 981 2689 da
1008 2639 1120 2690 mores
1150 2629 1243 2690 recte
1260 2624 1467 2716 compositos
1480 2620 1595 2707 Clero,

216 2733 388 2806 blonachis
416 2736 671 2823 continentiam,
702 2732 897 2826 Virginibus
932 2737 1126 2829 puritatem,
1154 2738 1342 2828 conjugatis
1370 2737 1596 2823 concordiam,

216 2849 476 2922 misericordiam
501 2850 566 2921 illis
593 2853 649 2943 qui
676 2851 927 2943 inpoenitentia
944 2861 1037 2940 sunt,
1064 2851 1305 2943 benignitatem
1321 2852 1488 2943 divitibus,
1514 2873 1595 2922 mo-

217 2966 356 3039 destiam
382 2968 423 3037 iis
452 2968 566 3060 quiin
594 2965 754 3057 dignitate
781 2977 871 3057 sunt,
901 2967 1057 3038 auxilium
1085 2968 1304 3063 pauperibus:
1332 2990 1432 3040 senes
1454 2967 1594 3040 robora:

211 3086 352 3174 juvenes
380 3080 492 3154 erudi:
518 3080 669 3153 infideles
697 3093 876 3155 converte:
903 3093 1039 3156 cessent
1069 3084 1110 3156 ab
1128 3083 1284 3156 Ecclesia
1312 3083 1503 3158 schismata:
1527 3085 1594 3156 de-

215 3203 318 3294 prime
349 3197 541 3293 superbiam
575 3197 784 3289 haereseon,
818 3208 853 3269 et
884 3220 947 3271 nos
984 3220 1100 3272 omnes
1137 3200 1180 3272 ad
1212 3198 1428 3273 concordiam
1459 3204 1592 3295 pietatis

216 3316 361 3388 adunare
388 3314 546 3407 digneris.

316 3431 479 3524 Populea.
519 3431 664 3503 Domine
690 3434 862 3503 miserere.

316 3546 506 3617 Diaconos.
549 3546 653 3618 Orate
680 3569 743 3643 pro
771 3569 856 3643 pace
881 3552 989 3639 unius,
1011 3546 1206 3621 Catholicae
1234 3559 1268 3620 et
1293 3546 1513 3644 Apostolicae
1527 3550 1592 3620 Dei

213 3661 399 3735 Ecclesiae.
1706 3762 1710 3767 .

314 3778 496 3849 Sacerdos.
533 3778 704 3850 Memento
738 3777 882 3850 Domine
909 3783 1019 3875 pacis,
1046 3783 1184 3871 unicae,
1211 3791 1369 3871 sanctae,
1397 3781 1591 3854 Catholicae

215 3903 247 3966 et
271 3896 493 3991 Apostolicae
519 3894 697 3969 Ecclesiae
724 3905 814 3987 tuae,
841 3919 927 3992 quae
954 3907 1007 3969 est
1034 3896 1188 3968 alinibus
1215 3920 1321 3992 usque
1346 3898 1389 3969 ad
1413 3898 1497 3971 fines
1514 3910 1590 3971 ter-

213 4033 283 4101 rae,
311 4021 489 4083 eteorum
516 4015 571 4107 qui
597 4021 691 4083 recte
718 4011 911 4107 dispensant
937 4015 971 4083 in
998 4034 1039 4082 ea
1066 4011 1208 4083 verbum
1234 4017 1398 4085 veritatis.
1572 4028 1576 4033 ·

314 4127 503 4198 Diaconos.
552 4126 655 4199 Orate
702 4150 764 4222 pro
810 4127 972 4201 Pontibce
1019 4138 1136 4200 nostro
1186 4128 1278 4224 Papa
1324 4130 1423 4204 Anba
1463 4129 1504 4201 N.
1549 4131 1589 4201 D.

212 4242 478 4338 Archiepiscopo
515 4265 658 4335 magnae
684 4244 777 4316 urbis
810 4244 1059 4335 Alexandriae,
1093 4254 1127 4317 et
1159 4268 1222 4341 pro
1261 4244 1466 4318 Orthodoxis
1497 4244 1588 4340 Epi-

214 4362 336 4454 seopis.
1301 4360 1307 4371 ’

315 4474 500 4545 Sacerdos.
541 4475 743 4549 Praesertim
786 4498 872 4548 vero
907 4476 1122 4549 Patriarchae
1154 4481 1261 4551 nostri
1293 4477 1402 4549 Patris
1435 4499 1589 4550 venera-

212 4589 285 4663 bilis
311 4591 413 4664 Anba
441 4591 482 4663 N.
509 4592 678 4669 etfflatris
703 4597 810 4666 nostri
837 4591 998 4690 Episcopi
1024 4594 1124 4666 Anba
1156 4593 1198 4665 N.
1233 4603 1267 4665 et
1299 4616 1415 4665 eorum
1452 4597 1508 4687 qui
1535 4593 1587 4665 hic

214 4706 341 4799 adsunt,
368 4719 402 4779 et
430 4711 484 4803 qui
506 4712 755 4803 requieverunt,
780 4710 1039 4805 Episcoporum,
1054 4709 1586 4802 Hegumenorum,Sacerdotum,

212 4818 456 4913 Diaeouorum,
492 4824 796 4913 subdiaconorum,
836 4825 1039 4914 Lectorum,
1081 4825 1283 4915 Cantorum,
1323 4824 1587 4916 Exorcistamm,

212 4935 463 5031 blonacborum,
491 4940 678 5034 Virginum,
708 4941 908 5031 viduarum,
938 4940 1195 5031 Continentium,
1211 4938 1473 5038 'Orphanorum,
1499 4943 1587 5014 Lai-

213 5075 338 5147 corum,
365 5066 400 5128 et
428 5061 572 5129 omnium
598 5056 743 5130 fidelium
768 5056 946 5132 Ecclesiae
971 5069 1049 5130 tuae
1076 5068 1222 5131 sanctae.

236 5193 347 5238 temnet
1328 5175 1379 5247 20
