4525 6034
698 583 775 661 432
1204 581 1561 663 Lll'llliGld

699 772 818 847 fidncia
845 782 879 845 et
904 772 1053 862 caritate,
1080 772 1260 846 audeamus
1285 773 1448 845 invocare
1473 780 1507 844 te
1532 771 1665 845 Patrem
1692 780 1853 862 sanctum,
1878 781 1913 845 et
1938 770 2051 864 dicere,

700 889 802 963 Pater
827 899 942 964 noster
968 892 1022 986 qui
1048 910 1087 962 cs
1113 893 1148 963 in
1176 887 1289 961 coelis.

804 1005 966 1101 Populus.
1018 1005 1259 1079 Sanctificetur.

804 1121 989 1194 Sacerdos.
1043 1122 1072 1194 0
1098 1123 1200 1194 Pater
1224 1118 1326 1210 bone,
1353 1131 1387 1194 et
1412 1129 1542 1193 amator
1565 1118 1741 1207 bonorum,
1766 1142 1811 1192 ne
1834 1140 1900 1193 uos
1926 1120 2051 1193 inducas

700 1241 736 1311 in
761 1242 984 1325 tentationem,
1010 1258 1120 1334 neque
1147 1238 1332 1313 dominetur
1363 1240 1397 1309 in
1430 1237 1528 1312 nobis
1560 1236 1627 1309 ulla
1657 1231 1826 1333 iniquitas:
1860 1236 1931 1309 Sed
1957 1235 2053 1309 libera
2205 1231 2206 1272 ³

701 1379 765 1431 nos
798 1355 841 1429 ab
869 1356 1027 1452 operibus
1062 1355 1176 1444 malis3
1210 1356 1496 1450 cogitationesque
1531 1353 1742 1445 indecentes,
1774 1364 1809 1425 et
1840 1355 2054 1441 tentationem,
2205 1379 2206 1404 ÷

703 1495 790 1568 quae
810 1495 857 1544 ex
875 1475 1064 1568 privatione
1086 1474 1286 1545 visitationis
1307 1482 1385 1544 tuae
1407 1473 1564 1559 nascitur,
1583 1470 1723 1567 depelle.
1758 1470 1871 1543 llotus
1893 1472 1993 1542 ctiam
2009 1469 2055 1561 qui
2205 1519 2206 1526 κ

701 1612 721 1660 a
738 1588 846 1677 nobis,
866 1598 900 1660 et
917 1592 950 1660 iu
966 1588 1064 1662 nobis
1083 1591 1278 1674 excitantia,
1305 1596 1340 1659 et
1354 1586 1597 1684 proclivitatem
1618 1609 1704 1684 quae
1719 1609 1783 1661 nos
1796 1584 1839 1657 ad
1861 1583 2054 1682 peccandum

700 1707 799 1801 rapit,
811 1725 945 1794 coerce,
957 1703 1192 1800 perGluistum
1204 1713 1293 1776 tuum
1307 1714 1457 1777 sanctim
1466 1726 1541 1776 cum
1553 1702 1772 1800 quotedecet
1782 1701 2054 1795 gloriacilmuor.

695 1885 700 1896 .
804 1819 964 1914 Populus.
1015 1821 1136 1892 Amen.

805 1935 989 2008 Sacerdos.
1042 1936 1127 2008 Pax.
1233 2003 1234 2010 ,

803 2051 964 2145 Populus.
1016 2050 1162 2125 Etcum
1189 2055 1305 2149 spiritu
1331 2064 1398 2127 tuo.

802 2168 991 2240 Diamque.
1043 2168 1144 2240 Ante.

803 2282 965 2378 Papulas.
1018 2282 1143 2357 Coram
1169 2294 1202 2356 te
1228 2284 1380 2360 Domine.

802 2398 986 2472 Sacerdos.
1040 2399 1124 2473 Cum
1156 2401 1250 2474 coll'm
1287 2404 1441 2497 conponis
1473 2411 1601 2474 mentes
1637 2421 1769 2496 quoque
1800 2410 1937 2475 nostras
1965 2396 2055 2470 incli-
2205 2363 2206 2412 ³

698 2537 828 2608 uarum,
853 2518 1059 2609 majestatem
1087 2515 1217 2613 quidem
1243 2527 1351 2607 mam,
1386 2518 1578 2591 servitutem
1610 2539 1695 2590 vero
1728 2515 1859 2612 qualem
1886 2518 2054 2612 uuicuique

698 2643 848 2707 nostrum
873 2637 1031 2706 convenit
1057 2631 1230 2725 eximere,
1257 2632 1315 2706 tibi
1341 2634 1556 2708 confitentes:
1582 2655 1805 2729 rogamusque
1831 2643 1885 2723 te,
1911 2623 2055 2706 loneet

470 2741 474 2748 '
581 2809 589 2816 .
699 2759 829 2822 amator
854 2746 1031 2839 homiuum,
1056 2760 1093 2822 ut
1117 2752 1280 2847 propitius
1306 2748 1433 2842 iactus,
1459 2774 1479 2822 a
1505 2748 1716 2847 passionibus
1743 2751 1857 2823 noxiis
1882 2769 1947 2822 nos
1973 2745 2055 2819 libe-

698 2887 773 2938 res:
798 2873 907 2938 motus
943 2868 1041 2937 ctiam
1074 2868 1185 2937 caruis
1220 2864 1263 2938 ad
1297 2869 1429 2962 peccati
1455 2887 1601 2938 amorem
1628 2868 1844 2958 instigantes,
1873 2864 2053 2938 obscoenas

697 2983 887 3078 passiones,
914 2978 1050 3054 dissidia
1076 2980 1292 3054 adversarum
1307 2985 1510 3077 passionum,
1537 2984 1647 3055 omnia
1668 2980 1768 3071 bella,
1795 2991 1863 3053 tam
1880 3002 1927 3053 cx
1953 2977 2053 3065 uelis

699 3119 796 3193 mam
822 3098 857 3168 in
881 3096 991 3185 nolis,
1017 3100 1130 3170 varim
1157 3100 1392 3171 sententiarum
1419 3100 1673 3195 opinionumque
1705 3096 1948 3169 haereticarum
1975 3116 2053 3167 con-

699 3215 912 3304 certationes,
938 3211 1128 3285 facilitatem
1155 3212 1424 3309 adloquendum
1450 3213 1587 3303 inutilia,
1616 3212 1852 3286 altercationes
1871 3211 2052 3284 contentio-

699 3351 770 3418 sas,
798 3327 839 3402 ab
867 3327 1019 3403 omanus
1045 3327 1193 3404 moribus
1219 3334 1396 3424 extingue,
1430 3334 1522 3403 etin
1549 3328 1702 3403 omuibus
1726 3327 1909 3401 familiares
1934 3337 1969 3399 et
1994 3324 2052 3398 do-

697 3450 855 3519 mesticos
889 3446 945 3517 iac
975 3467 1038 3519 nos
1073 3445 1134 3518 tibi
1167 3457 1201 3518 et
1231 3468 1292 3543 per
1323 3448 1515 3543 patientiam
1547 3443 1726 3519 voluntatis
1760 3454 1838 3518 tuae
1872 3441 2050 3517 consolare

697 3563 749 3634 lla
775 3562 873 3635 nobis
899 3563 997 3633 etiam
1024 3584 1127 3649 nuuc,
1154 3566 1310 3635 vimutem
1336 3564 1520 3658 sapientiae
1546 3574 1580 3636 et
1606 3560 1763 3634 auxilium
1788 3560 2001 3656 prudentiae,
2024 3564 2051 3628 ut

697 3699 799 3774 supra
826 3699 945 3751 sensus
971 3677 1161 3750 materiales
1187 3676 1442 3766 elevationum,
1468 3700 1577 3774 neque
1599 3675 1821 3773 corruptelae,
1848 3696 1958 3769 neque
1975 3695 2051 3769 pas·

696 3791 845 3868 sionibus
877 3791 1024 3867 obnoxii.
1081 3792 1126 3866 Et
1158 3796 1242 3868 sicut
1272 3794 1337 3868 hoc
1370 3804 1488 3867 namra
1524 3789 1554 3829 ¹¹
1580 3805 1633 3868 cst
1669 3794 1863 3890 mysterium
1896 3789 2051 3883 Unigeniti

697 3912 762 4000 tui,
797 3913 842 3983 ita
877 3932 939 4006 per
971 3909 1050 3982 illud
1081 3913 1299 4006 suscipiamus
1333 3910 1474 4001 donum,
1509 3910 1553 3982 ad
1583 3912 1814 3984 remissionem
1845 3915 2047 4002 peccatorum

697 4034 897 4115 nostrorum,
924 4025 1026 4098 etad
1053 4025 1197 4118 gloriam
1222 4030 1364 4100 nominis
1388 4029 1448 4117 tui,
1474 4037 1509 4099 et
1534 4026 1632 4119 illius,
1659 4037 1693 4100 et
1718 4025 1861 4122 Spiritus
1888 4026 1999 4096 sanci

800 4141 961 4235 Populea.
1015 4142 1134 4214 Amen.

800 4257 984 4330 Sacerdos.
1036 4259 1121 4330 Pax.

800 4373 961 4468 Popclm.
1014 4372 1159 4447 Etcum
1185 4376 1302 4471 spiritu
1328 4384 1394 4449 tuo.

800 4490 984 4564 Sacerdos.
1037 4490 1097 4563 Sit

799 4606 987 4679 Diacomm
1040 4605 1125 4681 Cum
1151 4609 1280 4679 timore.

801 4722 986 4795 Sacerdos.
1038 4722 1164 4796 Sancta
1191 4724 1325 4796 sanctis.

799 4839 962 4934 Populus.
1013 4838 1107 4912 Unus
1133 4839 1235 4911 Pater
1260 4847 1404 4911 sauctus.

799 4955 983 5029 Sacerdos.
1035 4955 1310 5051 Quandoquidem
1334 4956 1573 5051 incorruptioni
1599 4951 1761 5051 spirituali
1793 4951 2040 5028 communicavi·

696 5092 782 5168 mus,
809 5084 843 5146 et
868 5095 930 5170 per
954 5075 1110 5149 virtutem
1136 5075 1267 5146 animae
1292 5070 1475 5146 confirmati
1506 5069 1644 5162 liumus,
1679 5069 1739 5143 tibi
1774 5073 1875 5145 edam
1899 5067 2039 5154 benefice,
