4525 6034
681 586 759 662 498
1071 587 1690 678 obsuuthuiohos

682 771 740 834 oile
761 770 898 852 videtur,
920 791 961 835 ex
983 772 1149 855 archetypo
1172 773 1382 856 explicandum
1411 781 1472 851 est,
1503 783 1533 838 et
1556 775 1594 839 ad
1616 776 1785 858 primariam
1807 774 1932 838 sormam
1953 794 2044 840 revo-

682 870 819 937 candum.

768 971 842 1034 lndc
865 972 1011 1054 sequitur,
1033 972 1189 1035 orationes
1211 973 1326 1055 aliquot
1346 975 1601 1054 praeparatorios,
1625 993 1702 1055 quac
1724 976 1755 1037 in
1777 970 1902 1036 Canone
1923 976 2046 1038 univer-

681 1071 738 1134 sali
760 1072 886 1153 primum
910 1079 1087 1151 occurrunt,
1117 1091 1178 1136 non
1201 1091 1270 1137 csse
1291 1073 1416 1155 proprie
1445 1071 1626 1157 Liturgicas.
1671 1073 1760 1137 Tales
1790 1081 1859 1136 sunt
1881 1072 1950 1136 illae
1972 1093 2045 1156 quae

681 1171 821 1233 dicuntur
842 1188 936 1251 super
956 1189 1030 1233 vasa
1053 1189 1151 1249 sacra,
1175 1179 1328 1253 patenam,
1353 1172 1493 1252 calicem,
1516 1173 1668 1251 cochlear,
1691 1173 1833 1235 arculam.
1877 1172 1951 1236 Cum
1972 1176 2047 1237 enim

683 1268 811 1351 Coptitis
826 1267 988 1332 familiares
1002 1270 1072 1347 sint,
1086 1278 1117 1332 et
1127 1271 1234 1332 iisdem
1249 1289 1347 1353 prope
1366 1271 1469 1335 verbis
1492 1272 1633 1356 legantur
1654 1273 1686 1334 in
1708 1273 1864 1354 plerisque
1885 1271 2046 1350 codicibus,

682 1378 714 1431 et
730 1368 879 1431 iuRituali
892 1368 1040 1431 Gabrielis
1059 1369 1262 1449 Patriarchae,
1293 1372 1373 1434 omui
1394 1372 1535 1435 novitatis
1558 1379 1609 1434 aut
1635 1372 1851 1453 suppositionis
1878 1374 2046 1453 suspicione

682 1476 801 1532 carent:
824 1486 885 1530 non
906 1468 1015 1532 eodem
1037 1478 1136 1532 tamen
1159 1470 1228 1533 loco
1251 1473 1450 1554 assignantur.
1496 1471 1615 1553 Quippe
1634 1480 1704 1534 sunt
1726 1471 1952 1534 benedictiones
1975 1491 2047 1552 pro·

680 1568 782 1648 priae,
806 1586 883 1649 quae
905 1585 965 1631 non
989 1568 1122 1650 quotidie
1144 1569 1223 1632 inter
1245 1588 1401 1632 sacrorum
1424 1571 1585 1650 solemnia,
1609 1571 1663 1634 sed
1687 1571 1781 1634 semel
1805 1579 1991 1651 usurpantur
2012 1573 2047 1636 ad

681 1683 840 1742 vasorum,
870 1675 901 1730 et
931 1676 1173 1731 ornamentorum
1203 1667 1307 1731 altaris
1336 1671 1503 1734 ministerio
1534 1671 1750 1734 destinatorum
1779 1671 2047 1735 consecrationem.

679 1763 800 1828 Illarum
826 1764 970 1828 formulas
1000 1786 1040 1830 ex
1066 1767 1174 1830 eodem
1204 1766 1351 1832 Gabrielis
1378 1770 1569 1834 Patriarchae
1597 1770 1675 1832 libro
1702 1770 1811 1833 Rituali
1838 1770 2047 1833 transtulimus.

647 1878 649 1881 ’
682 1865 809 1928 Videtur
823 1867 924 1947 itaque
947 1867 1067 1929 Petrum
1081 1868 1264 1950 Aethiopem
1285 1877 1316 1931 et
1338 1870 1404 1951 ejus
1427 1870 1539 1949 socios,
1563 1888 1631 1933 cum
1654 1872 1685 1933 in
1696 1868 1811 1933 Codice
1827 1887 1882 1931 suo
1897 1869 2047 1953 liturgico

681 1965 747 2027 illas
769 1967 956 2047 reperirent,
987 1966 1109 2029 easdem
1140 1986 1207 2030 cum
1230 1969 1296 2031 aliis
1319 1970 1506 2032 orationibus
1529 1970 1764 2052 praeparatoriis
1787 1969 1997 2050 conjunxisse5
2019 1978 2049 2032 ut

680 2066 711 2127 in
734 2063 877 2128 similibus
908 2065 1070 2129 Codicibus
1098 2067 1202 2147 plures
1232 2075 1407 2146 occurrunt,
1439 2088 1516 2149 quae
1544 2089 1611 2134 cum
1634 2069 1738 2133 Olllcio
1761 2067 1970 2131 Eucharistico
1993 2086 2048 2130 non

681 2164 856 2227 cohaerent.
901 2164 1081 2228 Existimare
1104 2167 1200 2245 enim,
1222 2166 1389 2249 Aethiopes
1412 2168 1449 2231 ad
1473 2170 1607 2254 singulas
1629 2169 1797 2251 Liturgias,
1822 2168 1937 2246 altare,
1960 2186 2049 2231 orna-

680 2271 792 2340 menta,
813 2270 926 2344 vestes,
950 2283 1023 2327 vasa
1044 2283 1133 2329 sacra
1155 2266 1414 2331 benedictionibus
1437 2269 1590 2333 multoties
1612 2269 1748 2349 repetitis
1762 2285 1975 2346 consecrasse,
1996 2268 2049 2330 ab-

681 2362 888 2427 surdissimum
916 2372 979 2440 est,
1009 2384 1046 2427 ea
1067 2366 1233 2446 praecipue
1256 2368 1392 2444 ratione,
1420 2369 1501 2449 quod
1523 2386 1585 2431 non
1612 2387 1629 2430 a
1658 2366 1840 2448 simplicibus
1863 2365 2049 2447 Presbyteris

410 2484 440 2537 ι,ι
456 2484 593 2540 Nomocan.
611 2462 757 2554 ,typhaea
780 2464 971 2527 consecratio
993 2464 1090 2545 lieret,
1113 2465 1170 2528 sed
1192 2465 1229 2528 ab
1251 2465 1423 2548 Episcopis.
1469 2468 1641 2531 Paucissimi
1662 2473 1761 2529 autem
1777 2484 1795 2527 a
1809 2465 1910 2527 multis
1924 2465 2049 2527 saeculis

376 2570 423 2624 tls.
441 2574 495 2639 spe.
682 2564 714 2625 in
736 2562 897 2646 Aethiopia
924 2564 1069 2645 Episcopi
1091 2573 1175 2640 sunt,
1205 2572 1236 2628 et
1264 2565 1403 2648 Gregorii
1432 2566 1620 2648 Abuliaragii
1649 2573 1763 2643 aetate,
1793 2564 1910 2627 scilicet
1939 2562 2048 2625 dedmo

682 2665 773 2726 tertio
796 2662 931 2742 saeculo,
955 2682 1031 2727 unus
1053 2672 1167 2727 tautum
1190 2673 1266 2745 erat,
1290 2673 1320 2728 et
1341 2667 1368 2728 is
1389 2666 1589 2747 Metropolim,
1612 2684 1669 2728 sen
1690 2673 1723 2727 ut
1744 2665 1838 2747 vulgo
1861 2663 1972 2726 dicitur
1987 2662 2049 2723 Po-

682 2764 835 2839 triorcbo,
864 2764 948 2844 cujus
971 2764 1118 2827 ordinatio
1142 2765 1173 2826 in
1194 2764 1339 2847 Aegypto
1360 2764 1427 2828 fieri
1454 2765 1593 2831 debebat.
1639 2765 1724 2828 Unde
1745 2782 1839 2845 saepe
1862 2762 1980 2844 absque
1999 2780 2048 2825 sa-

681 2861 855 2925 cerdotibus
877 2861 933 2925 iuit
953 2863 1093 2925 Ecclesia
1119 2863 1317 2945 Aethiopica,
1349 2865 1430 2947 quod
1456 2866 1560 2948 plures
1582 2866 1752 2948 Episcopus
1773 2863 1889 2926 nollent
1912 2863 2048 2927 ordinare

679 2960 878 3024 Alexandrini
906 2962 1112 3042 Patriarchae,
1142 2981 1181 3026 ne
1209 2964 1246 3026 ab
1272 2963 1390 3027 illorum
1413 2966 1560 3047 obsequio
1582 2965 1771 3029 recederent.
1816 2962 1955 3026 llideuda
1977 2980 2049 3042 quae

682 3062 760 3125 dicta
783 3068 852 3124 sunt
875 3064 905 3124 in
927 3061 1060 3124 llistoria
1081 3063 1284 3128 Patriarcbali.

769 3161 930 3224 Orationes
952 3163 1045 3245 igitur
1066 3164 1145 3225 istae
1167 3180 1261 3244 super
1282 3172 1432 3245 patenam,
1455 3164 1591 3243 calicem,
1614 3173 1645 3227 et
1667 3162 1807 3226 cochlear
1828 3179 1889 3225 non
1902 3162 2049 3245 pertinent

683 3261 721 3324 ad
744 3262 950 3343 quotidianum
971 3260 1128 3343 liturgiae
1151 3261 1299 3325 Officium:
1329 3271 1461 3345 atquae
1485 3272 1627 3328 annotata
1648 3272 1718 3327 sunt
1741 3262 1778 3325 ad
1801 3264 1977 3326 eorumdem
1997 3279 2049 3324 va·

681 3379 785 3424 sorum
806 3378 961 3423 sacrorum
983 3360 1210 3424 benedictiones
1232 3361 1302 3425 Ritu
1319 3362 1540 3442 Alexandrino,
1563 3366 1627 3427 istis
1651 3364 1842 3440 conveniunt,
1865 3368 2048 3444 quapropter

681 3460 732 3523 illa
754 3469 897 3543 repetere
918 3479 1047 3523 necesse
1068 3478 1129 3523 non
1152 3469 1209 3525 est.
1253 3461 1427 3525 Benedictio
1451 3470 1550 3526 autern
1572 3463 1708 3538 armatae,
1731 3461 1894 3543 singularis
1921 3468 1967 3524 est
1987 3460 2047 3522 Ao-

681 3560 833 3642 thiopicae
862 3560 1036 3639 Ecclesiae,
1067 3568 1098 3622 et
1124 3560 1203 3623 illam
1230 3560 1437 3625 Alexandrina
1465 3579 1525 3625 non
1559 3562 1665 3626 habet:
1696 3581 1795 3645 neque
1824 3564 1899 3625 satis
1929 3559 2047 3639 intelligi
2099 3560 2101 3567 ⁴

683 3666 785 3740 potest
807 3660 878 3740 quid
900 3677 961 3722 vox
983 3659 1162 3742 Aethiopica
1184 3661 1343 3744 significet.
1370 3660 1564 3725 Benedicitur
1586 3661 1705 3743 quidem
1728 3661 1807 3743 apud
1829 3660 2045 3724 Alexandrinos

683 3759 808 3835 Tobado,
829 3758 895 3822 sive
918 3747 1128 3836 ἅπιμίνσιον,
1152 3767 1184 3821 ut
1204 3760 1312 3824 Graeci
1334 3769 1454 3841 vocant,
1478 3764 1544 3825 siue
1566 3781 1626 3844 qua
1647 3761 1804 3825 celebrare
1814 3761 2044 3845 Liturgiamnon

681 3858 762 3921 licet.
805 3859 948 3922 Fortasse
975 3862 1069 3943 igitur
1088 3858 1204 3922 Arcam
1223 3869 1425 3940 vocaverunt,
1456 3869 1507 3924 aut
1529 3862 1665 3924 arcumen
1686 3869 1719 3923 ut
1739 3860 1838 3924 Latini
1860 3863 2044 3941 interpretes

683 3976 739 4021 vas
761 3959 856 4040 majus
878 3958 1014 4040 aliquod,
1043 3978 1104 4040 quo
1127 3958 1229 4022 discim
1252 3968 1284 4022 et
1306 3960 1385 4023 calix
1410 3962 1651 4024 continerentur:
1682 3960 1778 4042 qualis
1801 3968 1849 4023 est
1870 3963 1961 4024 etiam
1982 3973 2045 4019 arca

685 4077 763 4140 quac
785 4065 912 4120 vocatur
935 4058 1065 4135 Tobout,
1094 4058 1160 4122 sive
1181 4058 1278 4138 Arca,
1308 4059 1346 4121 de
1375 4074 1434 4141 qua
1462 4079 1502 4122 ex
1523 4060 1683 4124 traditione
1703 4058 1887 4141 Aethiopum
1909 4061 1966 4123 erit
1985 4055 2046 4120 alibi

685 4158 805 4221 dicendi
824 4158 921 4223 locus.

1171 4422 1206 4493 2.
1247 4421 1367 4493 Oratio
1394 4422 1568 4494 illationis.

795 4632 832 4710 ln
855 4644 979 4725 proprie
994 4642 1143 4726 significat
1155 4661 1218 4706 vox
1230 4642 1420 4725 Aethiopica,
1445 4662 1522 4725 quae
1544 4643 1722 4727 significatio
1745 4641 1954 4706 caeremoniae
1975 4653 2043 4720 quaa

684 4747 791 4810 eodem
813 4754 950 4829 tempore
975 4747 1155 4810 observatur
1176 4755 1317 4810 accurate
1340 4750 1489 4812 convenit.
1534 4747 1650 4827 Nempe
1673 4754 1744 4809 tunc
1766 4747 1857 4822 dona,
1879 4748 1945 4809 sive
1966 4742 2043 4824 panis

685 4857 716 4910 et
737 4849 838 4909 vinum
862 4866 939 4928 quae
963 4848 1000 4909 ad
1023 4846 1203 4910 sacrificium
1225 4847 1423 4928 destinantur,
1447 4868 1487 4912 ex
1500 4848 1641 4910 Protbcsi
1662 4848 1726 4909 sive
1750 4855 1782 4909 ut
1803 4845 1936 4908 Rituales
1958 4840 2042 4904 nosbi

683 4946 823 5011 hodierni
838 4948 1001 5028 loquuntur
1013 4946 1183 5025 credentia,
1208 4945 1245 5009 ad
1268 4946 1361 5010 altare
1383 4946 1561 5024 inferuntur,
1584 4964 1621 5009 co
1644 4965 1704 5028 quo
1727 4945 1941 5027 exphcavimus
1954 4939 2042 5015 modo,

395 5024 426 5080 P.
446 5025 507 5079 ¹⁶⁸·
525 5034 549 5079 θ’
568 5043 620 5096 ⁸⁶4·
686 5048 718 5109 in
741 5047 963 5111 Commentario
986 5046 1024 5109 ad
1046 5045 1211 5129 Liturgiam
1232 5044 1343 5111 basilii.
1388 5048 1452 5110 lllic
1465 5047 1659 5113 observatum
1669 5046 1735 5127 init,
1756 5046 1856 5108 Ritum
1877 5063 1945 5108 eum
1965 5055 2043 5136 quem
