4525 6034
379 2132 482 2187 butoris
498 2134 586 2188 verba.

383 3673 540 3742 Aegyptiuca
554 3673 610 3724 sire
620 3670 673 3723 Co-

365 3762 531 3828 pticacumin
547 3775 595 3810 usu
613 3759 674 3810 olim

286 3840 292 3849 '
365 3847 451 3910 luerit,
461 3846 545 3899 lictitia
555 3863 673 3900 essenon

364 3941 456 4001 potest

683 542 793 615 CXVI
1169 541 1561 619 nissuntlrto

681 735 841 828 inscripta
876 729 981 803 literis
1013 731 1191 822 incognitis
1227 737 1420 802 occurrunt:
1446 728 1630 804 Hetruscas
1664 733 1898 828 inscriptiones
1929 736 2050 809 multas

681 858 887 922 conservant
913 845 1067 943 sepulcra
1092 844 1298 919 nobilissima
1324 850 1359 917 in
1386 868 1470 938 agro
1496 846 1660 920 Perusino
1675 870 1783 945 propa
1810 861 1958 922 sanctum
1976 852 2053 923 So-

682 965 845 1055 sibenen,
871 974 908 1035 ut
932 965 1082 1066 insignes
1108 960 1242 1035 tabulae
1267 961 1484 1055 Eugubinae,
1519 974 1713 1058 statuaeque
1746 987 1886 1056 aeneae,
1913 966 2054 1058 elegans

681 1105 747 1154 una
773 1085 807 1153 in
834 1083 961 1177 primis,
988 1081 1021 1149 in
1049 1076 1281 1152 Cimoliarcbio
1308 1079 1423 1171 Magni
1448 1078 1553 1152 Ducis
1584 1078 1752 1153 Etruriae:
1783 1081 1909 1153 Punica
1937 1086 2054 1155 numi-

683 1208 789 1270 smata
815 1196 915 1269 multa
936 1207 1058 1269 norunt
1071 1196 1278 1293 Antiquarii:
1305 1195 1524 1293 Palmyrenes
1546 1199 1779 1294 inscriptiones
1801 1198 1904 1272 literis
1929 1203 2056 1293 ignotis

686 1325 846 1387 exaratas
872 1313 1125 1410 publicaverunt
1151 1314 1318 1402 Britanm3
1345 1312 1419 1386 illas
1446 1324 1575 1405 mmenq
1600 1312 1680 1385 licet
1705 1315 1877 1408 adjunctas
1905 1315 2057 1390 Graecas

684 1431 767 1503 alias
800 1428 965 1521 babeant2
1000 1452 1081 1524 quas
1118 1430 1268 1522 ejusdem
1307 1428 1557 1522 significationis
1590 1452 1668 1502 csse
1702 1432 1927 1505 verisimiliter
1962 1434 2057 1504 credi

683 1557 807 1645 potest,
833 1545 941 1619 nullus
968 1545 1159 1641 explicavit.
1187 1545 1368 1618 Pertendat
1393 1545 1512 1641 aliquis
1539 1546 1615 1619 licta
1642 1569 1720 1619 esse
1747 1546 1968 1640 haecomnia,
1993 1550 2057 1621 la-

683 1665 776 1737 cilius
802 1663 1004 1759 probaturus
1030 1662 1108 1735 illud
1135 1684 1229 1735 suum
1256 1662 1463 1758 paradoxum
1497 1665 1577 1754 erit,
1604 1685 1702 1757 quam
1727 1664 1815 1737 istud
1846 1666 1984 1761 probari
2010 1666 2054 1737 de

682 1777 819 1871 linguae
854 1779 1018 1876 Copticae
1052 1783 1201 1851 novitate
1232 1788 1354 1875 potest
1406 1778 1526 1851 Nullos
1563 1782 1651 1851 enim
1688 1779 1751 1854 illis
1786 1779 1907 1873 lingua
1947 1781 2053 1855 libros

683 1895 864 1985 babemus;
890 1899 954 1968 ista
981 1893 1177 1990 permultos,
1212 1918 1351 1990 quorum
1378 1898 1538 1967 autoritas
1572 1918 1647 1967 curu
1667 1917 1837 1968 sacrorum
1859 1900 1947 1990 jure,
1973 1922 2055 1970 ma-

682 2015 848 2106 ximisque
873 2009 1091 2104 religionibus
1118 2014 1294 2103 conjuncta
1320 2021 1381 2085 est

786 2127 856 2200 Sed
888 2130 1013 2199 autoris
1048 2125 1155 2200 verba
1187 2131 1261 2222 ipsa
1288 2147 1512 2224 apponemus,
1546 2149 1591 2198 ne
1631 2128 1707 2224 quid
1741 2127 1826 2201 illius
1868 2134 2055 2203 annariae

686 2242 827 2316 affictrnn
861 2242 1026 2316 videatur.
1079 2242 1367 2315 Conddaaadnm
1400 2247 1503 2314 etiarn
1534 2243 1694 2337 amplians,
1729 2268 1775 2315 an
1806 2245 1951 2338 Coptica
1976 2251 2055 2340 ipsa

684 2359 802 2455 tinqna
828 2380 916 2452 qnae
941 2381 1006 2429 nec
1031 2362 1068 2429 in
1093 2382 1156 2430 asa
1181 2363 1311 2453 uspiam
1337 2366 1507 2431 terrarum
1533 2366 1593 2446 est,
1621 2359 1666 2430 ab
1693 2362 1792 2432 annis
1817 2361 1934 2433 saitem
1954 2370 1991 2432 at
2018 2366 2056 2432 in

684 2480 841 2570 confesso
877 2482 944 2565 est,
977 2475 1118 2568 amptius
1154 2478 1359 2571 quingentis,
1395 2498 1459 2546 nec
1493 2478 1527 2544 in
1564 2475 1672 2547 tibris
1687 2477 1819 2569 quidem
1845 2480 1962 2549 eaislit
1986 2480 2057 2548 nisi

683 2591 949 2679 recentioribus,
984 2599 1019 2662 ct
1048 2592 1225 2662 admodum
1257 2591 1382 2662 dubiae
1420 2596 1612 2678 ostentatis,
1654 2616 1698 2663 ac
1732 2595 1837 2686 foede
1872 2598 2054 2687 corruptis,

686 2708 804 2803 quates
837 2714 914 2779 sunt
946 2699 1249 2801 interpretationes
1282 2711 1409 2781 ceteris
1442 2712 1587 2802 novique
1617 2709 1820 2781 Testamenti
1851 2714 1887 2780 in
1921 2710 2056 2806 tinqrras

681 2827 903 2920 percqrinaa9
944 2831 979 2895 et
1010 2823 1114 2894 babet
1142 2831 1331 2917 praetcrea
1362 2846 1465 2897 noces
1492 2824 1676 2918 pterosque
1703 2847 1817 2898 omncs
1842 2849 1888 2897 ea
1916 2829 2054 2899 Graeco

683 2941 912 3034 Hebraeoqne
939 2940 1121 3012 deductus:
1150 2940 1412 3028 deliberandam,
1439 2945 1586 3035 inquam,
1613 2965 1659 3012 an
1688 2945 1774 3035 ficta
1806 2946 1842 3013 in
1867 2947 1938 3014 otio
1965 2966 2055 3015 cen-

684 3055 793 3130 senda
818 3060 872 3128 sit.
898 3057 989 3127 Nara
1014 3060 1253 3151 Aeqqptiacoe
1277 3061 1404 3128 ceteris
1429 3058 1565 3152 linquae
1590 3057 1708 3130 cattan
1737 3034 1853 3151 panca
1879 3062 2061 3157 quaedam,¹

689 3195 797 3268 eaque
830 3176 1020 3244 certissimo
1051 3180 1190 3244 manent
1219 3178 1365 3268 oestiqta
1396 3176 1434 3244 in
1466 3173 1650 3245 Hebraicis
1687 3179 1814 3247 ceteris
1852 3177 2057 3248 Testamenti

683 3291 797 3376 tibris,
830 3292 867 3359 in
893 3289 1012 3383 quibas
1039 3295 1074 3360 et
1102 3289 1247 3382 dosepbi
1271 3290 1505 3361 Patriarcbae
1531 3312 1725 3387 coqnonsen,
1753 3299 1789 3363 et
1813 3294 1943 3388 Reqam
1968 3289 2057 3360 sab-

685 3407 765 3477 inde
802 3409 954 3493 nomina,
994 3413 1029 3476 et
1061 3410 1200 3477 nomina
1240 3406 1385 3501 deniqne
1431 3410 1590 3479 maman
1630 3411 1666 3478 in
1706 3408 1795 3479 tttro
1841 3409 1877 3481 2.
1913 3409 2056 3501 chnan

687 3496 911 3617 Aegyptiaca‘
929 3528 1013 3592 sunt.

790 3637 828 3710 Si
855 3637 951 3710 fictae
978 3642 1011 3710 in
1038 3641 1106 3710 otio
1135 3638 1325 3711 censendae
1351 3650 1426 3711 sunt
1459 3641 1605 3732 linguae,
1633 3663 1720 3735 quae
1751 3661 1913 3735 nusquam
1940 3650 2056 3710 terra-

685 3779 756 3826 rum
788 3758 821 3826 in
853 3776 916 3826 usu
952 3765 1038 3845 sunt
1071 3754 1311 3850 periclitabitur
1344 3755 1463 3827 Latina
1493 3755 1618 3848 lingua,
1653 3779 1739 3851 quae
1771 3778 1791 3825 a
1824 3755 1932 3827 multis
1967 3778 2054 3828 sae-

688 3869 769 3944 culis
797 3872 830 3941 in
856 3870 938 3944 solis
965 3870 1069 3961 libris,
1103 3882 1137 3942 et
1169 3875 1202 3941 in
1235 3869 1460 3943 celebratione
1487 3894 1658 3944 sacrorum
1693 3882 1929 3944 conservatur:
1955 3873 2054 3964 peri-

689 3984 853 4058 clitabitur
885 3986 1071 4081 Hebraico,
1099 4009 1186 4081 quac
1220 4011 1239 4058 a
1276 3987 1477 4083 Captivitate
1519 4011 1627 4084 usque
1664 3986 1873 4083 Babylonica
1905 3985 2056 4079 vulgaris

689 4125 766 4175 esse
794 4101 902 4191 desiit,
929 4124 992 4174 nec
1019 4112 1116 4175 extra
1143 4124 1264 4198 preces
1291 4113 1325 4175 ct
1346 4126 1442 4176 sacra
1464 4104 1669 4177 Judaeorum
1694 4102 1812 4193 officia,
1838 4124 1934 4176 usum
1955 4102 2057 4176 ullum

687 4218 803 4291 habet:
830 4221 874 4290 ita
901 4241 1035 4315 quoque
1061 4218 1218 4315 Syriaca,
1243 4216 1456 4316 Aethiopica,
1482 4220 1663 4293 Armenios
1690 4220 1808 4315 quibus
1834 4219 1908 4292 libri
1926 4218 2054 4291 Eccle-

690 4336 815 4409 siastici
851 4339 966 4431 scripti
992 4345 1087 4425 sunt,
1120 4358 1196 4431 cum
1231 4335 1351 4407 dudum
1385 4334 1427 4408 ab
1461 4359 1524 4409 usu
1549 4337 1683 4429 vulgari
1716 4346 1866 4409 remotae
1901 4336 1985 4421 sint,
2020 4336 2055 4404 in

690 4451 842 4523 camdem
875 4451 1017 4525 classem
1051 4453 1254 4545 redigentur.
1308 4448 1481 4548 Copticam
1517 4463 1628 4525 tamen
1659 4455 1693 4523 in
1732 4475 1796 4525 usu
1833 4451 1938 4522 brisso
1970 4451 2056 4519 inter

689 4568 892 4663 Aegyptios,
919 4591 1047 4661 negare
1076 4592 1175 4641 nemo
1202 4579 1329 4664 potcst3
1355 4591 1430 4640 cum
1457 4567 1623 4641 vocabula
1649 4591 1756 4665 prope
1789 4570 1900 4640 omnia
1926 4565 2055 4660 Aegy-

689 4687 809 4780 ptiace,
839 4706 977 4779 morum
1004 4687 1038 4756 in
1061 4683 1154 4757 libris
1180 4689 1340 4757 memoria
1367 4695 1430 4776 est,
1457 4689 1489 4757 in
1517 4686 1636 4758 eadem
1660 4688 1876 4779 reperiantur.
1928 4681 2056 4753 Dentur

693 4799 811 4872 saltem
838 4800 946 4897 aliqua
973 4801 1015 4874 de
1042 4800 1177 4898 quibus,
1205 4804 1283 4897 quin
1308 4802 1522 4898 Aegyptiaca
1549 4805 1631 4891 sint,
1665 4800 1822 4874 dubitari·
1839 4821 1906 4871 non
1937 4801 2056 4893 possit,

691 4917 729 4985 in
757 4914 822 4987 alia
848 4915 960 5009 lingua
986 4940 1055 4990 non
1081 4898 1307 5015 reperientur:
1341 4941 1451 5014 neque
1485 4916 1642 4991 diversae
1676 4916 1809 4989 alterius
1836 4919 1974 5008 originis
1999 4917 2057 4985 in-

694 5028 812 5102 dicium
841 5033 972 5129 aliquod
1006 5035 1193 5131 producere
1228 5039 1401 5132 quisquam
1435 5045 1555 5132 potest.
1607 5033 1722 5108 Voces
1755 5034 1830 5106 dico
1869 5055 1953 5105 vere
1978 5032 2058 5103 Ae-
