4525 6034
717 577 793 652 518
1222 575 1584 653 LITURGlll

713 765 825 858 gandii
854 766 938 837 illius
966 763 1135 858 generalis
1163 762 1262 853 iecit,
1295 785 1471 858 genusque
1503 763 1667 838 rationale
1693 769 1894 837 terrestrium
1916 791 1934 838 a
1956 773 2045 841 seni-

696 893 782 954 ·tnte
810 886 926 956 mortis
960 891 994 952 et
1027 893 1186 969 satanae,
1222 878 1360 952 brachio
1394 902 1457 953 sno
1490 879 1570 952 lorti
1600 881 1726 955 liberos
1760 884 1923 977 praestitit.
1966 883 2046 959 Filios

714 1008 790 1071 tuos
827 1010 860 1071 et
895 998 1015 1071 iratres
1052 1020 1132 1070 suos
1168 999 1307 1071 vocavit
1342 1017 1405 1068 nos
1441 1017 1558 1069 omnes
1592 1008 1626 1069 et
1661 996 1821 1070 adscivit:
1855 1002 1976 1094 ipseque
2001 1024 2046 1096 per

714 1119 873 1211 seipsum,
901 1113 1036 1187 calcans
1062 1113 1160 1187 nohis
1188 1117 1277 1185 viam
1304 1112 1346 1184 ad
1373 1115 1475 1184 uitam
1503 1134 1627 1186 novam
1654 1122 1689 1186 et
1714 1113 1940 1204 immortalem,
1963 1115 2047 1189 docuit

713 1253 777 1303 nos
804 1240 839 1301 nt
865 1253 986 1327 preces
1014 1241 1048 1302 et
1075 1230 1330 1325 deprecationes
1370 1227 1566 1302 offerremus
1599 1232 1763 1323 majestati
1798 1241 1872 1302 tuae
1902 1230 2047 1323 gloriosae,

713 1370 775 1443 pro
802 1346 909 1419 salute
936 1355 1061 1419 nostra.
1112 1345 1344 1442 Deprecamur
1369 1348 1471 1438 igitur
1496 1353 1530 1417 te
1550 1344 1694 1418 Domine
1721 1348 1920 1434 misericors,
1942 1359 2047 1442 pmcsta

713 1462 812 1536 nobis
839 1461 991 1536 omnihus
1019 1466 1127 1535 servis
1156 1473 1190 1535 et
1217 1461 1450 1534 adoratoribus
1477 1464 1557 1550 tuis,
1591 1471 1627 1533 ut
1659 1485 1733 1534 cum
1762 1466 1955 1535 conscientia
1977 1487 2049 1559 porr,

714 1579 819 1653 corde
845 1583 987 1652 contrito
1015 1591 1049 1651 et
1074 1578 1255 1667 humiliato,
1281 1575 1446 1672 labiisque
1472 1577 1660 1673 impollutis,
1687 1588 1721 1649 et
1744 1600 1819 1650 cnm
1841 1577 1950 1649 liducia
1967 1578 2048 1673 qualis

714 1696 801 1768 lilios
829 1695 936 1782 decet,
964 1718 1098 1769 oremus
1126 1706 1160 1767 et
1186 1694 1352 1766 dicamus:
1380 1693 1482 1764 Pater
1508 1703 1625 1766 noster
1651 1698 1706 1789 qui
1733 1718 1772 1766 es
1799 1697 1835 1765 in
1860 1694 1963 1767 coelis.

819 1812 980 1904 Populus.
1033 1810 1274 1884 Sanctificetur.

818 1927 1003 2000 Sacerdos.
1059 1926 1337 2023 Quandoquidem
1364 1924 1486 2018 dignos
1512 1925 1620 1998 iecisti
1647 1949 1710 1999 nos
1736 1949 1860 2000 servos
1886 1936 1970 2015 tuos,
1991 1945 2051 1997 reos

714 2066 823 2138 neque
851 2048 1006 2131 meritos,
1039 2054 1075 2116 ut
1100 2044 1157 2116 filii
1184 2046 1229 2116 tui
1257 2064 1427 2131 essemus,
1454 2053 1489 2113 et
1513 2064 1636 2114 nomeu
1662 2042 1847 2135 gloriosum
1880 2045 2051 2138 paternitate

715 2173 793 2234 tnae
820 2160 982 2236 excelsae
1009 2183 1111 2256 super
1137 2163 1454 2245 nosinvocaretur,
1480 2160 1572 2230 mitte
1593 2181 1730 2250 regnum
1753 2170 1845 2232 tunm
1863 2160 1905 2230 ad
1926 2156 2051 2230 anxiim

712 2287 861 2349 nostrum
889 2286 922 2349 et
950 2274 991 2349 ab
1019 2276 1172 2352 omnihus
1198 2275 1326 2348 insidiis
1353 2277 1492 2364 inimici,
1526 2285 1561 2348 et
1592 2275 1889 2348 machinationibus
1919 2275 2052 2347 hominm

715 2394 976 2481 sceleratorum,
1004 2404 1039 2464 et
1065 2391 1320 2488 implacabilium
1347 2413 1515 2466 conserva
1542 2414 1621 2464 nos:
1648 2395 1928 2488 impugnationem
1952 2410 2055 2485 quoque

712 2512 929 2582 tentationum
958 2507 1212 2582 intolerabilium
1240 2508 1379 2603 prohibe
1407 2520 1441 2581 et
1468 2507 1598 2603 depelle
1626 2531 1645 2579 a
1672 2508 1787 2581 nobis:
1816 2531 1923 2603 neque
1939 2509 2054 2603 permit-

713 2637 765 2697 tas
791 2634 942 2697 naturam
971 2634 1119 2698 nostram
1147 2622 1312 2697 imbellem
1340 2623 1573 2698 afflictionibus
1600 2624 1851 2698 contumeliosis
1877 2648 1946 2696 cum
1969 2621 2053 2693 insul-

713 2745 840 2813 tatione
867 2743 959 2814 affici.
1009 2744 1116 2814 Parce
1144 2753 1178 2814 et
1204 2741 1327 2813 dimitte
1354 2764 1415 2837 per
1438 2741 1645 2814 clementiam
1672 2752 1760 2812 tuam
1788 2762 1907 2814 omnes
1931 2759 2053 2836 praem·

713 2861 892 2930 ricatioues
921 2867 1053 2931 nostras
1081 2857 1259 2945 humanas,
1293 2861 1368 2952 qnia
1399 2861 1506 2930 virtus
1543 2868 1597 2930 tua
1630 2867 1740 2953 potest
1768 2860 1900 2942 omnia,
1931 2866 1961 2927 et
1986 2864 2053 2925 nm

713 2984 765 3045 est
791 2976 976 3068 imperium,
1003 2982 1037 3044 et
1063 2971 1282 3061 excellentia3
1312 2973 1437 3068 tibique
1463 2974 1604 3066 gloriam
1632 2985 1666 3045 et
1691 2973 1823 3045 laudem
1851 2972 2015 3045 referimus.

818 3088 979 3181 Populos.
1031 3091 1153 3162 Amen.

816 3206 1005 3276 Diaconos.
1057 3207 1157 3278 Ante.

816 3320 1000 3393 Sacerdos.
1055 3321 1180 3393 Coram
1208 3331 1241 3392 te
1275 3323 1367 3394 Deus
1395 3325 1559 3408 Deorum,
1596 3334 1630 3394 et
1655 3321 1800 3394 Domine
1835 3320 2056 3393 dominantium:

713 3461 810 3532 quem
838 3436 987 3507 exaltant
1014 3435 1148 3508 ordines
1176 3436 1362 3525 coelestes,
1396 3438 1638 3509 inclinaverunt
1671 3460 1759 3517 rmnc
1794 3442 1891 3510 servi
1922 3441 1963 3508 tui
1989 3432 2056 3505 colla

712 3553 891 3624 animarum
920 3574 1165 3648 corporumque
1196 3575 1350 3642 suorum,
1383 3577 1457 3626 cum
1491 3558 1610 3625 mentis
1635 3552 1837 3643 humilitate,
1870 3550 2057 3626 obsecrante

712 3690 825 3739 coram
853 3669 963 3741 limine
990 3671 1291 3744 commiserationis
1317 3682 1404 3743 tuae.
1451 3668 1606 3742 Extende
1633 3669 1810 3743 dexteram
1836 3682 1924 3743 tuam
1952 3666 2057 3762 planen

712 3786 981 3859 miserationibus
1008 3786 1172 3874 Domine,
1211 3797 1246 3859 et
1277 3784 1419 3859 benedic
1455 3785 1774 3879 congregationibus
1809 3783 2003 3858 adorantium
2024 3789 2057 3856 te

710 3921 821 3994 neque
848 3903 982 3992 rejicias
1009 3904 1187 3998 petitiones
1215 3901 1462 3999 deprecantium
1489 3914 1531 3974 te.
1585 3901 1726 3974 Edunde
1758 3923 1864 3996 snper
1889 3921 1948 3972 eos
1970 3897 2057 3970 hene-

622 4001 627 4016 ’
711 4015 873 4087 dictiones
900 4028 991 4089 tuas:
1019 4016 1225 4091 abundantes
1252 4017 1306 4091 iae
1333 4042 1395 4093 eos
1423 4019 1518 4090 donis
1545 4021 1624 4091 tuis:
1652 4017 1774 4090 divites
1801 4038 1865 4090 eos
1891 4014 1943 4088 inc
1960 4032 2056 4084 mnne-

709 4131 802 4202 ribns
831 4136 909 4204 tuis:
943 4133 1120 4230 multiplica
1149 4156 1232 4227 erga
1260 4157 1322 4208 eos
1350 4133 1474 4206 auxilia
1502 4145 1579 4224 tna3
1612 4133 1772 4207 confirma
1807 4156 1872 4206 cos
1896 4124 2057 4204 virtudem

710 4247 983 4320 observationem
1011 4248 1239 4352 mandatorum
1274 4261 1420 4323 tuorum:
1438 4249 1581 4345 ,per-fiee
1612 4249 1689 4323 illos
1722 4271 1784 4347 per
1821 4249 2057 4323 communionem

710 4353 855 4435 divinam
884 4375 1168 4437 sacramentomm
1194 4377 1343 4454 tuorum,
1377 4366 1519 4439 laetifica
1546 4389 1608 4440 eos
1634 4369 1811 4461 promissis
1839 4369 1921 4453 tuis,
1951 4373 1982 4432 nt
2009 4379 2057 4429 nos

710 4501 828 4552 omnes
856 4476 1000 4552 abstersi
1027 4503 1046 4552 a
1074 4479 1230 4554 sordibus
1257 4484 1404 4578 peccati,
1434 4486 1511 4578 puri
1544 4495 1578 4555 et
1613 4487 1675 4555 rite
1708 4486 1904 4579 praeparati
1927 4480 2057 4551 muenia·

708 4618 782 4667 mnr
818 4594 859 4665 ed
895 4601 1142 4694 susceptionem
1182 4601 1336 4694 corporis
1378 4603 1597 4696 propitiatorii
1641 4609 1674 4672 et
1716 4600 1893 4691 sanguinis
1931 4593 2058 4669 salutaris

710 4711 833 4786 Christi
859 4715 918 4799 tui,
945 4713 1076 4807 sintque
1103 4711 1200 4787 nobis
1227 4714 1270 4787 ad
1297 4714 1575 4805 emundationem,
1602 4726 1637 4787 et
1662 4737 1730 4788 non
1757 4714 1800 4786 ad
1829 4715 2056 4790 accusabamur

710 4827 752 4899 ad
779 4830 1069 4923 propitiationem,
1095 4852 1162 4902 non
1191 4830 1232 4903 ad
1259 4831 1588 4904 condemnationem:
1626 4831 1669 4904 ad
1703 4831 1859 4904 fiduciam
1892 4828 2057 4903 familiarem

710 4965 825 5015 coram
856 4944 942 5017 solio
970 4954 1026 5016 tuo
1053 4946 1219 5035 timendo,
1245 4946 1324 5019 nulli
1351 4947 1540 5021 conbrsioni
1565 4946 1763 5038 obnoxiam,
1791 4958 1860 5020 etc.
1942 4945 1949 4952 ’

812 5058 971 5153 Populos.
1023 5060 1143 5133 Amen.

1533 5203 1547 5238 N
