4525 6034
640 548 1138 631 obscuratio·
1495 550 1567 626 133

213 743 248 806 sit
266 738 418 804 successio
434 738 672 801 Patriarcharum
685 737 952 815 Antiochenorum,
975 736 1067 800 mullo
1090 735 1186 816 magis
1210 734 1445 810 catholicorum,
1469 735 1511 798 de
1530 752 1568 796 co

212 840 275 904 nihil
300 838 387 901 uobis
415 837 572 900 dicendum
601 838 747 919 suppetit,
777 837 835 898 nisi
864 854 920 917 per
948 838 1161 917 conjecturam.
1206 831 1295 896 Extat
1325 834 1355 895 in
1385 833 1568 897 Bibliotheca

210 941 297 1024 liegia
309 937 414 1001 Codex
427 936 587 1014 Arabicus,
609 955 668 1018 quo
684 937 875 999 continentur
896 953 1052 998 sermones
1068 934 1165 997 Ethici
1180 931 1324 996 Simeonis
1347 933 1496 1010 Monachi,
1518 932 1568 996 lilii

208 1037 305 1114 lihalil,
327 1038 518 1118 scriptusque
539 1044 660 1100 notatur
678 1054 756 1100 anno
778 1034 964 1098 Graecorum
978 1032 1232 1099 mmcccxcvtt.
1252 1032 1279 1095 J.
1299 1033 1333 1097 C.
1350 1033 1567 1097 uutxxxtv.

208 1157 268 1200 cum
289 1143 372 1199 esset
388 1144 457 1198 tunc
474 1136 644 1199 Patriarcha
658 1135 875 1213 Antiochenus,
899 1135 964 1197 blar
983 1135 1126 1216 lgnatius,
1150 1135 1329 1215 cognomine
1347 1135 1453 1198 llaoud
1469 1135 1567 1198 Chah:

206 1237 327 1300 llolrian
348 1239 414 1299 sive
438 1234 611 1299 Catbolicus
634 1235 766 1298 Orientis
779 1231 844 1298 blar
859 1234 996 1312 basilius,
1020 1235 1203 1316 cognomine
1226 1233 1352 1297 Filatus:
1375 1236 1568 1317 Metropolita

207 1334 405 1413 Hiemsalem,
438 1335 603 1419 Gregorius
633 1335 861 1416 cognominatus
890 1333 1028 1398 Karkari.
1080 1331 1108 1395 ls
1140 1335 1232 1414 igitur
1261 1334 1401 1415 quoniam
1432 1341 1568 1414 tempora

207 1437 399 1510 conveniunt,
428 1436 526 1516 potuit
554 1453 593 1497 ex
623 1434 815 1516 Metropolim
843 1433 1116 1515 hierosolymitano
1152 1432 1189 1494 ad
1220 1431 1367 1496 Catholici
1395 1434 1568 1517 dignitatem

207 1536 388 1617 promoveri,
411 1554 488 1617 quae
510 1534 650 1614 superior
672 1535 770 1596 estin
792 1533 931 1596 Ecclesia
952 1531 1118 1595 Jacobitica
1129 1530 1269 1614 Syriaca:
1292 1533 1324 1595 in
1347 1552 1404 1614 qun
1428 1535 1567 1610 maximo,

205 1651 260 1695 nou
288 1634 387 1696 minus
414 1652 502 1715 quam
524 1633 602 1714 apud
625 1631 778 1712 Graecos,
800 1640 937 1696 veterum
966 1632 1120 1696 Canonum
1149 1639 1323 1708 contemtu,
1357 1632 1567 1695 translationes

204 1731 420 1813 Episcoporum
443 1752 461 1795 a
482 1732 582 1795 multis
603 1732 732 1795 saeculis
755 1731 1013 1813 frequentissimae
1037 1740 1115 1796 sunt.

286 1829 388 1894 Causa
411 1850 489 1913 quae
512 1840 647 1894 autorem
668 1833 770 1911 movit,
793 1840 826 1894 ut
846 1832 952 1896 iacobi
973 1831 1138 1915 liturgiam
1160 1832 1191 1894 in
1213 1832 1422 1913 compendium
1444 1840 1569 1895 contra-

205 1930 297 2009 heret,
322 1933 451 1994 servatis
474 1930 659 1994 orationibus
680 1933 872 2010 necessariis,
896 1932 971 1994 baec
994 1933 1180 2013 potisshnum
1202 1931 1295 1994 luisse
1317 1930 1444 1994 videtur.
1468 1933 1568 1993 Variis

204 2030 422 2093 Ecclesiastieis
445 2028 713 2114 Constitutionibus
736 2039 795 2093 tam
817 2030 896 2112 apud
919 2030 1026 2112 Syros,
1056 2049 1143 2111 quam
1166 2031 1245 2112 apud
1268 2029 1491 2094 Alexandrinos
1513 2031 1568 2092 Ja-

204 2131 318 2193 cobitas
351 2129 548 2210 praecipitur,
591 2138 623 2192 ut
659 2131 688 2191 in
718 2132 912 2193 sacramentis
947 2130 1185 2193 administrandis
1212 2131 1348 2212 Liturgia
1379 2129 1566 2194 celebretur:

204 2249 301 2312 neque
324 2228 417 2292 ullum
439 2246 537 2310 prope
559 2237 607 2291 est
629 2229 709 2310 quod
731 2231 844 2311 absque
865 2229 1000 2311 Liturgia
1024 2230 1083 2293 liat.
1118 2228 1192 2292 Cum
1214 2247 1289 2292 vero
1312 2230 1361 2292 illa
1384 2230 1443 2291 ritu
1456 2229 1568 2293 Orien·

203 2329 252 2392 tali
273 2332 349 2393 sutis
372 2329 489 2411 prolixa
512 2331 564 2407 sit,
594 2329 624 2390 in
648 2329 798 2410 baptismo
822 2331 1018 2412 praesertim,
1049 2331 1099 2411 qui
1122 2330 1294 2412 aegrotanti
1317 2337 1367 2392 aut
1389 2332 1566 2395 moribundo
1665 2319 1670 2330 ’

202 2430 304 2492 insumi
328 2428 598 2506 administraretur,
629 2429 768 2492 accidere
796 2436 933 2512 poterat,
966 2437 999 2491 ut
1026 2430 1203 2511 priusquam
1232 2448 1337 2493 omnes
1361 2431 1513 2493 orationes
1536 2439 1568 2494 et

202 2529 411 2593 caeremoniae
441 2527 674 2610 perficerentur,
705 2537 873 2591 moreretur
901 2529 1107 2610 baptisandus.
1165 2528 1197 2591 ln
1224 2548 1263 2593 eo
1286 2529 1422 2611 periculo
1444 2533 1567 2612 praeci-

200 2631 280 2711 pilur
292 2628 507 2693 Sacerdotibus
529 2635 562 2689 ut
584 2645 693 2708 preces
716 2629 822 2692 multas
846 2629 991 2707 omittant,
1015 2630 1204 2691 necessarias
1227 2637 1339 2691 tantum
1361 2631 1568 2712 pronuncient.

202 2728 295 2791 Tanta
319 2745 413 2808 porro
436 2735 483 2790 est
505 2726 681 2809 plerumque
704 2728 899 2793 Sacerdolum
921 2728 1116 2792 Orientalium
1144 2729 1309 2810 imperitia,
1340 2738 1373 2792 ut
1401 2732 1430 2792 iu
1454 2732 1570 2793 oratio·

200 2846 268 2891 num
291 2828 413 2892 delectu
435 2827 498 2891 lulli
519 2829 655 2911 graviter
677 2830 793 2910 possint
800 2850 809 2905 3
840 2848 897 2892 nec
924 2829 1021 2891 minor
1042 2829 1203 2892 multorum
1225 2831 1390 2896 temeritas.
1435 2829 1569 2892 Vidimus

201 2931 278 2992 enim
293 2919 434 2994 'Codices
456 2927 568 3008 aliquot
589 2926 778 3010 Liturgicos,
809 2927 846 2990 ab
878 2929 951 3009 ipsis
982 2928 1171 3009 descriptos,
1201 2928 1232 2990 iu
1262 2929 1370 3011 quibus
1394 2929 1570 2992 addiderant

201 3037 231 3093 et
251 3031 439 3093 sustulerant
461 3027 563 3089 multa:
589 3034 619 3089 et
640 3027 730 3090 talem
752 3029 1014 3090 consarcinaverat
1037 3027 1186 3091 Sacerdos
1208 3028 1326 3110 quidam
1343 3027 1569 3110 Mesopotame-

199 3148 255 3192 nos
277 3126 470 3205 Ahdelahad,
498 3127 563 3189 sive
591 3126 781 3206 Dominicus‚
810 3129 861 3208 qui
883 3128 1018 3190 Lutetiae
1047 3127 1097 3190 diu
1125 3129 1200 3190 vixit
1222 3136 1253 3190 et
1275 3129 1354 3191 diem
1376 3147 1462 3191 suurn
1484 3129 1568 3192 ohiit.

199 3227 272 3292 lllud
296 3248 373 3292 vero
397 3225 566 3306 exemplar,
597 3226 677 3308 quod
699 3226 938 3289 Eminenlissimo
961 3225 1110 3290 Cardinali
1131 3226 1372 3308 Archiepiscopo
1396 3227 1566 3304 Parisiensi,

200 3336 341 3411 tanquam
368 3327 493 3390 sormam
521 3326 674 3410 Litmgiae
704 3325 864 3389 Orientalis
893 3325 1015 3403 obtulit,
1046 3344 1145 3407 neque
1174 3344 1241 3387 cum
1271 3327 1344 3389 ltlss.
1373 3345 1471 3408 neque
1501 3343 1568 3388 cum

198 3425 334 3492 Romana
347 3428 478 3492 editione
491 3426 707 3489 consentiebat.
738 3425 857 3488 blernini
871 3444 991 3507 quoque
1006 3425 1101 3487 Eliam
1116 3424 1353 3509 Bngdadensem
1377 3444 1467 3508 quem
1478 3427 1568 3488 toties

197 3526 346 3592 Ricardus
369 3528 471 3590 Simon
495 3527 664 3607 loquentem
687 3525 810 3604 inducit,
833 3543 900 3588 cum
923 3526 1086 3608 liturgiam
1109 3524 1279 3589 celebraret
1302 3545 1342 3589 ex
1364 3526 1477 3588 blissali
1499 3527 1568 3588 lla-

198 3630 349 3706 ronitico,
372 3627 428 3689 tria
450 3625 499 3687 vel
522 3632 652 3706 quatuor
672 3624 743 3688 lolia
766 3627 974 3707 praeteriisse:
1004 3624 1261 3705 respondisseque
1283 3625 1369 3704 mihi,
1392 3624 1566 3702 fecisseid,

198 3746 237 3790 ne
267 3726 426 3810 prolixitas
456 3727 624 3787 orationum
651 3724 752 3787 taedio
780 3732 863 3788 esset
894 3724 1163 3788 circumstantibus.
1208 3725 1334 3787 Videtur
1363 3724 1463 3806 itaque
1487 3724 1569 3787 Gre-

197 3827 306 3911 gorius
330 3826 409 3888 edita
431 3823 563 3886 breviori
584 3824 728 3905 Liturgia,
752 3831 782 3886 et
803 3824 968 3904 imperitiae
990 3832 1020 3887 et
1044 3824 1201 3886 temeritati
1224 3824 1420 3888 Sacerdotum
1443 3823 1570 3887 consul·

199 3935 262 3989 tum
286 3925 435 3988 uoluisse:
459 3922 606 3985 laudando
628 3941 701 3986 sane
725 3923 862 3987 consilio.

290 4024 363 4089 Cum
386 4042 460 4088 vero
482 4023 533 4085 illa
555 4025 707 4086 contineat
729 4041 838 4105 preces
860 4031 892 4085 et
920 4023 1127 4085 caeremonias
1158 4040 1262 4085 omnes
1286 4025 1498 4101 necessarias,
1529 4043 1570 4086 ex

196 4125 256 4189 riri
280 4127 332 4207 qui
353 4124 514 4188 secundum
529 4125 560 4186 iu
573 4123 989 4187 PatriarchatuJacohitarum
1005 4121 1194 4185 Antiocheno
1218 4121 1392 4206 dignitatem
1415 4123 1569 4186 obtinebat

197 4226 366 4300 sententia,
397 4224 485 4306 quale
507 4224 544 4286 de
566 4222 701 4305 partibus
723 4222 876 4306 Litargiae
895 4222 1038 4305 judicium
1060 4222 1140 4283 illius
1163 4221 1252 4303 soret,
1276 4223 1345 4287 binc
1367 4223 1437 4286 licet
1461 4223 1569 4285 existi-

198 4343 294 4387 mare.
339 4324 442 4406 ltaque
471 4323 565 4387 verba
594 4321 704 4386 Christi
734 4321 975 4399 sacramentalia,
1006 4340 1066 4384 non
1097 4322 1193 4385 minus
1224 4341 1312 4403 quam
1335 4324 1568 4398 lnvocationem,

198 4424 375 4486 necessaria
393 4422 553 4505 judicavit,
577 4440 675 4503 neque
699 4440 736 4485 ea
758 4421 937 4503 compendio
961 4420 1096 4499 tradidit,
1120 4429 1152 4482 ut
1174 4422 1204 4483 in
1227 4423 1402 4502 quibusdam
1424 4422 1567 4504 liturgiis

198 4521 312 4584 sactum
341 4520 493 4602 ridemus,
526 4540 586 4604 quo
618 4541 658 4585 ex
680 4522 752 4583 vitio
773 4521 853 4584 idem
876 4519 1004 4583 Criticus
1026 4507 1150 4603 probari
1173 4521 1313 4603 credidit,
1344 4523 1438 4604 Syros
1461 4522 1568 4585 eodem

198 4640 311 4686 errore
339 4621 494 4700 laborare,
524 4640 614 4704 quem
637 4621 761 4684 Graecis
788 4621 1007 4683 recentioribus
1030 4622 1182 4703 impingit,
1213 4640 1253 4683 ex
1274 4622 1394 4706 vulgari
1416 4624 1567 4704 opinione.

197 4719 389 4805 ,ignoscitur
411 4739 532 4803 quoque
555 4722 625 4803 quid
648 4720 685 4784 de
709 4722 899 4783 invocatione
913 4720 1040 4801 Spiritus
1063 4722 1160 4784 sancti
1181 4721 1321 4799 sentiant,
1345 4741 1411 4785 cum
1434 4731 1567 4785 veterem

198 4821 334 4904 quaein
357 4820 493 4884 omnihus
516 4820 678 4886 Codicibus
707 4821 920 4903 cujuscumque
949 4819 1071 4902 linguae
1100 4820 1149 4883 vel
1179 4821 1254 4884 ritus
1284 4822 1461 4900 lectionem,
1491 4822 1568 4885 haec

197 4919 337 5002 Liturgia
358 4928 580 5001 repraesentet:
604 4920 675 5002 quid
697 4919 785 4983 etiam
806 4919 958 4983 senserint
980 4920 1018 4983 de
1034 4920 1130 4984 verbo
1142 4933 1219 4988 ntur
1234 4921 1315 5003 quod
1328 4931 1376 4984 est
1384 4922 1568 4985 Graecorum

197 5006 373 5104 ἀναδείξῃ,
395 5036 463 5081 cum
484 5020 556 5083 illud
579 5021 785 5103 expresserint
805 5038 863 5102 per
884 5030 964 5096 tulit
984 5019 1097 5100 sociat,
1112 5019 1241 5101 ‚efficiat
1259 5006 1391 5106 ποιήσῃ,
1412 5021 1565 5103 loquendo

1282 5136 1364 5213 20*
