4525 6034
415 631 1374 711 stolonisottttsostont.
1505 637 1577 711 251

213 822 342 910 gratiae
368 831 462 908 tuae,
488 844 595 916 usque
622 820 663 892 ad
690 821 832 912 gloriam
859 820 933 892 solii
952 823 1047 912 regni
1063 823 1120 906 toi,
1148 843 1312 916 puraque,
1341 833 1469 912 sancte,
1495 823 1583 896 iacia

211 936 380 1028 revelata,
408 947 540 1009 etcum
567 936 685 1009 fiducia
710 940 744 1007 in
770 946 805 1007 te
831 946 955 1008 stemus
983 958 1096 1008 coram
1124 946 1174 1021 te,
1209 947 1243 1007 et
1268 938 1493 1030 glorificemus
1527 950 1581 1012 te:

214 1064 312 1147 atque
338 1054 458 1145 linguis
486 1053 691 1125 exultatione
718 1062 751 1124 et
777 1052 900 1144 gaudio
932 1051 1056 1146 plenis,
1090 1056 1273 1125 orationem
1305 1053 1392 1125 illam
1427 1079 1581 1149 magnam

213 1177 248 1240 et
274 1169 486 1256 dominicam,
523 1194 621 1265 mam
653 1172 841 1261 unigenitus
867 1168 970 1241 Filius
1004 1179 1078 1241 tuus
1111 1171 1297 1266 Apostolos
1330 1191 1410 1243 suos
1445 1180 1580 1244 sanctos

212 1284 341 1367 docuit,
368 1290 544 1358 recitemus
572 1296 606 1357 et
632 1285 789 1358 dicamus
842 1284 942 1356 Pater
969 1295 1084 1357 noster
1110 1290 1166 1381 qui
1193 1309 1230 1359 es
1257 1289 1289 1357 in
1316 1287 1431 1359 coelis.

317 1401 477 1495 Populus.
529 1402 777 1489 Sanctificetur,
805 1412 868 1474 etc.

316 1517 499 1589 Sacerdos.
553 1519 695 1590 Domine
722 1521 911 1590 misericors
938 1539 1095 1610 rogamus
1122 1529 1156 1590 te
1191 1529 1225 1590 et
1260 1517 1478 1614 deprecamur
1511 1523 1581 1591 mi-

211 1634 426 1706 sericordiam
454 1645 559 1705 mam:
586 1643 721 1728 praesta
747 1635 844 1707 nobis
882 1632 1032 1707 omnibns
1068 1656 1130 1729 per
1162 1638 1303 1726 gratiam
1330 1647 1437 1723 tuam,
1476 1647 1512 1708 ut
1546 1640 1581 1708 in
1696 1665 1699 1676 ยน

210 1749 309 1822 nobis
350 1751 466 1823 infimis
509 1762 543 1822 ct
575 1754 731 1839 terrenis,
774 1749 996 1824 sanctificetur
1038 1773 1160 1823 nomen
1202 1759 1291 1822 mum
1331 1750 1514 1844 gloriosum
1547 1760 1581 1821 ct

211 1876 375 1939 sanctum:
403 1877 437 1938 et
462 1872 577 1939 veniat
601 1890 740 1961 reguum
777 1879 885 1957 tuum,
925 1867 967 1938 ad
1003 1867 1160 1940 auxilium
1193 1867 1385 1939 infirmitatis
1420 1875 1579 1952 nostrae3

210 1986 463 2078 requiescatque
489 1985 642 2056 voluntas
668 1994 722 2056 tua
751 1995 784 2055 et
809 1995 1003 2078 permaneat
1028 1987 1061 2055 in
1089 1983 1261 2056 animabus
1288 1986 1427 2068 nostris,
1456 2005 1578 2077 quem-

211 2098 387 2172 admodum
426 2103 459 2171 in
495 2098 699 2173 exercitibus
732 2105 855 2173 sanctis
891 2109 924 2171 et
958 2099 1170 2173 coelestibus.
1223 2099 1345 2172 Libera
1381 2102 1481 2172 otiam
1515 2119 1578 2169 uos

209 2214 372 2304 Domine,
412 2216 454 2289 ab
489 2215 639 2289 omnibus
674 2217 908 2289 tentationibus
942 2215 1172 2308 gravioribus,
1200 2240 1286 2312 quae
1319 2220 1412 2288 vires
1444 2221 1578 2286 nostras

210 2343 380 2426 superent:
415 2342 448 2403 et
474 2336 567 2428 cripe
595 2333 791 2405 adoratores
825 2344 900 2405 tuos
934 2331 975 2404 ab
1010 2331 1160 2404 omnibns
1193 2332 1415 2406 molitionibus
1449 2341 1483 2403 et
1518 2333 1577 2401 in-

210 2447 302 2520 sidiis
329 2452 527 2544 perniciosis
554 2448 692 2521 diaboli:
721 2452 795 2544 quia
822 2459 912 2520 tuum
939 2458 991 2521 est
1015 2471 1175 2542 regnum,
1204 2460 1237 2521 et
1262 2459 1411 2543 potestas
1439 2459 1472 2520 et
1497 2448 1575 2519 lau-

209 2562 315 2652 datio,
342 2566 502 2660 simulque
529 2568 687 2658 unigeniti
712 2564 787 2637 Filii
813 2569 876 2654 tui,
904 2576 937 2637 et
964 2568 1096 2662 spiritus
1123 2569 1169 2638 tui
1197 2568 1403 2640 sanctissimi.

313 2667 473 2775 Populus.
525 2682 645 2754 Amen.

306 2795 498 2868 Sacerdos.
553 2798 637 2869 Pax.

313 2912 472 3006 Populos.
499 2912 641 2985 Etcum
669 2917 783 3010 spiritu
811 2925 878 2985 tuo.

312 3029 499 3102 Diaconos.
553 3032 696 3102 Domino
724 3034 832 3126 capita
859 3040 973 3103 nostra
1000 3028 1205 3102 inclinemus.

316 3146 475 3240 Populus.
529 3146 652 3220 Coram
680 3158 722 3219 te.

310 3263 492 3337 Sacerdos.
545 3263 687 3335 Domine
713 3263 806 3335 Dens
838 3264 926 3336 bono
960 3273 994 3335 et
1027 3275 1156 3335 amator
1187 3263 1370 3351 hominnm,
1410 3267 1572 3361 propitius

207 3390 241 3452 et
267 3380 386 3452 multae
413 3379 676 3469 misericordiae,
705 3385 836 3475 respice
862 3379 937 3452 illos
964 3402 1081 3452 omnes
1109 3384 1163 3474 qni
1197 3380 1437 3453 inclinavemnt
1463 3384 1572 3477 capita

206 3520 268 3570 sua
301 3518 413 3568 coram
440 3498 613 3586 majestate
644 3506 717 3584 tua,
745 3506 779 3566 et
808 3494 1015 3568 benediciis
1049 3495 1282 3568 benedictione
1313 3505 1367 3568 tua
1400 3496 1570 3592 spirituali,

206 3623 241 3684 et
281 3610 486 3685 inauferibili.
545 3611 663 3707 Neque
704 3612 848 3707 repellas
884 3635 947 3685 nos
982 3612 1143 3702 Domine,
1183 3623 1264 3684 cnm'
1294 3612 1481 3686 accedimus
1527 3614 1569 3685 ad

205 3740 322 3802 sancta
349 3742 404 3802 tna
431 3728 542 3800 divina
569 3740 603 3800 et
632 3727 843 3800 immortalia:
879 3751 988 3824 neque
1020 3731 1120 3802 simus
1154 3733 1202 3801 rei
1236 3732 1386 3825 corporis
1419 3740 1452 3802 et
1485 3752 1570 3802 san-

204 3848 314 3937 guinis
340 3848 498 3936 unigeniti
523 3844 598 3917 Filii
625 3847 669 3917 tui
694 3865 757 3938 per
782 3848 1003 3937 cogitationes
1031 3845 1167 3918 odiosas
1195 3845 1343 3918 cordium
1361 3857 1569 3937 nostromm3

204 3960 265 4032 sed
292 3984 366 4032 cum
392 3964 545 4057 puritate,
571 3970 606 4032 et
631 3960 757 4055 absque
777 3960 903 4033 macula
924 3959 1043 4054 dignos
1070 3961 1122 4033 iac
1149 3961 1409 4034 communicandi
1435 3971 1569 4059 myste-

203 4080 263 4150 riis
290 4080 353 4148 tuis
380 4081 521 4166 sanctis,
547 4075 766 4166 coelestibus,
793 4075 935 4149 vivificis
968 4088 1002 4148 et
1034 4076 1250 4152 terribilibus:
1284 4091 1382 4174 atque
1415 4101 1476 4173 per
1513 4079 1568 4151 illa
1619 4086 1624 4095 '

203 4216 370 4266 consecra
399 4199 524 4266 animas
550 4203 683 4265 nostras
711 4203 744 4264 et
771 4215 914 4289 corpora
943 4198 1116 4266 nostruin
1144 4192 1361 4268 babitaculum
1389 4181 1570 4266 divinitatis

201 4322 297 4402 tuae,
325 4322 358 4383 et
383 4311 568 4383 referemus
595 4309 653 4381 tibi
679 4310 831 4402 gloriam.

306 4426 467 4520 Populus.
518 4428 637 4499 Amen.

307 4542 491 4614 Sacerdos.
518 4543 601 4614 Pax.

308 4657 467 4751 Populos.
520 4658 663 4731 Etcum
689 4662 804 4754 spiritu
831 4668 896 4731 tuo.

307 4775 490 4847 Sacerdos.
543 4775 814 4849 Miscericordiae
840 4777 914 4848 Dei.

306 4891 466 4985 Populos.
492 4890 537 4962 lu
562 4916 636 4965 cum
663 4894 776 4987 spiritu
803 4903 869 4964 tuo.

306 5009 492 5081 Diaconos.
547 5009 630 5084 Cum
663 5011 790 5081 timore.

239 5148 326 5192 tonus
337 5146 361 5191 ll.
