<?xml version="1.0" encoding="UTF-8"?>
<!DOCTYPE html PUBLIC "-//W3C//DTD XHTML 1.0 Transitional//EN"
    "http://www.w3.org/TR/xhtml1/DTD/xhtml1-transitional.dtd">
<html xmlns="http://www.w3.org/1999/xhtml" xml:lang="en" lang="en">
 <head>
  <title>
</title>
<meta http-equiv="Content-Type" content="text/html;charset=utf-8" />
  <meta name='ocr-system' content='tesseract 3.04.00' />
  <meta name='ocr-capabilities' content='ocr_page ocr_carea ocr_par ocr_line ocrx_word'/>
</head>
<body>
  <div class='ocr_page' id='page_1' title='image "./liturgiarumorie00unkngoog/liturgiarumorie00unkngoog_0794.png"; bbox 0 0 4525 6034; ppageno 0'>
   <div class='ocr_carea' id='block_1_1' title="bbox 665 556 1652 636">
    <p class='ocr_par' dir='ltr' id='par_1_1' title="bbox 665 556 1652 636">
     <span class='ocr_line' id='line_1_1' title="bbox 665 556 1652 636; baseline 0.001 -3"><span class='ocrx_word' id='word_1_1' title='bbox 665 558 715 635; x_wconf 81' lang='lat'><strong>78</strong></span> <span class='ocrx_word' id='word_1_2' title='bbox 1034 556 1652 636; x_wconf 81' lang='lat' dir='ltr'><strong>OBSERVthOllES</strong></span> 
     </span>
    </p>
   </div>
   <div class='ocr_carea' id='block_1_2' title="bbox 662 741 2033 1210">
    <p class='ocr_par' dir='ltr' id='par_1_2' title="bbox 662 741 2033 1210">
     <span class='ocr_line' id='line_1_2' title="bbox 662 741 2033 825; baseline -0.001 -18"><span class='ocrx_word' id='word_1_3' title='bbox 662 746 764 807; x_wconf 76' lang='lat' dir='ltr'><strong>nostri</strong></span> <span class='ocrx_word' id='word_1_4' title='bbox 782 743 856 806; x_wconf 80' lang='lat' dir='ltr'><strong>dean</strong></span> <span class='ocrx_word' id='word_1_5' title='bbox 879 742 1003 819; x_wconf 74' lang='lat' dir='ltr'><strong>Christi,</strong></span> <span class='ocrx_word' id='word_1_6' title='bbox 1026 762 1104 824; x_wconf 88' lang='lat' dir='ltr'><strong>quae</strong></span> <span class='ocrx_word' id='word_1_7' title='bbox 1134 741 1385 825; x_wconf 87' lang='lat' dir='ltr'><strong>reprehendenda</strong></span> <span class='ocrx_word' id='word_1_8' title='bbox 1411 760 1471 806; x_wconf 93' lang='lat' dir='ltr'><strong>non</strong></span> <span class='ocrx_word' id='word_1_9' title='bbox 1500 742 1655 806; x_wconf 85' lang='lat' dir='ltr'><strong>videntur:</strong></span> <span class='ocrx_word' id='word_1_10' title='bbox 1685 749 1843 823; x_wconf 86' lang='lat' dir='ltr'><strong>praestare</strong></span> <span class='ocrx_word' id='word_1_11' title='bbox 1871 751 1971 806; x_wconf 86' lang='lat' dir='ltr'><strong>tamen</strong></span> <span class='ocrx_word' id='word_1_12' title='bbox 1997 749 2033 805; x_wconf 92' lang='lat' dir='ltr'><strong>nt</strong></span> 
     </span>
     <span class='ocr_line' id='line_1_3' title="bbox 663 841 2031 926; baseline 0.001 -22"><span class='ocrx_word' id='word_1_13' title='bbox 663 846 785 926; x_wconf 90' lang='lat' dir='ltr'><strong>antiqua</strong></span> <span class='ocrx_word' id='word_1_14' title='bbox 807 843 898 907; x_wconf 91' lang='lat' dir='ltr'><strong>lectio</strong></span> <span class='ocrx_word' id='word_1_15' title='bbox 921 843 1112 919; x_wconf 82' lang='lat' dir='ltr'>observetur,</span> <span class='ocrx_word' id='word_1_16' title='bbox 1136 843 1253 924; x_wconf 90' lang='lat' dir='ltr'><strong>qualem</strong></span> <span class='ocrx_word' id='word_1_17' title='bbox 1281 860 1347 904; x_wconf 89' lang='lat' dir='ltr'><strong>eam</strong></span> <span class='ocrx_word' id='word_1_18' title='bbox 1376 843 1520 906; x_wconf 82' lang='lat' dir='ltr'><strong>exhibent</strong></span> <span class='ocrx_word' id='word_1_19' title='bbox 1546 842 1678 906; x_wconf 88' lang='lat' dir='ltr'><strong>lacobus</strong></span> <span class='ocrx_word' id='word_1_20' title='bbox 1706 841 1899 921; x_wconf 83' lang='lat' dir='ltr'><strong>Edessenus,</strong></span> <span class='ocrx_word' id='word_1_21' title='bbox 1927 843 2031 906; x_wconf 84' lang='lat' dir='ltr'><strong>lloses</strong></span> 
     </span>
     <span class='ocr_line' id='line_1_4' title="bbox 663 941 2032 1024; baseline -0.002 -18"><span class='ocrx_word' id='word_1_22' title='bbox 663 943 856 1020; x_wconf 87' lang='lat' dir='ltr'><strong>hlosulensis,</strong></span> <span class='ocrx_word' id='word_1_23' title='bbox 878 950 909 1006; x_wconf 87' lang='lat' dir='ltr'><strong>et</strong></span> <span class='ocrx_word' id='word_1_24' title='bbox 930 944 1031 1024; x_wconf 89' lang='lat' dir='ltr'><strong>optimi</strong></span> <span class='ocrx_word' id='word_1_25' title='bbox 1054 942 1185 1006; x_wconf 83' lang='lat' dir='ltr'><strong>codices·</strong></span> <span class='ocrx_word' id='word_1_26' title='bbox 1228 942 1332 1005; x_wconf 82' lang='lat' dir='ltr'><strong>Monet</strong></span> <span class='ocrx_word' id='word_1_27' title='bbox 1361 941 1439 1006; x_wconf 88' lang='lat' dir='ltr'><strong>idem</strong></span> <span class='ocrx_word' id='word_1_28' title='bbox 1460 942 1608 1006; x_wconf 89' lang='lat' dir='ltr'><strong>Barsalibi</strong></span> <span class='ocrx_word' id='word_1_29' title='bbox 1636 941 1830 1007; x_wconf 87' lang='lat' dir='ltr'><strong>Sacerdotem</strong></span> <span class='ocrx_word' id='word_1_30' title='bbox 1860 961 1928 1006; x_wconf 88' lang='lat' dir='ltr'><strong>cum</strong></span> <span class='ocrx_word' id='word_1_31' title='bbox 1956 941 2032 1004; x_wconf 91' lang='lat' dir='ltr'><strong>hanc</strong></span> 
     </span>
     <span class='ocr_line' id='line_1_5' title="bbox 663 1041 2033 1126; baseline -0.002 -20"><span class='ocrx_word' id='word_1_32' title='bbox 663 1043 905 1106; x_wconf 80' lang='lat' dir='ltr'><strong>benedictionem</strong></span> <span class='ocrx_word' id='word_1_33' title='bbox 927 1044 1117 1125; x_wconf 90' lang='lat' dir='ltr'><strong>pronunciat,</strong></span> <span class='ocrx_word' id='word_1_34' title='bbox 1141 1042 1285 1123; x_wconf 90' lang='lat' dir='ltr'><strong>populum</strong></span> <span class='ocrx_word' id='word_1_35' title='bbox 1308 1050 1356 1105; x_wconf 90' lang='lat' dir='ltr'><strong>ter</strong></span> <span class='ocrx_word' id='word_1_36' title='bbox 1385 1060 1477 1106; x_wconf 90' lang='lat' dir='ltr'><strong>cruce</strong></span> <span class='ocrx_word' id='word_1_37' title='bbox 1499 1044 1641 1126; x_wconf 88' lang='lat' dir='ltr'><strong>signare,</strong></span> <span class='ocrx_word' id='word_1_38' title='bbox 1667 1041 1747 1123; x_wconf 91' lang='lat' dir='ltr'><strong>quod</strong></span> <span class='ocrx_word' id='word_1_39' title='bbox 1770 1043 1800 1103; x_wconf 86' lang='lat' dir='ltr'><strong>in</strong></span> <span class='ocrx_word' id='word_1_40' title='bbox 1823 1041 1890 1103; x_wconf 81' lang='lat' dir='ltr'><strong>aliis</strong></span> <span class='ocrx_word' id='word_1_41' title='bbox 1913 1058 2033 1122; x_wconf 89' lang='lat' dir='ltr'><strong>qnoque</strong></span> 
     </span>
     <span class='ocr_line' id='line_1_6' title="bbox 664 1142 2032 1210; baseline 0.001 -3"><span class='ocrx_word' id='word_1_42' title='bbox 664 1142 810 1207; x_wconf 89' lang='lat' dir='ltr'><strong>Ecclesiis</strong></span> <span class='ocrx_word' id='word_1_43' title='bbox 834 1143 1025 1210; x_wconf 85' lang='lat' dir='ltr'><strong>observatur.</strong></span> <span class='ocrx_word' id='word_1_44' title='bbox 2030 1166 2032 1171; x_wconf 68' lang='grc'>’</span> 
     </span>
    </p>
   </div>
   <div class='ocr_carea' id='block_1_3' title="bbox 379 1404 1540 1492">
    <p class='ocr_par' dir='ltr' id='par_1_3' title="bbox 379 1404 1540 1492">
     <span class='ocr_line' id='line_1_7' title="bbox 379 1404 1540 1492; baseline 0.003 -18"><span class='ocrx_word' id='word_1_45' title='bbox 379 1422 414 1476; x_wconf 82' lang='grc' dir='ltr'><strong>ιι.</strong></span> <span class='ocrx_word' id='word_1_46' title='bbox 427 1422 445 1474; x_wconf 88' lang='grc' dir='ltr'><strong>ι.</strong></span> <span class='ocrx_word' id='word_1_47' title='bbox 462 1423 506 1478; x_wconf 79' lang='lat' dir='ltr'><strong>oc.</strong></span> <span class='ocrx_word' id='word_1_48' title='bbox 1155 1404 1297 1477; x_wconf 77' lang='lat' dir='ltr'><strong>Sursum</strong></span> <span class='ocrx_word' id='word_1_49' title='bbox 1323 1406 1448 1492; x_wconf 85' lang='lat' dir='ltr'><strong>cordo,</strong></span> <span class='ocrx_word' id='word_1_50' title='bbox 1476 1412 1540 1477; x_wconf 86' lang='lat' dir='ltr'><strong>etc.</strong></span> 
     </span>
    </p>
   </div>
   <div class='ocr_carea' id='block_1_4' title="bbox 378 1614 2032 2607">
    <p class='ocr_par' dir='ltr' id='par_1_4' title="bbox 378 1614 2032 2607">
     <span class='ocr_line' id='line_1_8' title="bbox 378 1614 2032 1700; baseline 0 -18"><span class='ocrx_word' id='word_1_51' title='bbox 378 1629 482 1685; x_wconf 78' lang='lat' dir='ltr'><strong>Sanam</strong></span> <span class='ocrx_word' id='word_1_52' title='bbox 499 1616 613 1685; x_wconf 56' lang='lat' dir='ltr'><strong>cordas</strong></span> <span class='ocrx_word' id='word_1_53' title='bbox 776 1614 850 1692; x_wconf 77' lang='lat' dir='ltr'><strong>lsra</strong></span> <span class='ocrx_word' id='word_1_54' title='bbox 879 1621 1006 1685; x_wconf 86' lang='lat' dir='ltr'><strong>lonnula</strong></span> <span class='ocrx_word' id='word_1_55' title='bbox 1030 1623 1166 1685; x_wconf 90' lang='lat' dir='ltr'><strong>omnibus</strong></span> <span class='ocrx_word' id='word_1_56' title='bbox 1195 1630 1260 1686; x_wconf 92' lang='lat' dir='ltr'><strong>toto</strong></span> <span class='ocrx_word' id='word_1_57' title='bbox 1288 1623 1364 1686; x_wconf 87' lang='lat' dir='ltr'><strong>orbe</strong></span> <span class='ocrx_word' id='word_1_58' title='bbox 1392 1622 1538 1686; x_wconf 87' lang='lat' dir='ltr'><strong>Ecclesiis</strong></span> <span class='ocrx_word' id='word_1_59' title='bbox 1567 1621 1731 1686; x_wconf 88' lang='lat' dir='ltr'><strong>eommunis</strong></span> <span class='ocrx_word' id='word_1_60' title='bbox 1761 1627 1824 1699; x_wconf 87' lang='lat' dir='ltr'><strong>est,</strong></span> <span class='ocrx_word' id='word_1_61' title='bbox 1855 1627 1887 1682; x_wconf 91' lang='lat' dir='ltr'><strong>et</strong></span> <span class='ocrx_word' id='word_1_62' title='bbox 1913 1636 2032 1700; x_wconf 86' lang='lat' dir='ltr'><strong>semper</strong></span> 
     </span>
     <span class='ocr_line' id='line_1_9' title="bbox 664 1718 2030 1809; baseline -0.006 -17"><span class='ocrx_word' id='word_1_63' title='bbox 664 1728 729 1809; x_wconf 85' lang='lat' dir='ltr'><strong>fult,</strong></span> <span class='ocrx_word' id='word_1_64' title='bbox 756 1738 789 1792; x_wconf 92' lang='lat' dir='ltr'><strong>ut</strong></span> <span class='ocrx_word' id='word_1_65' title='bbox 816 1728 984 1789; x_wconf 89' lang='lat' dir='ltr'><strong>testimonia</strong></span> <span class='ocrx_word' id='word_1_66' title='bbox 1014 1725 1142 1807; x_wconf 89' lang='lat' dir='ltr'><strong>plurima</strong></span> <span class='ocrx_word' id='word_1_67' title='bbox 1170 1734 1343 1790; x_wconf 90' lang='lat' dir='ltr'><strong>sanctorum</strong></span> <span class='ocrx_word' id='word_1_68' title='bbox 1372 1718 1494 1789; x_wconf 76' lang='lat' dir='ltr'><strong>l&#39;atrum¹</strong></span> <span class='ocrx_word' id='word_1_69' title='bbox 1520 1725 1618 1807; x_wconf 89' lang='lat' dir='ltr'><strong>palam</strong></span> <span class='ocrx_word' id='word_1_70' title='bbox 1647 1723 1777 1802; x_wconf 86' lang='lat' dir='ltr'><strong>iaciunt,</strong></span> <span class='ocrx_word' id='word_1_71' title='bbox 1808 1741 1886 1804; x_wconf 90' lang='lat' dir='ltr'><strong>quae</strong></span> <span class='ocrx_word' id='word_1_72' title='bbox 1917 1742 1934 1785; x_wconf 93' lang='lat' dir='ltr'><strong>a</strong></span> <span class='ocrx_word' id='word_1_73' title='bbox 1963 1722 2030 1785; x_wconf 80' lang='lat' dir='ltr'><strong>viris</strong></span> 
     </span>
     <span class='ocr_line' id='line_1_10' title="bbox 552 1821 2031 1907; baseline -0.007 -14"><span class='ocrx_word' id='word_1_74' title='bbox 552 1840 556 1847; x_wconf 76' lang='grc'><em>“</em></span> <span class='ocrx_word' id='word_1_75' title='bbox 664 1829 845 1893; x_wconf 80' lang='lat' dir='ltr'><strong>doctissimis</strong></span> <span class='ocrx_word' id='word_1_76' title='bbox 869 1826 978 1889; x_wconf 88' lang='lat' dir='ltr'><strong>dudum</strong></span> <span class='ocrx_word' id='word_1_77' title='bbox 1001 1833 1141 1890; x_wconf 89' lang='lat' dir='ltr'><strong>annotata</strong></span> <span class='ocrx_word' id='word_1_78' title='bbox 1163 1834 1242 1891; x_wconf 88' lang='lat' dir='ltr'><strong>sunt.</strong></span> <span class='ocrx_word' id='word_1_79' title='bbox 1293 1826 1326 1888; x_wconf 92' lang='lat' dir='ltr'><strong>ln</strong></span> <span class='ocrx_word' id='word_1_80' title='bbox 1349 1824 1481 1907; x_wconf 75' lang='lat' dir='ltr'><strong>Syriacis</strong></span> <span class='ocrx_word' id='word_1_81' title='bbox 1504 1824 1658 1888; x_wconf 84' lang='lat' dir='ltr'><strong>codicibus</strong></span> <span class='ocrx_word' id='word_1_82' title='bbox 1680 1824 1801 1904; x_wconf 89' lang='lat' dir='ltr'><strong>integra</strong></span> <span class='ocrx_word' id='word_1_83' title='bbox 1822 1821 1937 1904; x_wconf 88' lang='lat' dir='ltr'><strong>legitur</strong></span> <span class='ocrx_word' id='word_1_84' title='bbox 1958 1823 2031 1884; x_wconf 86' lang='lat' dir='ltr'><strong>sicut</strong></span> 
     </span>
     <span class='ocr_line' id='line_1_11' title="bbox 424 1910 2029 2010; baseline -0.007 -15"><span class='ocrx_word' id='word_1_85' title='bbox 424 1910 429 1921; x_wconf 49' lang='lat'>⁸</span> <span class='ocrx_word' id='word_1_86' title='bbox 662 1931 694 1993; x_wconf 91' lang='lat' dir='ltr'><strong>in</strong></span> <span class='ocrx_word' id='word_1_87' title='bbox 717 1929 782 1993; x_wconf 88' lang='lat' dir='ltr'><strong>aliis</strong></span> <span class='ocrx_word' id='word_1_88' title='bbox 803 1926 962 2010; x_wconf 78' lang='lat' dir='ltr'><strong>liturgiis:</strong></span> <span class='ocrx_word' id='word_1_89' title='bbox 996 1928 1026 1988; x_wconf 90' lang='lat' dir='ltr'><strong>in</strong></span> <span class='ocrx_word' id='word_1_90' title='bbox 1057 1925 1174 1989; x_wconf 90' lang='lat' dir='ltr'><strong>Graeca</strong></span> <span class='ocrx_word' id='word_1_91' title='bbox 1203 1926 1277 1989; x_wconf 91' lang='lat' dir='ltr'><strong>haec</strong></span> <span class='ocrx_word' id='word_1_92' title='bbox 1304 1932 1417 1988; x_wconf 86' lang='lat' dir='ltr'><strong>tanturn</strong></span> <span class='ocrx_word' id='word_1_93' title='bbox 1431 1913 1518 1987; x_wconf 79' lang='grc' dir='ltr'><strong>’Ἀνω</strong></span> <span class='ocrx_word' id='word_1_94' title='bbox 1548 1920 1678 2002; x_wconf 75' lang='grc' dir='ltr'><em>σχῶμεν</em></span> <span class='ocrx_word' id='word_1_95' title='bbox 1705 1911 1762 1985; x_wconf 76' lang='grc' dir='ltr'><strong>τὸν</strong></span> <span class='ocrx_word' id='word_1_96' title='bbox 1788 1919 1863 1984; x_wconf 78' lang='grc' dir='ltr'><strong><em>νοῦν</em></strong></span> <span class='ocrx_word' id='word_1_97' title='bbox 1891 1916 1948 1983; x_wconf 84' lang='grc' dir='ltr'><strong>καὶ</strong></span> <span class='ocrx_word' id='word_1_98' title='bbox 1975 1911 2029 1993; x_wconf 67' lang='lat' dir='ltr'><strong>crit</strong></span> 
     </span>
     <span class='ocr_line' id='line_1_12' title="bbox 664 2013 2027 2116; baseline -0.006 -25"><span class='ocrx_word' id='word_1_99' title='bbox 664 2023 810 2116; x_wconf 75' lang='grc' dir='ltr'><strong>καρδίας.</strong></span> <span class='ocrx_word' id='word_1_100' title='bbox 845 2013 958 2103; x_wconf 72' lang='grc' dir='ltr'><strong>’Ἄξιον</strong></span> <span class='ocrx_word' id='word_1_101' title='bbox 979 2020 1036 2088; x_wconf 75' lang='grc' dir='ltr'><strong>καὶ</strong></span> <span class='ocrx_word' id='word_1_102' title='bbox 1056 2019 1193 2090; x_wconf 74' lang='grc' dir='ltr'><strong>δίκαιον.</strong></span> <span class='ocrx_word' id='word_1_103' title='bbox 1236 2025 1363 2088; x_wconf 75' lang='lat' dir='ltr'><strong>Surnnn</strong></span> <span class='ocrx_word' id='word_1_104' title='bbox 1384 2024 1549 2086; x_wconf 74' lang='lat' dir='ltr'><strong>babeamus</strong></span> <span class='ocrx_word' id='word_1_105' title='bbox 1569 2032 1695 2086; x_wconf 81' lang='lat' dir='ltr'><strong>mentem</strong></span> <span class='ocrx_word' id='word_1_106' title='bbox 1716 2030 1746 2085; x_wconf 88' lang='lat' dir='ltr'><strong>et</strong></span> <span class='ocrx_word' id='word_1_107' title='bbox 1766 2023 1871 2085; x_wconf 78' lang='lat' dir='ltr'><strong>cmnlo.</strong></span> <span class='ocrx_word' id='word_1_108' title='bbox 1902 2021 2027 2102; x_wconf 73' lang='lat' dir='ltr'><strong>Dignam</strong></span> 
     </span>
     <span class='ocr_line' id='line_1_13' title="bbox 665 2122 2026 2210; baseline -0.008 -17"><span class='ocrx_word' id='word_1_109' title='bbox 665 2137 696 2193; x_wconf 86' lang='lat' dir='ltr'><strong>et</strong></span> <span class='ocrx_word' id='word_1_110' title='bbox 707 2132 824 2210; x_wconf 75' lang='lat' dir='ltr'><strong>jinnrm</strong></span> <span class='ocrx_word' id='word_1_111' title='bbox 845 2134 898 2190; x_wconf 84' lang='lat' dir='ltr'><strong>est.</strong></span> <span class='ocrx_word' id='word_1_112' title='bbox 927 2124 1085 2188; x_wconf 84' lang='lat' dir='ltr'><strong>Deiectum</strong></span> <span class='ocrx_word' id='word_1_113' title='bbox 1107 2143 1177 2188; x_wconf 90' lang='lat' dir='ltr'><strong>esse</strong></span> <span class='ocrx_word' id='word_1_114' title='bbox 1200 2124 1230 2187; x_wconf 92' lang='lat' dir='ltr'><strong>in</strong></span> <span class='ocrx_word' id='word_1_115' title='bbox 1254 2124 1372 2188; x_wconf 89' lang='lat' dir='ltr'><strong>Graeco</strong></span> <span class='ocrx_word' id='word_1_116' title='bbox 1395 2123 1517 2202; x_wconf 83' lang='lat' dir='ltr'><strong>Codice,</strong></span> <span class='ocrx_word' id='word_1_117' title='bbox 1540 2123 1673 2204; x_wconf 90' lang='lat' dir='ltr'><strong>suspicio</strong></span> <span class='ocrx_word' id='word_1_118' title='bbox 1696 2122 1860 2186; x_wconf 82' lang='lat' dir='ltr'><strong>vehemens</strong></span> <span class='ocrx_word' id='word_1_119' title='bbox 1883 2129 1943 2200; x_wconf 88' lang='lat' dir='ltr'><strong>cst,</strong></span> <span class='ocrx_word' id='word_1_120' title='bbox 1967 2137 2026 2183; x_wconf 91' lang='lat' dir='ltr'><strong>cun</strong></span> 
     </span>
     <span class='ocr_line' id='line_1_14' title="bbox 663 2220 2027 2305; baseline -0.007 -14"><span class='ocrx_word' id='word_1_121' title='bbox 663 2245 769 2291; x_wconf 89' lang='lat' dir='ltr'><strong>omnes</strong></span> <span class='ocrx_word' id='word_1_122' title='bbox 791 2225 841 2289; x_wconf 90' lang='lat' dir='ltr'><strong>alii</strong></span> <span class='ocrx_word' id='word_1_123' title='bbox 863 2228 894 2288; x_wconf 91' lang='lat' dir='ltr'><strong>in</strong></span> <span class='ocrx_word' id='word_1_124' title='bbox 916 2242 1102 2288; x_wconf 89' lang='lat' dir='ltr'><strong>communem</strong></span> <span class='ocrx_word' id='word_1_125' title='bbox 1124 2223 1283 2287; x_wconf 87' lang='lat' dir='ltr'><strong>lectionem</strong></span> <span class='ocrx_word' id='word_1_126' title='bbox 1306 2224 1504 2288; x_wconf 79' lang='lat' dir='ltr'><strong>consentiant</strong></span> <span class='ocrx_word' id='word_1_127' title='bbox 1555 2223 1716 2305; x_wconf 89' lang='lat' dir='ltr'><strong>Singulare</strong></span> <span class='ocrx_word' id='word_1_128' title='bbox 1738 2229 1799 2300; x_wconf 89' lang='lat' dir='ltr'><strong>est,</strong></span> <span class='ocrx_word' id='word_1_129' title='bbox 1826 2220 1908 2302; x_wconf 90' lang='lat' dir='ltr'><strong>qnod</strong></span> <span class='ocrx_word' id='word_1_130' title='bbox 1930 2228 2027 2302; x_wconf 86' lang='lat' dir='ltr'><strong>partes</strong></span> 
     </span>
     <span class='ocr_line' id='line_1_15' title="bbox 663 2322 2026 2406; baseline -0.004 -19"><span class='ocrx_word' id='word_1_131' title='bbox 663 2324 744 2388; x_wconf 90' lang='lat' dir='ltr'><strong>illius</strong></span> <span class='ocrx_word' id='word_1_132' title='bbox 767 2324 924 2402; x_wconf 88' lang='lat' dir='ltr'><strong>lorrnulae,</strong></span> <span class='ocrx_word' id='word_1_133' title='bbox 946 2324 1119 2388; x_wconf 88' lang='lat' dir='ltr'><strong>Nestoriani</strong></span> <span class='ocrx_word' id='word_1_134' title='bbox 1140 2342 1197 2406; x_wconf 92' lang='lat' dir='ltr'><strong>per</strong></span> <span class='ocrx_word' id='word_1_135' title='bbox 1219 2324 1416 2405; x_wconf 80' lang='lat' dir='ltr'><strong>paraphrasin</strong></span> <span class='ocrx_word' id='word_1_136' title='bbox 1437 2323 1586 2404; x_wconf 90' lang='lat' dir='ltr'><strong>aliquibus</strong></span> <span class='ocrx_word' id='word_1_137' title='bbox 1597 2322 1722 2386; x_wconf 90' lang='lat' dir='ltr'><strong>vocibus</strong></span> <span class='ocrx_word' id='word_1_138' title='bbox 1745 2327 1905 2391; x_wconf 87' lang='lat' dir='ltr'><strong>auxerunt,</strong></span> <span class='ocrx_word' id='word_1_139' title='bbox 1929 2328 2026 2382; x_wconf 86' lang='lat' dir='ltr'><strong>contra</strong></span> 
     </span>
     <span class='ocr_line' id='line_1_16' title="bbox 664 2419 2028 2505; baseline -0.007 -17"><span class='ocrx_word' id='word_1_140' title='bbox 664 2424 851 2505; x_wconf 89' lang='lat' dir='ltr'><strong>reliquorum</strong></span> <span class='ocrx_word' id='word_1_141' title='bbox 873 2424 1110 2487; x_wconf 87' lang='lat' dir='ltr'><strong>Christianorum</strong></span> <span class='ocrx_word' id='word_1_142' title='bbox 1142 2424 1404 2487; x_wconf 78' lang='lat' dir='ltr'><strong>consuetudinem:</strong></span> <span class='ocrx_word' id='word_1_143' title='bbox 1432 2422 1567 2504; x_wconf 85' lang='lat' dir='ltr'><strong>quamvis</strong></span> <span class='ocrx_word' id='word_1_144' title='bbox 1597 2421 1693 2485; x_wconf 89' lang='lat' dir='ltr'><strong>simile</strong></span> <span class='ocrx_word' id='word_1_145' title='bbox 1723 2420 1876 2502; x_wconf 81' lang='lat' dir='ltr'><strong>quidpiam</strong></span> <span class='ocrx_word' id='word_1_146' title='bbox 1900 2419 2028 2481; x_wconf 90' lang='lat' dir='ltr'><strong>occurrit</strong></span> 
     </span>
     <span class='ocr_line' id='line_1_17' title="bbox 665 2523 1158 2607; baseline -0.004 -20"><span class='ocrx_word' id='word_1_147' title='bbox 665 2525 697 2587; x_wconf 91' lang='lat' dir='ltr'><strong>in</strong></span> <span class='ocrx_word' id='word_1_148' title='bbox 719 2524 824 2605; x_wconf 89' lang='lat' dir='ltr'><strong>paucis</strong></span> <span class='ocrx_word' id='word_1_149' title='bbox 847 2525 980 2607; x_wconf 85' lang='lat' dir='ltr'><strong>Syriacis</strong></span> <span class='ocrx_word' id='word_1_150' title='bbox 1002 2523 1158 2606; x_wconf 88' lang='lat' dir='ltr'><strong>Liturgiis.</strong></span> 
     </span>
    </p>
   </div>
   <div class='ocr_carea' id='block_1_5' title="bbox 1129 2785 1570 2882">
    <p class='ocr_par' dir='ltr' id='par_1_5' title="bbox 1129 2785 1570 2882">
     <span class='ocr_line' id='line_1_18' title="bbox 1129 2785 1570 2882; baseline 0 -25"><span class='ocrx_word' id='word_1_151' title='bbox 1129 2785 1278 2882; x_wconf 77' lang='lat' dir='ltr'><strong>Dignum</strong></span> <span class='ocrx_word' id='word_1_152' title='bbox 1304 2792 1338 2856; x_wconf 88' lang='lat' dir='ltr'><strong>et</strong></span> <span class='ocrx_word' id='word_1_153' title='bbox 1354 2790 1482 2878; x_wconf 79' lang='lat' dir='ltr'><strong>justum</strong></span> <span class='ocrx_word' id='word_1_154' title='bbox 1508 2792 1570 2857; x_wconf 87' lang='lat' dir='ltr'><strong>est.</strong></span> 
     </span>
    </p>
   </div>
   <div class='ocr_carea' id='block_1_6' title="bbox 349 2996 2024 5088">
    <p class='ocr_par' dir='ltr' id='par_1_6' title="bbox 664 2996 2024 3789">
     <span class='ocr_line' id='line_1_19' title="bbox 754 2996 2023 3089; baseline -0.002 -15"><span class='ocrx_word' id='word_1_155' title='bbox 754 2996 848 3075; x_wconf 76' lang='lat' dir='ltr'><strong>Hanc</strong></span> <span class='ocrx_word' id='word_1_156' title='bbox 871 3009 970 3071; x_wconf 85' lang='lat' dir='ltr'><strong>oratio¹</strong></span> <span class='ocrx_word' id='word_1_157' title='bbox 990 3007 1157 3089; x_wconf 85' lang='lat' dir='ltr'><strong>respondet</strong></span> <span class='ocrx_word' id='word_1_158' title='bbox 1173 3006 1353 3071; x_wconf 87' lang='lat' dir='ltr'><strong>Praelationi</strong></span> <span class='ocrx_word' id='word_1_159' title='bbox 1374 3013 1509 3085; x_wconf 90' lang='lat' dir='ltr'><strong>nostrae,</strong></span> <span class='ocrx_word' id='word_1_160' title='bbox 1533 3025 1611 3088; x_wconf 89' lang='lat' dir='ltr'><strong>quae</strong></span> <span class='ocrx_word' id='word_1_161' title='bbox 1632 3014 1665 3070; x_wconf 91' lang='lat' dir='ltr'><strong>ut</strong></span> <span class='ocrx_word' id='word_1_162' title='bbox 1695 3008 1764 3071; x_wconf 88' lang='lat' dir='ltr'><strong>olim</strong></span> <span class='ocrx_word' id='word_1_163' title='bbox 1791 3009 1900 3074; x_wconf 89' lang='lat' dir='ltr'><strong>multas</strong></span> <span class='ocrx_word' id='word_1_164' title='bbox 1929 3010 2023 3074; x_wconf 87' lang='lat' dir='ltr'><strong>diver-</strong></span> 
     </span>
     <span class='ocr_line' id='line_1_20' title="bbox 665 3106 2024 3195; baseline 0.001 -20"><span class='ocrx_word' id='word_1_165' title='bbox 665 3130 777 3194; x_wconf 90' lang='lat' dir='ltr'><strong>sasque</strong></span> <span class='ocrx_word' id='word_1_166' title='bbox 799 3109 911 3173; x_wconf 86' lang='lat' dir='ltr'><strong>lonnas</strong></span> <span class='ocrx_word' id='word_1_167' title='bbox 932 3107 1045 3185; x_wconf 89' lang='lat' dir='ltr'><strong>habuit,</strong></span> <span class='ocrx_word' id='word_1_168' title='bbox 1069 3108 1109 3169; x_wconf 90' lang='lat' dir='ltr'><strong>ita</strong></span> <span class='ocrx_word' id='word_1_169' title='bbox 1132 3125 1253 3188; x_wconf 91' lang='lat' dir='ltr'><strong>quoque</strong></span> <span class='ocrx_word' id='word_1_170' title='bbox 1271 3106 1450 3189; x_wconf 89' lang='lat' dir='ltr'><strong>Orientales,</strong></span> <span class='ocrx_word' id='word_1_171' title='bbox 1473 3115 1601 3176; x_wconf 87' lang='lat' dir='ltr'><strong>maxime</strong></span> <span class='ocrx_word' id='word_1_172' title='bbox 1623 3113 1752 3175; x_wconf 85' lang='lat' dir='ltr'><strong>veroin</strong></span> <span class='ocrx_word' id='word_1_173' title='bbox 1774 3113 1908 3195; x_wconf 79' lang='lat' dir='ltr'><strong>Syriacis</strong></span> <span class='ocrx_word' id='word_1_174' title='bbox 1931 3115 2024 3177; x_wconf 86' lang='lat' dir='ltr'><strong>Litar-</strong></span> 
     </span>
     <span class='ocr_line' id='line_1_21' title="bbox 665 3206 2022 3294; baseline 0.001 -20"><span class='ocrx_word' id='word_1_175' title='bbox 665 3214 733 3294; x_wconf 90' lang='lat' dir='ltr'><strong>giis.</strong></span> <span class='ocrx_word' id='word_1_176' title='bbox 784 3209 927 3293; x_wconf 81' lang='lat' dir='ltr'><strong>Singulae</strong></span> <span class='ocrx_word' id='word_1_177' title='bbox 960 3208 1072 3289; x_wconf 90' lang='lat' dir='ltr'><strong>quippe</strong></span> <span class='ocrx_word' id='word_1_178' title='bbox 1107 3209 1247 3288; x_wconf 90' lang='lat' dir='ltr'><strong>proprias</strong></span> <span class='ocrx_word' id='word_1_179' title='bbox 1282 3206 1408 3288; x_wconf 89' lang='lat' dir='ltr'><strong>habent,</strong></span> <span class='ocrx_word' id='word_1_180' title='bbox 1443 3228 1570 3292; x_wconf 87' lang='lat' dir='ltr'><strong>quarum</strong></span> <span class='ocrx_word' id='word_1_181' title='bbox 1608 3211 1725 3291; x_wconf 85' lang='lat' dir='ltr'><strong>aliquae</strong></span> <span class='ocrx_word' id='word_1_182' title='bbox 1762 3212 1922 3277; x_wconf 86' lang='lat' dir='ltr'><strong>breviores</strong></span> <span class='ocrx_word' id='word_1_183' title='bbox 1949 3221 2022 3276; x_wconf 87' lang='lat' dir='ltr'><strong>sunt:</strong></span> 
     </span>
     <span class='ocr_line' id='line_1_22' title="bbox 664 3300 2020 3393; baseline 0.002 -20"><span class='ocrx_word' id='word_1_184' title='bbox 664 3312 848 3393; x_wconf 85' lang='lat' dir='ltr'><strong>prolixiores</strong></span> <span class='ocrx_word' id='word_1_185' title='bbox 871 3307 957 3371; x_wconf 88' lang='lat' dir='ltr'><strong>aliae.</strong></span> <span class='ocrx_word' id='word_1_186' title='bbox 987 3306 1123 3370; x_wconf 87' lang='lat' dir='ltr'><strong>Omnium</strong></span> <span class='ocrx_word' id='word_1_187' title='bbox 1147 3314 1244 3369; x_wconf 66' lang='lat' dir='ltr'><strong>emen</strong></span> <span class='ocrx_word' id='word_1_188' title='bbox 1266 3323 1325 3370; x_wconf 91' lang='lat' dir='ltr'><strong>una</strong></span> <span class='ocrx_word' id='word_1_189' title='bbox 1348 3316 1394 3371; x_wconf 89' lang='lat' dir='ltr'><strong>est</strong></span> <span class='ocrx_word' id='word_1_190' title='bbox 1422 3312 1581 3389; x_wconf 88' lang='lat' dir='ltr'><strong>sententia,</strong></span> <span class='ocrx_word' id='word_1_191' title='bbox 1604 3329 1712 3391; x_wconf 90' lang='lat' dir='ltr'><strong>nempe</strong></span> <span class='ocrx_word' id='word_1_192' title='bbox 1734 3300 1767 3374; x_wconf 88' lang='lat' dir='ltr'><strong>ut</strong></span> <span class='ocrx_word' id='word_1_193' title='bbox 1789 3312 1929 3376; x_wconf 89' lang='lat' dir='ltr'><strong>laudetur</strong></span> <span class='ocrx_word' id='word_1_194' title='bbox 1949 3313 2020 3376; x_wconf 75' lang='lat' dir='ltr'><strong>bers</strong></span> 
     </span>
     <span class='ocr_line' id='line_1_23' title="bbox 665 3406 2021 3493; baseline 0.001 -19"><span class='ocrx_word' id='word_1_195' title='bbox 665 3411 702 3474; x_wconf 89' lang='lat' dir='ltr'><strong>ab</strong></span> <span class='ocrx_word' id='word_1_196' title='bbox 724 3408 846 3473; x_wconf 89' lang='lat' dir='ltr'><strong>infinitis</strong></span> <span class='ocrx_word' id='word_1_197' title='bbox 868 3407 931 3470; x_wconf 90' lang='lat' dir='ltr'><strong>suis</strong></span> <span class='ocrx_word' id='word_1_198' title='bbox 953 3406 984 3469; x_wconf 93' lang='lat' dir='ltr'><strong>in</strong></span> <span class='ocrx_word' id='word_1_199' title='bbox 1005 3406 1163 3468; x_wconf 88' lang='lat' dir='ltr'><strong>humanum</strong></span> <span class='ocrx_word' id='word_1_200' title='bbox 1185 3424 1283 3490; x_wconf 89' lang='lat' dir='ltr'><strong>genus</strong></span> <span class='ocrx_word' id='word_1_201' title='bbox 1306 3407 1478 3486; x_wconf 88' lang='lat' dir='ltr'><strong>beneficiis,</strong></span> <span class='ocrx_word' id='word_1_202' title='bbox 1501 3412 1670 3488; x_wconf 84' lang='lat' dir='ltr'><strong>creatione,</strong></span> <span class='ocrx_word' id='word_1_203' title='bbox 1701 3414 1932 3476; x_wconf 86' lang='lat' dir='ltr'><strong>conservatione</strong></span> <span class='ocrx_word' id='word_1_204' title='bbox 1959 3417 2021 3493; x_wconf 88' lang='lat' dir='ltr'><strong>post</strong></span> 
     </span>
     <span class='ocr_line' id='line_1_24' title="bbox 664 3504 2020 3590; baseline 0.003 -21"><span class='ocrx_word' id='word_1_205' title='bbox 664 3506 772 3570; x_wconf 79' lang='lat' dir='ltr'><strong>Adam</strong></span> <span class='ocrx_word' id='word_1_206' title='bbox 794 3512 961 3588; x_wconf 82' lang='lat' dir='ltr'><strong>peccatum,</strong></span> <span class='ocrx_word' id='word_1_207' title='bbox 985 3504 1171 3568; x_wconf 86' lang='lat' dir='ltr'><strong>institutione</strong></span> <span class='ocrx_word' id='word_1_208' title='bbox 1193 3524 1251 3586; x_wconf 92' lang='lat' dir='ltr'><strong>per</strong></span> <span class='ocrx_word' id='word_1_209' title='bbox 1273 3506 1387 3590; x_wconf 83' lang='lat' dir='ltr'><strong>Legem</strong></span> <span class='ocrx_word' id='word_1_210' title='bbox 1414 3515 1445 3571; x_wconf 90' lang='lat' dir='ltr'><strong>et</strong></span> <span class='ocrx_word' id='word_1_211' title='bbox 1466 3509 1648 3590; x_wconf 88' lang='lat' dir='ltr'><strong>Prophetas:</strong></span> <span class='ocrx_word' id='word_1_212' title='bbox 1680 3510 1823 3574; x_wconf 88' lang='lat' dir='ltr'><strong>missione</strong></span> <span class='ocrx_word' id='word_1_213' title='bbox 1845 3511 1896 3574; x_wconf 89' lang='lat' dir='ltr'><strong>lilii</strong></span> <span class='ocrx_word' id='word_1_214' title='bbox 1918 3512 1952 3575; x_wconf 93' lang='lat' dir='ltr'><strong>ad</strong></span> <span class='ocrx_word' id='word_1_215' title='bbox 1973 3529 2020 3573; x_wconf 87' lang='lat' dir='ltr'><strong>sa·</strong></span> 
     </span>
     <span class='ocr_line' id='line_1_25' title="bbox 665 3603 2019 3690; baseline 0.004 -23"><span class='ocrx_word' id='word_1_216' title='bbox 665 3606 759 3669; x_wconf 91' lang='lat' dir='ltr'><strong>lutem</strong></span> <span class='ocrx_word' id='word_1_217' title='bbox 781 3607 871 3670; x_wconf 91' lang='lat' dir='ltr'><strong>totius</strong></span> <span class='ocrx_word' id='word_1_218' title='bbox 895 3603 1006 3681; x_wconf 87' lang='lat' dir='ltr'><strong>mundi,</strong></span> <span class='ocrx_word' id='word_1_219' title='bbox 1028 3604 1163 3685; x_wconf 87' lang='lat' dir='ltr'><strong>ejusdem</strong></span> <span class='ocrx_word' id='word_1_220' title='bbox 1187 3605 1216 3666; x_wconf 93' lang='lat' dir='ltr'><strong>in</strong></span> <span class='ocrx_word' id='word_1_221' title='bbox 1240 3607 1330 3668; x_wconf 88' lang='lat' dir='ltr'><strong>terris</strong></span> <span class='ocrx_word' id='word_1_222' title='bbox 1359 3607 1593 3687; x_wconf 84' lang='lat' dir='ltr'><strong>dispensatione,</strong></span> <span class='ocrx_word' id='word_1_223' title='bbox 1616 3611 1771 3690; x_wconf 88' lang='lat' dir='ltr'><strong>passione,</strong></span> <span class='ocrx_word' id='word_1_224' title='bbox 1793 3619 1901 3688; x_wconf 91' lang='lat' dir='ltr'><strong>morte,</strong></span> <span class='ocrx_word' id='word_1_225' title='bbox 1921 3628 2019 3673; x_wconf 89' lang='lat' dir='ltr'><strong>resur·</strong></span> 
     </span>
     <span class='ocr_line' id='line_1_26' title="bbox 664 3704 2017 3789; baseline 0 -20"><span class='ocrx_word' id='word_1_226' title='bbox 664 3708 812 3781; x_wconf 89' lang='lat' dir='ltr'><strong>rectione,</strong></span> <span class='ocrx_word' id='word_1_227' title='bbox 834 3704 1058 3785; x_wconf 88' lang='lat' dir='ltr'><strong>praedicatione</strong></span> <span class='ocrx_word' id='word_1_228' title='bbox 1080 3704 1238 3788; x_wconf 79' lang='lat' dir='ltr'><strong>Evangelii</strong></span> <span class='ocrx_word' id='word_1_229' title='bbox 1261 3720 1317 3786; x_wconf 89' lang='lat' dir='ltr'><strong>per</strong></span> <span class='ocrx_word' id='word_1_230' title='bbox 1328 3707 1504 3789; x_wconf 78' lang='lat' dir='ltr'><strong>Apostolos,</strong></span> <span class='ocrx_word' id='word_1_231' title='bbox 1527 3717 1558 3772; x_wconf 90' lang='lat' dir='ltr'><strong>et</strong></span> <span class='ocrx_word' id='word_1_232' title='bbox 1570 3708 1728 3773; x_wconf 87' lang='lat' dir='ltr'><strong>Ecclesiae</strong></span> <span class='ocrx_word' id='word_1_233' title='bbox 1739 3708 1922 3775; x_wconf 79' lang='lat' dir='ltr'><strong>fundatione.</strong></span> <span class='ocrx_word' id='word_1_234' title='bbox 1942 3707 2017 3771; x_wconf 90' lang='lat' dir='ltr'><strong>Unde</strong></span> 
     </span>
    </p>

    <p class='ocr_par' dir='ltr' id='par_1_7' title="bbox 601 3803 2017 4103">
     <span class='ocr_line' id='line_1_27' title="bbox 601 3803 2017 3892; baseline 0.001 -24"><span class='ocrx_word' id='word_1_235' title='bbox 601 3850 607 3855; x_wconf 90' lang='lat'>-</span> <span class='ocrx_word' id='word_1_236' title='bbox 665 3805 802 3870; x_wconf 90' lang='lat' dir='ltr'><strong>landatur</strong></span> <span class='ocrx_word' id='word_1_237' title='bbox 823 3805 861 3868; x_wconf 94' lang='lat' dir='ltr'><strong>ab</strong></span> <span class='ocrx_word' id='word_1_238' title='bbox 883 3803 1009 3888; x_wconf 86' lang='lat' dir='ltr'><strong>Angelis</strong></span> <span class='ocrx_word' id='word_1_239' title='bbox 1033 3811 1079 3866; x_wconf 90' lang='lat' dir='ltr'><strong>est</strong></span> <span class='ocrx_word' id='word_1_240' title='bbox 1102 3804 1228 3867; x_wconf 92' lang='lat' dir='ltr'><strong>coelesti</strong></span> <span class='ocrx_word' id='word_1_241' title='bbox 1252 3807 1330 3868; x_wconf 88' lang='lat' dir='ltr'><strong>omni</strong></span> <span class='ocrx_word' id='word_1_242' title='bbox 1353 3805 1471 3887; x_wconf 89' lang='lat' dir='ltr'><strong>militia,</strong></span> <span class='ocrx_word' id='word_1_243' title='bbox 1502 3827 1561 3890; x_wconf 94' lang='lat' dir='ltr'><strong>qua</strong></span> <span class='ocrx_word' id='word_1_244' title='bbox 1591 3809 1753 3872; x_wconf 89' lang='lat' dir='ltr'><strong>occasione</strong></span> <span class='ocrx_word' id='word_1_245' title='bbox 1780 3828 1875 3892; x_wconf 91' lang='lat' dir='ltr'><strong>saepe</strong></span> <span class='ocrx_word' id='word_1_246' title='bbox 1904 3810 1939 3872; x_wconf 90' lang='lat' dir='ltr'><strong>de</strong></span> <span class='ocrx_word' id='word_1_247' title='bbox 1964 3808 2017 3871; x_wconf 90' lang='lat' dir='ltr'><strong>illis</strong></span> 
     </span>
     <span class='ocr_line' id='line_1_28' title="bbox 665 3903 2017 3989; baseline 0.002 -23"><span class='ocrx_word' id='word_1_248' title='bbox 665 3903 757 3968; x_wconf 90' lang='lat' dir='ltr'><strong>multa</strong></span> <span class='ocrx_word' id='word_1_249' title='bbox 778 3903 926 3981; x_wconf 90' lang='lat' dir='ltr'><strong>dicuntur,</strong></span> <span class='ocrx_word' id='word_1_250' title='bbox 948 3904 1184 3984; x_wconf 86' lang='lat' dir='ltr'><strong>terminaturque</strong></span> <span class='ocrx_word' id='word_1_251' title='bbox 1210 3904 1312 3968; x_wconf 87' lang='lat' dir='ltr'><strong>Oratio</strong></span> <span class='ocrx_word' id='word_1_252' title='bbox 1333 3923 1391 3985; x_wconf 89' lang='lat' dir='ltr'><strong>per</strong></span> <span class='ocrx_word' id='word_1_253' title='bbox 1404 3906 1545 3989; x_wconf 88' lang='lat' dir='ltr'><strong>hymnum</strong></span> <span class='ocrx_word' id='word_1_254' title='bbox 1567 3907 1784 3989; x_wconf 89' lang='lat' dir='ltr'><strong>triumphalem,</strong></span> <span class='ocrx_word' id='word_1_255' title='bbox 1806 3909 1941 3974; x_wconf 67' lang='lat' dir='ltr'><strong>Sanan.</strong></span> <span class='ocrx_word' id='word_1_256' title='bbox 1961 3907 2017 3969; x_wconf 86' lang='grc' dir='ltr'><strong>Τι-</strong></span> 
     </span>
     <span class='ocr_line' id='line_1_29' title="bbox 665 4004 2016 4103; baseline 0.001 -36"><span class='ocrx_word' id='word_1_257' title='bbox 665 4004 703 4075; x_wconf 89' lang='lat' dir='ltr'><strong>lis</strong></span> <span class='ocrx_word' id='word_1_258' title='bbox 732 4012 779 4067; x_wconf 91' lang='lat' dir='ltr'><strong>est</strong></span> <span class='ocrx_word' id='word_1_259' title='bbox 806 4004 1026 4067; x_wconf 88' lang='lat' dir='ltr'><strong>Praelationum</strong></span> <span class='ocrx_word' id='word_1_260' title='bbox 1053 4005 1182 4066; x_wconf 87' lang='lat' dir='ltr'><strong>omnium</strong></span> <span class='ocrx_word' id='word_1_261' title='bbox 1213 4004 1394 4069; x_wconf 87' lang='lat' dir='ltr'><strong>Graecarum</strong></span> <span class='ocrx_word' id='word_1_262' title='bbox 1425 4015 1457 4069; x_wconf 94' lang='lat' dir='ltr'><strong>et</strong></span> <span class='ocrx_word' id='word_1_263' title='bbox 1486 4007 1680 4071; x_wconf 88' lang='lat' dir='ltr'><strong>Orientalium</strong></span> <span class='ocrx_word' id='word_1_264' title='bbox 1708 4006 1881 4089; x_wconf 88' lang='lat' dir='ltr'><strong>dispositio,</strong></span> <span class='ocrx_word' id='word_1_265' title='bbox 1914 4009 2016 4103; x_wconf 84' lang='lat' dir='ltr'><strong>absque</strong></span> 
     </span>
    </p>

    <p class='ocr_par' dir='ltr' id='par_1_8' title="bbox 582 4104 2014 4289">
     <span class='ocr_line' id='line_1_30' title="bbox 582 4104 2014 4195; baseline 0.002 -30"><span class='ocrx_word' id='word_1_266' title='bbox 582 4186 585 4195; x_wconf 90' lang='lat'>.</span> <span class='ocrx_word' id='word_1_267' title='bbox 666 4104 747 4184; x_wconf 92' lang='lat' dir='ltr'><strong>ullo,</strong></span> <span class='ocrx_word' id='word_1_268' title='bbox 775 4112 986 4185; x_wconf 83' lang='lat' dir='ltr'><strong>praeterquam</strong></span> <span class='ocrx_word' id='word_1_269' title='bbox 1010 4123 1050 4167; x_wconf 89' lang='lat' dir='ltr'><strong>ex</strong></span> <span class='ocrx_word' id='word_1_270' title='bbox 1072 4104 1233 4166; x_wconf 86' lang='lat' dir='ltr'><strong>verborum</strong></span> <span class='ocrx_word' id='word_1_271' title='bbox 1257 4107 1355 4188; x_wconf 90' lang='lat' dir='ltr'><strong>copia,</strong></span> <span class='ocrx_word' id='word_1_272' title='bbox 1378 4106 1560 4186; x_wconf 87' lang='lat' dir='ltr'><strong>discrimine,</strong></span> <span class='ocrx_word' id='word_1_273' title='bbox 1584 4115 1615 4169; x_wconf 90' lang='lat' dir='ltr'><strong>et</strong></span> <span class='ocrx_word' id='word_1_274' title='bbox 1637 4107 1716 4189; x_wconf 90' lang='lat' dir='ltr'><strong>quod</strong></span> <span class='ocrx_word' id='word_1_275' title='bbox 1739 4125 1844 4171; x_wconf 88' lang='lat' dir='ltr'><strong>omnes</strong></span> <span class='ocrx_word' id='word_1_276' title='bbox 1867 4109 2014 4191; x_wconf 86' lang='lat' dir='ltr'><strong>gratiarum</strong></span> 
     </span>
     <span class='ocr_line' id='line_1_31' title="bbox 667 4204 2013 4289; baseline 0.002 -23"><span class='ocrx_word' id='word_1_277' title='bbox 667 4206 815 4267; x_wconf 86' lang='lat' dir='ltr'><strong>actionem</strong></span> <span class='ocrx_word' id='word_1_278' title='bbox 836 4205 1001 4282; x_wconf 89' lang='lat' dir='ltr'><strong>continent,</strong></span> <span class='ocrx_word' id='word_1_279' title='bbox 1024 4210 1055 4266; x_wconf 93' lang='lat' dir='ltr'><strong>et</strong></span> <span class='ocrx_word' id='word_1_280' title='bbox 1076 4204 1108 4267; x_wconf 91' lang='lat' dir='ltr'><strong>in</strong></span> <span class='ocrx_word' id='word_1_281' title='bbox 1130 4204 1270 4285; x_wconf 89' lang='lat' dir='ltr'><strong>hymnum</strong></span> <span class='ocrx_word' id='word_1_282' title='bbox 1296 4205 1504 4289; x_wconf 91' lang='lat' dir='ltr'><strong>triumphalem</strong></span> <span class='ocrx_word' id='word_1_283' title='bbox 1525 4207 1674 4285; x_wconf 89' lang='lat' dir='ltr'><strong>desinunt,</strong></span> <span class='ocrx_word' id='word_1_284' title='bbox 1697 4208 1809 4271; x_wconf 87' lang='lat' dir='ltr'><strong>Latinis</strong></span> <span class='ocrx_word' id='word_1_285' title='bbox 1833 4227 1871 4272; x_wconf 88' lang='lat' dir='ltr'><strong>ca</strong></span> <span class='ocrx_word' id='word_1_286' title='bbox 1891 4208 1917 4269; x_wconf 93' lang='lat' dir='ltr'><strong>in</strong></span> <span class='ocrx_word' id='word_1_287' title='bbox 1935 4211 2013 4286; x_wconf 75' lang='lat' dir='ltr'><strong>parte</strong></span> 
     </span>
    </p>

    <p class='ocr_par' dir='ltr' id='par_1_9' title="bbox 569 4301 2012 4390">
     <span class='ocr_line' id='line_1_32' title="bbox 569 4301 2012 4390; baseline 0 -23"><span class='ocrx_word' id='word_1_288' title='bbox 569 4320 572 4333; x_wconf 88' lang='lat'><strong>·</strong></span> <span class='ocrx_word' id='word_1_289' title='bbox 667 4302 780 4368; x_wconf 88' lang='lat' dir='ltr'><strong>similes</strong></span> <span class='ocrx_word' id='word_1_290' title='bbox 802 4311 881 4369; x_wconf 86' lang='lat' dir='ltr'><strong>sunt.</strong></span> <span class='ocrx_word' id='word_1_291' title='bbox 924 4301 966 4365; x_wconf 88' lang='lat' dir='ltr'><strong>At</strong></span> <span class='ocrx_word' id='word_1_292' title='bbox 987 4304 1113 4366; x_wconf 87' lang='lat' dir='ltr'><strong>istorum</strong></span> <span class='ocrx_word' id='word_1_293' title='bbox 1135 4304 1192 4367; x_wconf 93' lang='lat' dir='ltr'><strong>alia</strong></span> <span class='ocrx_word' id='word_1_294' title='bbox 1214 4305 1334 4368; x_wconf 91' lang='lat' dir='ltr'><strong>omnino</strong></span> <span class='ocrx_word' id='word_1_295' title='bbox 1357 4307 1435 4370; x_wconf 92' lang='lat' dir='ltr'><strong>ratio</strong></span> <span class='ocrx_word' id='word_1_296' title='bbox 1458 4315 1514 4369; x_wconf 88' lang='lat' dir='ltr'><strong>est</strong></span> <span class='ocrx_word' id='word_1_297' title='bbox 1560 4308 1645 4370; x_wconf 90' lang='lat' dir='ltr'><strong>Patet</strong></span> <span class='ocrx_word' id='word_1_298' title='bbox 1667 4308 1746 4369; x_wconf 88' lang='lat' dir='ltr'><strong>enim</strong></span> <span class='ocrx_word' id='word_1_299' title='bbox 1768 4327 1808 4370; x_wconf 87' lang='lat' dir='ltr'><strong>ex</strong></span> <span class='ocrx_word' id='word_1_300' title='bbox 1830 4309 1895 4390; x_wconf 89' lang='lat' dir='ltr'><strong>ipso</strong></span> <span class='ocrx_word' id='word_1_301' title='bbox 1912 4302 2012 4367; x_wconf 84' lang='lat' dir='ltr'><strong>llissalr‘</strong></span> 
     </span>
    </p>

    <p class='ocr_par' dir='ltr' id='par_1_10' title="bbox 668 4401 2011 4489">
     <span class='ocr_line' id='line_1_33' title="bbox 668 4401 2011 4489; baseline 0.004 -24"><span class='ocrx_word' id='word_1_302' title='bbox 668 4404 768 4467; x_wconf 89' lang='lat' dir='ltr'><strong>veteri</strong></span> <span class='ocrx_word' id='word_1_303' title='bbox 790 4402 989 4486; x_wconf 86' lang='lat' dir='ltr'><strong>Gregoriano,</strong></span> <span class='ocrx_word' id='word_1_304' title='bbox 1012 4401 1181 4485; x_wconf 89' lang='lat' dir='ltr'><strong>singulares</strong></span> <span class='ocrx_word' id='word_1_305' title='bbox 1203 4404 1418 4484; x_wconf 87' lang='lat' dir='ltr'><strong>Praelationes,</strong></span> <span class='ocrx_word' id='word_1_306' title='bbox 1449 4424 1512 4470; x_wconf 89' lang='lat' dir='ltr'><strong>non</strong></span> <span class='ocrx_word' id='word_1_307' title='bbox 1534 4405 1622 4469; x_wconf 92' lang='lat' dir='ltr'><strong>modo</strong></span> <span class='ocrx_word' id='word_1_308' title='bbox 1644 4405 1729 4470; x_wconf 90' lang='lat' dir='ltr'><strong>iestis</strong></span> <span class='ocrx_word' id='word_1_309' title='bbox 1752 4408 1929 4489; x_wconf 78' lang='lat' dir='ltr'><strong>praecipuo,</strong></span> <span class='ocrx_word' id='word_1_310' title='bbox 1953 4410 2011 4463; x_wconf 81' lang='lat' dir='ltr'><strong>tum</strong></span> 
     </span>
    </p>

    <p class='ocr_par' dir='ltr' id='par_1_11' title="bbox 667 4501 2013 4589">
     <span class='ocr_line' id='line_1_34' title="bbox 667 4501 2013 4589; baseline -0.001 -23"><span class='ocrx_word' id='word_1_311' title='bbox 667 4503 818 4567; x_wconf 90' lang='lat' dir='ltr'><strong>memoriis</strong></span> <span class='ocrx_word' id='word_1_312' title='bbox 841 4510 1013 4566; x_wconf 91' lang='lat' dir='ltr'><strong>sanctorum</strong></span> <span class='ocrx_word' id='word_1_313' title='bbox 1035 4501 1235 4583; x_wconf 86' lang='lat' dir='ltr'><strong>celebrandis,</strong></span> <span class='ocrx_word' id='word_1_314' title='bbox 1257 4505 1312 4568; x_wconf 87' lang='lat' dir='ltr'><strong>sed</strong></span> <span class='ocrx_word' id='word_1_315' title='bbox 1324 4504 1490 4569; x_wconf 88' lang='lat' dir='ltr'><strong>Dominicis</strong></span> <span class='ocrx_word' id='word_1_316' title='bbox 1501 4505 1638 4589; x_wconf 88' lang='lat' dir='ltr'><strong>singulis,</strong></span> <span class='ocrx_word' id='word_1_317' title='bbox 1660 4505 1786 4587; x_wconf 89' lang='lat' dir='ltr'><strong>aliisque</strong></span> <span class='ocrx_word' id='word_1_318' title='bbox 1809 4506 1909 4570; x_wconf 87' lang='lat' dir='ltr'><strong>diebus</strong></span> <span class='ocrx_word' id='word_1_319' title='bbox 1928 4501 2013 4564; x_wconf 85' lang='lat' dir='ltr'><strong>luisse</strong></span> 
     </span>
    </p>

    <p class='ocr_par' dir='ltr' id='par_1_12' title="bbox 668 4601 2014 4687">
     <span class='ocr_line' id='line_1_35' title="bbox 668 4601 2014 4687; baseline -0.001 -20"><span class='ocrx_word' id='word_1_320' title='bbox 668 4603 843 4678; x_wconf 89' lang='lat' dir='ltr'><strong>destinatas,</strong></span> <span class='ocrx_word' id='word_1_321' title='bbox 864 4604 895 4665; x_wconf 91' lang='lat' dir='ltr'><strong>iu</strong></span> <span class='ocrx_word' id='word_1_322' title='bbox 918 4601 1024 4683; x_wconf 89' lang='lat' dir='ltr'><strong>quibus</strong></span> <span class='ocrx_word' id='word_1_323' title='bbox 1047 4601 1086 4664; x_wconf 93' lang='lat' dir='ltr'><strong>de</strong></span> <span class='ocrx_word' id='word_1_324' title='bbox 1112 4604 1264 4685; x_wconf 88' lang='lat' dir='ltr'><strong>mysteriis</strong></span> <span class='ocrx_word' id='word_1_325' title='bbox 1286 4604 1374 4685; x_wconf 89' lang='lat' dir='ltr'><strong>ipsis,</strong></span> <span class='ocrx_word' id='word_1_326' title='bbox 1405 4623 1482 4687; x_wconf 92' lang='lat' dir='ltr'><strong>quae</strong></span> <span class='ocrx_word' id='word_1_327' title='bbox 1509 4607 1568 4668; x_wconf 90' lang='lat' dir='ltr'><strong>ritu</strong></span> <span class='ocrx_word' id='word_1_328' title='bbox 1596 4606 1712 4669; x_wconf 90' lang='lat' dir='ltr'><strong>solenni</strong></span> <span class='ocrx_word' id='word_1_329' title='bbox 1740 4606 1955 4675; x_wconf 89' lang='lat' dir='ltr'><strong>recolebantnr,</strong></span> <span class='ocrx_word' id='word_1_330' title='bbox 1983 4607 2014 4661; x_wconf 82' lang='lat' dir='ltr'><strong>ut</strong></span> 
     </span>
    </p>

    <p class='ocr_par' dir='ltr' id='par_1_13' title="bbox 667 4702 2014 4787">
     <span class='ocr_line' id='line_1_36' title="bbox 667 4702 2014 4787; baseline -0.004 -20"><span class='ocrx_word' id='word_1_331' title='bbox 667 4705 755 4768; x_wconf 91' lang='lat' dir='ltr'><strong>etiam</strong></span> <span class='ocrx_word' id='word_1_332' title='bbox 784 4702 822 4766; x_wconf 93' lang='lat' dir='ltr'><strong>de</strong></span> <span class='ocrx_word' id='word_1_333' title='bbox 843 4708 1015 4767; x_wconf 88' lang='lat' dir='ltr'><strong>sanctorum</strong></span> <span class='ocrx_word' id='word_1_334' title='bbox 1038 4702 1113 4764; x_wconf 88' lang='lat' dir='ltr'><strong>actis</strong></span> <span class='ocrx_word' id='word_1_335' title='bbox 1143 4704 1284 4767; x_wconf 90' lang='lat' dir='ltr'><strong>nonnulla</strong></span> <span class='ocrx_word' id='word_1_336' title='bbox 1311 4704 1539 4784; x_wconf 89' lang='lat' dir='ltr'><strong>inserebantur,</strong></span> <span class='ocrx_word' id='word_1_337' title='bbox 1570 4705 1648 4769; x_wconf 88' lang='lat' dir='ltr'><strong>adeo</strong></span> <span class='ocrx_word' id='word_1_338' title='bbox 1674 4713 1707 4767; x_wconf 93' lang='lat' dir='ltr'><strong>ut</strong></span> <span class='ocrx_word' id='word_1_339' title='bbox 1735 4706 1901 4787; x_wconf 88' lang='lat' dir='ltr'><strong>quotidiana</strong></span> <span class='ocrx_word' id='word_1_340' title='bbox 1924 4716 2014 4782; x_wconf 87' lang='lat' dir='ltr'><strong>prope</strong></span> 
     </span>
    </p>

    <p class='ocr_par' dir='ltr' id='par_1_14' title="bbox 666 4800 2013 4886">
     <span class='ocr_line' id='line_1_37' title="bbox 666 4800 2013 4886; baseline 0.001 -19"><span class='ocrx_word' id='word_1_341' title='bbox 666 4804 746 4868; x_wconf 88' lang='lat' dir='ltr'><strong>loret</strong></span> <span class='ocrx_word' id='word_1_342' title='bbox 768 4800 987 4873; x_wconf 83' lang='lat' dir='ltr'><strong>Praelationum</strong></span> <span class='ocrx_word' id='word_1_343' title='bbox 1010 4802 1141 4868; x_wconf 87' lang='lat' dir='ltr'><strong>mutatio.</strong></span> <span class='ocrx_word' id='word_1_344' title='bbox 1185 4803 1275 4866; x_wconf 88' lang='lat' dir='ltr'><strong>&#39;lates</strong></span> <span class='ocrx_word' id='word_1_345' title='bbox 1305 4821 1426 4886; x_wconf 90' lang='lat' dir='ltr'><strong>quoque</strong></span> <span class='ocrx_word' id='word_1_346' title='bbox 1448 4804 1571 4868; x_wconf 78' lang='lat' dir='ltr'><strong>exhibet</strong></span> <span class='ocrx_word' id='word_1_347' title='bbox 1593 4805 1670 4868; x_wconf 91' lang='lat' dir='ltr'><strong>liber</strong></span> <span class='ocrx_word' id='word_1_348' title='bbox 1693 4805 1936 4869; x_wconf 81' lang='lat' dir='ltr'><strong>sacramentorum</strong></span> <span class='ocrx_word' id='word_1_349' title='bbox 1958 4816 2013 4861; x_wconf 71' lang='lat' dir='ltr'><strong>tn·</strong></span> 
     </span>
    </p>

    <p class='ocr_par' dir='ltr' id='par_1_15' title="bbox 349 4893 2011 5088">
     <span class='ocr_line' id='line_1_38' title="bbox 382 4893 2011 4994; baseline 0.002 -28"><span class='ocrx_word' id='word_1_350' title='bbox 382 4941 414 4994; x_wconf 38' lang='grc' dir='ltr'><strong>Ρ.</strong></span> <span class='ocrx_word' id='word_1_351' title='bbox 431 4939 494 4992; x_wconf 75' lang='lat'><strong><em>263.</em></strong></span> <span class='ocrx_word' id='word_1_352' title='bbox 512 4940 574 4992; x_wconf 75' lang='lat'><strong><em>2⁶7.</em></strong></span> <span class='ocrx_word' id='word_1_353' title='bbox 592 4940 654 4992; x_wconf 85' lang='lat'><em>270.</em></span> <span class='ocrx_word' id='word_1_354' title='bbox 669 4905 768 4985; x_wconf 88' lang='lat' dir='ltr'><strong>tiquus</strong></span> <span class='ocrx_word' id='word_1_355' title='bbox 790 4903 942 4965; x_wconf 84' lang='lat' dir='ltr'><strong>Romanae</strong></span> <span class='ocrx_word' id='word_1_356' title='bbox 963 4900 1121 4964; x_wconf 84' lang='lat' dir='ltr'><strong>Ecclesiae</strong></span> <span class='ocrx_word' id='word_1_357' title='bbox 1143 4923 1161 4965; x_wconf 93' lang='lat' dir='ltr'><strong>a</strong></span> <span class='ocrx_word' id='word_1_358' title='bbox 1185 4901 1344 4967; x_wconf 86' lang='lat' dir='ltr'><strong>Cardinale</strong></span> <span class='ocrx_word' id='word_1_359' title='bbox 1366 4902 1525 4968; x_wconf 85' lang='lat' dir='ltr'><strong>Thomasio</strong></span> <span class='ocrx_word' id='word_1_360' title='bbox 1547 4905 1658 4983; x_wconf 87' lang='lat' dir='ltr'><strong>editus,</strong></span> <span class='ocrx_word' id='word_1_361' title='bbox 1680 4905 1838 4969; x_wconf 87' lang='lat' dir='ltr'><strong>Gothicum</strong></span> <span class='ocrx_word' id='word_1_362' title='bbox 1851 4897 1957 4969; x_wconf 67' lang='lat' dir='ltr'><strong>nasah</strong></span> <span class='ocrx_word' id='word_1_363' title='bbox 1977 4893 2011 4957; x_wconf 64' lang='lat' dir='ltr'><strong>tl</strong></span> 
     </span>
     <span class='ocr_line' id='line_1_39' title="bbox 349 4994 2011 5088; baseline -0.002 -22"><span class='ocrx_word' id='word_1_364' title='bbox 349 5025 411 5077; x_wconf 69' lang='lat'><strong>274.</strong></span> <span class='ocrx_word' id='word_1_365' title='bbox 427 5026 489 5078; x_wconf 80' lang='lat'><strong><em>276.</em></strong></span> <span class='ocrx_word' id='word_1_366' title='bbox 506 5026 567 5079; x_wconf 83' lang='lat'><em>279.</em></span> <span class='ocrx_word' id='word_1_367' title='bbox 669 5003 775 5067; x_wconf 88' lang='lat' dir='ltr'><strong>eodem</strong></span> <span class='ocrx_word' id='word_1_368' title='bbox 796 5002 986 5084; x_wconf 86' lang='lat' dir='ltr'><strong>publicatum,</strong></span> <span class='ocrx_word' id='word_1_369' title='bbox 1009 5002 1122 5065; x_wconf 90' lang='lat' dir='ltr'><strong>similes</strong></span> <span class='ocrx_word' id='word_1_370' title='bbox 1145 5002 1233 5066; x_wconf 88' lang='lat' dir='ltr'><strong>etiam</strong></span> <span class='ocrx_word' id='word_1_371' title='bbox 1256 5012 1288 5067; x_wconf 92' lang='lat' dir='ltr'><strong>et</strong></span> <span class='ocrx_word' id='word_1_372' title='bbox 1309 5005 1404 5088; x_wconf 90' lang='lat' dir='ltr'><strong>magis</strong></span> <span class='ocrx_word' id='word_1_373' title='bbox 1419 5005 1554 5087; x_wconf 86' lang='lat' dir='ltr'><strong>prolixas</strong></span> <span class='ocrx_word' id='word_1_374' title='bbox 1573 5004 1666 5068; x_wconf 88' lang='lat' dir='ltr'><strong>babet</strong></span> <span class='ocrx_word' id='word_1_375' title='bbox 1687 5005 1743 5069; x_wconf 91' lang='lat' dir='ltr'><strong>sub</strong></span> <span class='ocrx_word' id='word_1_376' title='bbox 1766 5005 1825 5068; x_wconf 93' lang='lat' dir='ltr'><strong>hoc</strong></span> <span class='ocrx_word' id='word_1_377' title='bbox 1847 5002 1930 5069; x_wconf 88' lang='lat' dir='ltr'><strong>titulo:</strong></span> <span class='ocrx_word' id='word_1_378' title='bbox 1951 4994 2011 5057; x_wconf 73' lang='lat' dir='ltr'><strong>b·-</strong></span> 
     </span>
    </p>
   </div>
   <div class='ocr_carea' id='block_1_7' title="bbox 0 0 2268 6034">
    <p class='ocr_par' dir='ltr' id='par_1_16' title="bbox 0 0 2268 6034">
     <span class='ocr_line' id='line_1_40' title="bbox 0 0 2268 6034; baseline 0 0"><span class='ocrx_word' id='word_1_379' title='bbox 0 0 2268 6034; x_wconf 95' lang='lat' dir='ltr'><strong> </strong></span> 
     </span>
    </p>
   </div>
  </div>
 </body>
</html>
