4525 6034
642 548 719 624 108
1032 545 1651 627 ossuuvlrlortss

640 739 724 796 tasse
746 731 834 813 plura
857 751 874 794 a
897 730 1022 795 Graecis
1045 731 1219 816 exigebant,
1243 748 1332 812 quam
1352 731 1422 793 fidei
1433 733 1542 814 regula
1553 732 1789 813 praescriberet,
1811 732 2012 816 disputarent:

639 832 691 896 isti
712 851 788 896 vero
812 832 881 894 dum
904 831 1051 894 incautius
1067 831 1295 895 accusatoribus
1310 831 1372 894 suis
1388 832 1542 911 resistunt,
1565 831 1645 894 ultra
1667 831 1747 894 illius
1769 833 1914 897 terminos
1935 854 2013 915 pro-

641 931 743 1012 gressi
764 931 795 994 in
818 933 919 994 varios
933 931 1288 1014 ‘errores'impegerrmt
1311 938 1344 993 ut
1360 932 1500 1012 superius
1515 931 1744 1012 probatumest,
1767 931 2013 1015 disciplinamque

641 1037 859 1110 corruperunt,
879 1029 964 1100 ‚dum
1002 1032 1170 1094 orationum
1201 1037 1232 1093 et
1267 1029 1484 1094 sacrificiorum
1517 1030 1663 1114 suffragia
1697 1031 1735 1093 ad
1772 1032 2012 1114 impoenitentes,

640 1129 787 1209 ipsosque
809 1128 946 1192 infideles
976 1129 1188 1192 extenderunt.
1237 1130 1320 1192 llaec
1350 1147 1425 1193 vero
1454 1132 1553 1193 orantia
1582 1149 1649 1193 cum
1672 1129 1844 1194 Orientales
1872 1133 2014 1213 ignorent

640 1235 835 1310 veteremque
859 1227 1045 1309 disciplinam
1068 1230 1310 1293 constantissime
1332 1229 1392 1291 huc
1413 1247 1509 1310 usque
1531 1230 1722 1308 retinuerint,
1745 1248 1800 1293 cur
1822 1230 1880 1293 illis
1903 1230 2013 1294 similes

640 1345 764 1390 errores
787 1326 1000 1405 attribuantur,
1023 1346 1114 1391 causa
1137 1327 1247 1391 idonea
1269 1327 1351 1391 nulla
1374 1335 1431 1391 est.

350 1612 380 1665 Ρ.
398 1611 442 1666 aa
460 1610 477 1663 t
495 1612 521 1662 ⁵.
942 1605 1126 1694 Credimus,
1153 1606 1356 1693 accedimus,
1383 1604 1609 1701 obsignaram,
1636 1614 1699 1677 etc.

351 1816 627 1887 Gcnstgnauoatunio
728 1796 821 1876 Hauc
844 1809 957 1887 oratio,
985 1816 1017 1871 et
1040 1827 1118 1889 quae
1149 1826 1217 1870 cunr
1244 1809 1295 1870 illa
1323 1809 1516 1892 conjungitur
1543 1809 1750 1885 caeremonia,
1784 1826 1820 1870 ca
1848 1816 1899 1870 est
1928 1826 2013 1890 ουτοι

315 1907 448 1973 utriusque
466 1905 574 1972 ψθῡίθῑ·
641 1912 750 1977 Graeci
772 1918 883 1975 vocant
903 1900 1011 1994 Ἀγίαν
1033 1904 1157 1990 isauro,
1179 1913 1319 1974 unionem
1340 1911 1459 1975 scilicet
1473 1914 1643 1992 specierum
1657 1910 1791 1989 duarum,
1815 1918 1849 1973 ut
1869 1928 1930 1991 per
1950 1929 2014 1974 eam

640 2013 880 2085 demonstretur,
909 2011 939 2072 id
974 2009 1054 2091 quod
1092 2011 1230 2074 oratione
1263 2028 1343 2091 quae
1374 2011 1540 2074 Barsalibio
1571 2012 1710 2074 tribuitur
1737 2011 1928 2091 exprimunt,
1960 2028 2014 2093 per
2084 2039 2092 2060 ·

638 2111 797 2194 quemdam
819 2109 939 2174 modum
961 2108 1161 2190 professionis
1191 2109 1272 2188 fidei,
1295 2112 1353 2173 Ιιοο
1367 2129 1447 2196 ¹erae
1474 2130 1585 2190 corpus
1610 2111 1700 2172 istiu
1727 2111 1908 2190 magiter&
1939 2110 2014 2172 lane

638 2230 706 2274 erre
727 2211 904 2290 sanquinem
925 2210 1014 2271 istius
1036 2210 1187 2288 σοιμσιίι.
1239 2206 1314 2271 Cum
1341 2226 1417 2271 uero
1444 2208 1583 2290 plerique
1614 2207 1744 2271 Codices
1774 2207 1848 2271 Μαι.
1876 2208 2012 2271 Rubricis

638 2317 776 2386 careant,
799 2325 859 2389 quo
881 2308 941 2369 ritu
964 2307 1153 2389 consignatio
1178 2316 1209 2370 et
1230 2309 1302 2371 unio
1324 2308 1382 2371 ista
1397 2307 1448 2370 iiat
1470 2325 1531 2370 uon
1552 2307 1734 2388 explicatur,
1759 2299 1897 2387 quam'vis
1920 2308 2012 2371 disci·

637 2409 721 2491 plina
744 2408 874 2471 omnium
887 2406 1091 2469 Ecclesiarum
1105 2405 1313 2486 Orientalium,
1336 2407 1441 2470 similis
1464 2408 1585 2471 onrnino
1608 2406 1702 2470 luisse
1724 2408 1824 2470 multis
1848 2425 2012 2490 argumen-

640 2510 678 2571 tis
698 2506 861 2589 judicetur.
892 2505 1049 2578 Quomodo
1069 2507 1120 2569 liat
1134 2506 1212 2588 apud
1229 2505 1365 2587 Coptitas
1378 2514 1519 2568 accurate
1534 2507 1677 2587 exposuit
1690 2505 1813 2569 Gabriel
1827 2505 2011 2584 Patriarcha,

640 2608 726 2689 cujus
750 2605 844 2669 verba
867 2605 1023 2667 retulimus
1045 2606 1077 2668 iu
1099 2604 1322 2669 Commentario
1351 2606 1389 2668 ad
1417 2605 1496 2667 hunc
1524 2605 1679 2687 liturgiae
1707 2606 1875 2668 Basiliauae
1906 2605 2010 2666 locum

562 2699 569 2714 ’
639 2704 822 2786 Simpliciter
843 2704 1015 2768 Nestoriani
1038 2723 1078 2767 ex
1100 2704 1246 2785 particula
1275 2704 1362 2767 calici
1385 2706 1517 2767 immissa
1548 2712 1579 2767 et
1608 2704 1792 2779 madefacta,
1808 2704 1956 2792 reliquas
1982 2710 2011 2767 et

639 2808 739 2887 ipsum
762 2802 886 2866 calicem
909 2804 1096 2885 consignant
1140 2803 1173 2865 ln
1204 2804 1320 2867 Graeca
1345 2803 1452 2867 Jacobi
1480 2803 1615 2887 Litargia
1644 2805 1804 2867 discrimen
1834 2804 2011 2866 observatur

638 2905 806 2987 aSyriaca:
829 2902 911 2985 quod
933 2896 1050 2976 δὐιυσις
1067 2910 1098 2965 ct
1119 2903 1308 2987 consignatio
1331 2903 1381 2965 fiat
1403 2904 1433 2966 in
1456 2904 1513 2966 ista
1535 2911 1604 2965 ante
1627 2903 1800 2966 Orationem
1815 2902 2009 2965 Dominicaru:

637 3005 670 3068 in
693 3003 809 3067 Graeca
830 3009 901 3083 post
931 3002 1104 3065 Orationem
1134 3002 1328 3067 Dominicam.
1380 3001 1423 3065 lta
1451 3010 1550 3064 autem
1578 3002 1696 3064 Graeca
1725 3021 1761 3064 se
1790 3001 1903 3111 habept
1932 2989 2010 3063 Εἶτα

638 3099 704 3188 κλᾷ
724 3092 781 3166 τόν
803 3090 902 3187 όρτου
923 3091 942 3164 ό
951 3088 1084 3211 ispania,
1107 3096 1163 3164 καί
1184 3104 1296 3187 κρατεῖ
1323 3124 1364 3216 cp
1350 3097 1482 3184 δεξιᾷ
1500 3090 1539 3164 τό
1562 3091 1680 3184 ἥμισυ,
1708 3095 1827 3163 καί
1785 3121 1826 3185 τῃ
1855 3088 2010 3186 ἀριστερᾷ

636 3191 675 3268 τό
699 3193 802 3287 ἥμισυ
829 3195 886 3263 καί
911 3185 1035 3281 deiceret
1056 3186 1095 3263 τό
1097 3197 1191 3315 Ητῆς
1203 3194 1357 3317 δεξιρς
1339 3221 1375 3262 εν
1403 3197 1450 3282 τῷ
1476 3197 1628 3286 κρατῆρι,
1656 3195 1772 3282 λέγων,
1792 3188 1929 3273 Ἓυωσις
1955 3197 2010 3261 τοῦ

636 3294 799 3384 ποταμίου
813 3290 976 3377 σώματος,
987 3295 1043 3361 καί
1049 3318 1230 3377 τουτιμιου
1247 3293 1393 3378 αἳματος,
1407 3297 1468 3363 τοῦ
1470 3294 1608 3411 κυρίου,
1622 3320 1679 3361 και
1667 3294 1782 3361 Θεοῦ
1795 3295 1852 3362 καί
1867 3296 2009 3408 οιότῆρος

636 3391 727 3483 δμῶυ
752 3386 856 3484 Ἰησοῦ
885 3395 1045 3512 Χριρτοῦ.
1089 3393 1162 3461 Καὶ
1183 3386 1414 3484 σφραγίζει
1376 3419 1416 3461 το
1443 3396 1502 3482 τῆς
1524 3386 1711 3510 ρὶριστερᾷς·
1740 3385 1813 3460 εἶτα
1840 3385 1948 3480 τούτῳ
1966 3394 2009 3478 τῷ

638 3492 972 3616 ἐσφραγισμένοι,
932 3486 973 3560 τό
1001 3487 1149 3576 όίίλοᾩ
1115 3486 1233 3582 η’μ·ιισυ
1268 3495 1324 3561 καί
1356 3488 1485 3571 εὐθέως
1518 3486 1653 3582 όίρχεται
1688 3491 1832 3577 μελίζειν
1864 3494 1957 3561 καί
1948 3484 2008 3579 πρό

638 3618 769 3661 monuo
790 3589 918 3662 διδόναι
942 3589 990 3671 είς
1012 3593 1148 3660 ἕκαστον
1171 3595 1317 3684 κρατῆρα
1339 3587 1447 3682 ἁπλῆν
1468 3592 1578 3715 ίέρωυ.
1604 3585 1748 3658 Ἧυωται
1770 3584 1870 3657 καί
1848 3590 2006 3715 quispam,

639 3691 697 3758 καί
718 3689 980 3761 τετελείωται’
949 3716 998 3771 εις
1017 3685 1057 3759 τό
1077 3685 1182 3775 ὄνομα
1202 3695 1264 3758 τοῦ
1293 3684 1434 3782 πατρός,
1465 3692 1602 3759 καὶτοῦ
1624 3689 1713 3769 υἱοῦ,
1740 3690 1796 3758 καί
1825 3692 1889 3757 τοῦ
1917 3687 2007 3806 ἁγίου

637 3784 835 3873 πνεύματος,
858 3792 915 3859 νῦν
936 3783 1035 3858 καί
1014 3790 1075 3859 cai.
1097 3786 1270 3860 Kaidros
1291 3791 1456 3881 σφραγίζῃ
1477 3785 1534 3859 τόν
1550 3784 1648 3881 α’ρτοι
1669 3782 1890 3878 itys-’tot
1870 3813 1889 3856 o
1913 3781 2006 3872 α’μκός

637 3891 699 3958 τοῦ
724 3883 868 3971 Θεοῦ,
850 3913 868 3957 ο
891 3886 964 3967 υἱός
984 3892 1047 3957 τοῦ
1067 3882 1207 3981 πατρός,
1236 3885 1375 3980 ὁαίροιυ
1395 3884 1454 3979 τὴν
1476 3883 1641 4013 όμαρτίαυ
1662 3891 1725 3956 τοῦ
1745 3883 1880 3972 κόσμου,
1904 3910 2005 4002 oppu-

637 3983 837 4075 praedata
819 4014 865 4055 υπ
867 3987 902 4077 tp
923 3990 981 4077 τῆς
1002 3991 1063 4057 τοῦ
1083 3982 1210 4071 κόσμου
1231 3989 1327 4079 ζωῆς,
1350 3991 1406 4057 καὶ
1432 3988 1602 4078 σωτηρίας.
1646 3982 1766 4055 Καί
1746 4013 1823 4056 οταν
1850 3984 1990 4056 δίδω
1955 4014 2005 4076 apr

636 4085 758 4200 μερίδα
779 4079 886 4173 ἁπλῆν
916 4084 963 4164 εἰς
990 4087 1124 4155 ἕκαστον
1154 4091 1299 4202 κρατῆρα
1320 4085 1417 4210 dipsa.
1462 4089 1572 4178 Μερίς
1598 4083 1705 4204 cipiet„
1706 4087 1859 4176 Χριστοῦ
1886 4080 2005 4176 ariagne

636 4179 770 4276 χάριτος
793 4185 849 4253 καί
873 4177 1051 4274 ἀληθείας,
1081 4180 1208 4278 πατρός
1230 4183 1330 4255 καί
1308 4187 1404 4275 αμίου
1425 4180 1628 4271 πνεύματος,
1656 4213 1683 4274 ῳ
1706 4213 1726 4275 η
1718 4178 1830 4269 δόξα
1851 4189 1902 4253 τί..
1944 4188 2004 4252 Hoc

636 4297 747 4353 estex
769 4290 869 4353 veteri
890 4290 1151 4371 interpretatione.
1195 4291 1313 4354 Deinde
1338 4291 1492 4354 Sacerdos
1518 4292 1638 4372 frartgit
1654 4310 1775 4371 purtem,
1798 4291 2005 4369 dimidiamque

635 4388 760 4465 dextra,
782 4390 909 4450 ιίυίτίνσ
930 4408 1005 4451 nero
1022 4390 1180 4452 dimidium
1195 4397 1283 4466 tenet,
1306 4397 1335 4452 et
1355 4392 1436 4471 quod
1457 4398 1536 4453 tenet
1555 4410 1647 4452 muna
1668 4391 1790 4464 decem
1811 4389 1959 4467 inspergit
1976 4387 2004 4447 in

636 4487 764 4548 calicem
785 4489 900 4550 dicens.
936 4486 1029 4566 ,Unio
1055 4489 1236 4551 sanctissimi
1267 4490 1415 4569 corporis,
1438 4496 1469 4552 et
1498 4490 1624 4570 pretiosi
1653 4487 1809 4570 sanguinis
1838 4486 1956 4549 Domini
1976 4492 2004 4548 et

634 4583 694 4648 Dei
717 4604 753 4648 ao
776 4587 943 4649 servatoris
967 4588 1062 4649 nostri
1083 4585 1159 4651 lesu
1173 4586 1293 4651 Christi.
1322 4588 1365 4651 Et
1384 4591 1486 4670 ιίρκσι
1506 4590 1540 4651 id
1560 4589 1641 4670 quod
1662 4595 1741 4649 tenet
1760 4605 1852 4648 οισκα
1874 4588 2003 4659 sinistre

636 4685 746 4747 deinde
767 4685 827 4748 laoc
848 4685 977 4766 signato,
1001 4686 1129 4748 alterutra
1150 4687 1307 4749 dimidium
1334 4689 1457 4767 sigraoti
1486 4689 1650 4749 aestatim
1678 4687 1786 4766 occipit
1811 4685 1958 4760 dividere,
1978 4691 2004 4743 et

637 4789 709 4844 unte
737 4785 841 4845 omnio
869 4785 1052 4847 disaibuere
1084 4785 1116 4846 in
1146 4785 1280 4866 α’κραίσι
1309 4786 1435 4862 culices,
1459 4794 1580 4866 portem
1605 4804 1697 4847 rmum
1726 4786 1841 4847 διὀειισ.
1892 4783 2003 4845 Unitun

639 4887 687 4943 est
710 4888 741 4943 et
763 4883 977 4946 sanctificatum
1001 4892 1032 4945 et
1055 4891 1302 4963 consummatum,
1330 4885 1360 4946 in
1388 4886 1508 4947 nomine
1529 4884 1644 4963 Patris,
1678 4893 1709 4947 et
1725 4884 1800 4983 ‘Filii
1827 4890 1860 4945 et
1882 4880 2001 4961 Spiritus

636 4981 848 5060 sanctiones
871 4992 903 5046 et
923 5000 1055 5065 semper.
1098 4983 1140 5045 Et
1161 5003 1229 5046 αισι
1250 4986 1353 5066 signet
1368 5003 1480 5064 paoem
1502 4985 1585 5049 dicit.
1616 4984 1699 5048 Ecce
1722 5001 1820 5066 agnus
1842 4982 1910 5059 Dei,
1931 4977 2000 5040 lilius
