<?xml version="1.0" encoding="UTF-8"?>
<!DOCTYPE html PUBLIC "-//W3C//DTD XHTML 1.0 Transitional//EN"
    "http://www.w3.org/TR/xhtml1/DTD/xhtml1-transitional.dtd">
<html xmlns="http://www.w3.org/1999/xhtml" xml:lang="en" lang="en">
 <head>
  <title>
</title>
<meta http-equiv="Content-Type" content="text/html;charset=utf-8" />
  <meta name='ocr-system' content='tesseract 3.04.00' />
  <meta name='ocr-capabilities' content='ocr_page ocr_carea ocr_par ocr_line ocrx_word'/>
</head>
<body>
  <div class='ocr_page' id='page_1' title='image "./liturgiarumorie00unkngoog/liturgiarumorie00unkngoog_1244.png"; bbox 0 0 4525 6034; ppageno 0'>
   <div class='ocr_carea' id='block_1_1' title="bbox 731 559 1534 638">
    <p class='ocr_par' dir='ltr' id='par_1_1' title="bbox 731 559 1534 638">
     <span class='ocr_line' id='line_1_1' title="bbox 731 559 1534 638; baseline 0.002 -5"><span class='ocrx_word' id='word_1_1' title='bbox 731 559 809 634; x_wconf 85' lang='grc'>538</span> <span class='ocrx_word' id='word_1_2' title='bbox 1301 559 1534 638; x_wconf 82' lang='lat' dir='ltr'><strong>NOTAE</strong></span> 
     </span>
    </p>
   </div>
   <div class='ocr_carea' id='block_1_2' title="bbox 728 723 2162 2121">
    <p class='ocr_par' dir='ltr' id='par_1_2' title="bbox 728 723 2162 2121">
     <span class='ocr_line' id='line_1_2' title="bbox 730 723 2162 839; baseline 0 -20"><span class='ocrx_word' id='word_1_3' title='bbox 730 749 776 820; x_wconf 89' lang='lat' dir='ltr'>ita</span> <span class='ocrx_word' id='word_1_4' title='bbox 803 750 902 820; x_wconf 87' lang='lat' dir='ltr'>etiam</span> <span class='ocrx_word' id='word_1_5' title='bbox 929 770 990 822; x_wconf 90' lang='lat' dir='ltr'>eos</span> <span class='ocrx_word' id='word_1_6' title='bbox 1017 746 1181 839; x_wconf 84' lang='lat' dir='ltr'>adjungas</span> <span class='ocrx_word' id='word_1_7' title='bbox 1207 748 1239 818; x_wconf 94' lang='lat' dir='ltr'>in</span> <span class='ocrx_word' id='word_1_8' title='bbox 1265 746 1422 819; x_wconf 87' lang='lat' dir='ltr'>familiam</span> <span class='ocrx_word' id='word_1_9' title='bbox 1448 757 1554 819; x_wconf 87' lang='lat' dir='ltr'>tuam:</span> <span class='ocrx_word' id='word_1_10' title='bbox 1582 744 1688 819; x_wconf 88' lang='lat' dir='ltr'>adduc</span> <span class='ocrx_word' id='word_1_11' title='bbox 1716 768 1778 819; x_wconf 87' lang='lat' dir='ltr'>eos</span> <span class='ocrx_word' id='word_1_12' title='bbox 1806 746 2048 838; x_wconf 79' lang='lat' dir='ltr'>adonicum,</span> <span class='ocrx_word' id='word_1_13' title='bbox 2158 723 2162 734; x_wconf 49' lang='grc'><strong><em>’</em></strong></span> 
     </span>
     <span class='ocr_line' id='line_1_3' title="bbox 729 861 2050 959; baseline -0.001 -23"><span class='ocrx_word' id='word_1_14' title='bbox 729 863 828 936; x_wconf 88' lang='lat' dir='ltr'>induo</span> <span class='ocrx_word' id='word_1_15' title='bbox 854 863 929 936; x_wconf 91' lang='lat' dir='ltr'>illos</span> <span class='ocrx_word' id='word_1_16' title='bbox 956 868 990 936; x_wconf 94' lang='lat' dir='ltr'>in</span> <span class='ocrx_word' id='word_1_17' title='bbox 1016 885 1156 957; x_wconf 80' lang='lat' dir='ltr'>gregem</span> <span class='ocrx_word' id='word_1_18' title='bbox 1185 872 1289 935; x_wconf 87' lang='lat' dir='ltr'>tuum:</span> <span class='ocrx_word' id='word_1_19' title='bbox 1317 861 1468 957; x_wconf 84' lang='lat' dir='ltr'>guhema</span> <span class='ocrx_word' id='word_1_20' title='bbox 1494 884 1556 936; x_wconf 89' lang='lat' dir='ltr'>eos</span> <span class='ocrx_word' id='word_1_21' title='bbox 1582 884 1644 959; x_wconf 91' lang='lat' dir='ltr'>per</span> <span class='ocrx_word' id='word_1_22' title='bbox 1670 865 1841 936; x_wconf 85' lang='lat' dir='ltr'>caritatem</span> <span class='ocrx_word' id='word_1_23' title='bbox 1861 872 1952 938; x_wconf 81' lang='lat' dir='ltr'>marn:</span> <span class='ocrx_word' id='word_1_24' title='bbox 1973 864 2050 956; x_wconf 82' lang='lat' dir='ltr'>dirige</span> 
     </span>
     <span class='ocr_line' id='line_1_4' title="bbox 731 978 2051 1075; baseline -0.001 -23"><span class='ocrx_word' id='word_1_25' title='bbox 731 1002 794 1053; x_wconf 89' lang='lat' dir='ltr'>eos</span> <span class='ocrx_word' id='word_1_26' title='bbox 820 983 853 1050; x_wconf 93' lang='lat' dir='ltr'>in</span> <span class='ocrx_word' id='word_1_27' title='bbox 878 983 969 1052; x_wconf 83' lang='lat' dir='ltr'>viam</span> <span class='ocrx_word' id='word_1_28' title='bbox 995 991 1099 1053; x_wconf 79' lang='lat' dir='ltr'>mam:</span> <span class='ocrx_word' id='word_1_29' title='bbox 1126 978 1183 1052; x_wconf 87' lang='lat' dir='ltr'>iao</span> <span class='ocrx_word' id='word_1_30' title='bbox 1209 1002 1271 1053; x_wconf 90' lang='lat' dir='ltr'>eos</span> <span class='ocrx_word' id='word_1_31' title='bbox 1299 979 1341 1052; x_wconf 85' lang='lat' dir='ltr'>ad</span> <span class='ocrx_word' id='word_1_32' title='bbox 1368 989 1499 1075; x_wconf 89' lang='lat' dir='ltr'>portum</span> <span class='ocrx_word' id='word_1_33' title='bbox 1525 990 1615 1051; x_wconf 89' lang='lat' dir='ltr'>tuam</span> <span class='ocrx_word' id='word_1_34' title='bbox 1641 983 1839 1075; x_wconf 86' lang='lat' dir='ltr'>pervenire:</span> <span class='ocrx_word' id='word_1_35' title='bbox 1864 1005 1940 1055; x_wconf 86' lang='lat' dir='ltr'>voca</span> <span class='ocrx_word' id='word_1_36' title='bbox 1955 1004 2002 1053; x_wconf 89' lang='lat' dir='ltr'>eos</span> <span class='ocrx_word' id='word_1_37' title='bbox 2021 981 2051 1052; x_wconf 85' lang='lat' dir='ltr'>nd</span> 
     </span>
     <span class='ocr_line' id='line_1_5' title="bbox 731 1093 2053 1185; baseline -0.001 -18"><span class='ocrx_word' id='word_1_38' title='bbox 731 1093 970 1169; x_wconf 83' lang='lat' dir='ltr'>haereditatem</span> <span class='ocrx_word' id='word_1_39' title='bbox 997 1106 1102 1168; x_wconf 88' lang='lat' dir='ltr'>tuam:</span> <span class='ocrx_word' id='word_1_40' title='bbox 1131 1119 1265 1169; x_wconf 82' lang='lat' dir='ltr'><strong>assume</strong></span> <span class='ocrx_word' id='word_1_41' title='bbox 1291 1118 1352 1168; x_wconf 89' lang='lat' dir='ltr'>eos</span> <span class='ocrx_word' id='word_1_42' title='bbox 1380 1100 1412 1166; x_wconf 92' lang='lat' dir='ltr'>in</span> <span class='ocrx_word' id='word_1_43' title='bbox 1438 1095 1573 1168; x_wconf 91' lang='lat' dir='ltr'>domum</span> <span class='ocrx_word' id='word_1_44' title='bbox 1599 1107 1701 1185; x_wconf 80' lang='lat' dir='ltr'>tuam,</span> <span class='ocrx_word' id='word_1_45' title='bbox 1726 1096 1858 1171; x_wconf 87' lang='lat' dir='ltr'>colloca</span> <span class='ocrx_word' id='word_1_46' title='bbox 1878 1121 1932 1173; x_wconf 88' lang='lat' dir='ltr'>eos</span> <span class='ocrx_word' id='word_1_47' title='bbox 1953 1100 1980 1166; x_wconf 94' lang='lat' dir='ltr'>in</span> <span class='ocrx_word' id='word_1_48' title='bbox 1999 1095 2053 1166; x_wconf 88' lang='lat' dir='ltr'>dis-</span> 
     </span>
     <span class='ocr_line' id='line_1_6' title="bbox 731 1210 2054 1306; baseline -0.002 -22"><span class='ocrx_word' id='word_1_49' title='bbox 731 1211 843 1286; x_wconf 79' lang='lat' dir='ltr'>cubitu</span> <span class='ocrx_word' id='word_1_50' title='bbox 870 1221 945 1299; x_wconf 86' lang='lat' dir='ltr'>tnn,</span> <span class='ocrx_word' id='word_1_51' title='bbox 973 1213 1105 1285; x_wconf 88' lang='lat' dir='ltr'>advoca</span> <span class='ocrx_word' id='word_1_52' title='bbox 1141 1233 1203 1285; x_wconf 89' lang='lat' dir='ltr'>eos</span> <span class='ocrx_word' id='word_1_53' title='bbox 1238 1211 1280 1284; x_wconf 84' lang='lat' dir='ltr'>ad</span> <span class='ocrx_word' id='word_1_54' title='bbox 1307 1210 1483 1285; x_wconf 75' lang='lat' dir='ltr'><strong>thalamum</strong></span> <span class='ocrx_word' id='word_1_55' title='bbox 1511 1222 1617 1284; x_wconf 89' lang='lat' dir='ltr'>tuum:</span> <span class='ocrx_word' id='word_1_56' title='bbox 1644 1234 1821 1306; x_wconf 83' lang='lat' dir='ltr'>congrega</span> <span class='ocrx_word' id='word_1_57' title='bbox 1848 1238 1904 1288; x_wconf 91' lang='lat' dir='ltr'>eos</span> <span class='ocrx_word' id='word_1_58' title='bbox 1928 1211 1964 1285; x_wconf 90' lang='lat' dir='ltr'>ad</span> <span class='ocrx_word' id='word_1_59' title='bbox 1989 1232 2054 1283; x_wconf 87' lang='lat' dir='ltr'>con-</span> 
     </span>
     <span class='ocr_line' id='line_1_7' title="bbox 730 1328 2055 1425; baseline -0.002 -25"><span class='ocrx_word' id='word_1_60' title='bbox 730 1332 859 1401; x_wconf 87' lang='lat' dir='ltr'>vivium</span> <span class='ocrx_word' id='word_1_61' title='bbox 892 1340 998 1401; x_wconf 80' lang='lat' dir='ltr'>mum:</span> <span class='ocrx_word' id='word_1_62' title='bbox 1035 1328 1189 1402; x_wconf 82' lang='lat' dir='ltr'>conforta</span> <span class='ocrx_word' id='word_1_63' title='bbox 1222 1351 1283 1402; x_wconf 90' lang='lat' dir='ltr'>eos</span> <span class='ocrx_word' id='word_1_64' title='bbox 1314 1349 1377 1425; x_wconf 87' lang='lat' dir='ltr'>per</span> <span class='ocrx_word' id='word_1_65' title='bbox 1410 1349 1504 1425; x_wconf 86' lang='lat' dir='ltr'>spem</span> <span class='ocrx_word' id='word_1_66' title='bbox 1537 1338 1641 1401; x_wconf 82' lang='lat' dir='ltr'>mam:</span> <span class='ocrx_word' id='word_1_67' title='bbox 1673 1330 1755 1422; x_wconf 88' lang='lat' dir='ltr'>jube</span> <span class='ocrx_word' id='word_1_68' title='bbox 1790 1354 1853 1405; x_wconf 90' lang='lat' dir='ltr'>eos</span> <span class='ocrx_word' id='word_1_69' title='bbox 1883 1331 1921 1403; x_wconf 90' lang='lat' dir='ltr'>ad</span> <span class='ocrx_word' id='word_1_70' title='bbox 1949 1348 2055 1419; x_wconf 79' lang='lat' dir='ltr'>regnan</span> 
     </span>
     <span class='ocr_line' id='line_1_8' title="bbox 731 1444 2056 1540; baseline -0.004 -25"><span class='ocrx_word' id='word_1_71' title='bbox 731 1453 822 1516; x_wconf 85' lang='lat' dir='ltr'>tuum</span> <span class='ocrx_word' id='word_1_72' title='bbox 853 1449 988 1517; x_wconf 88' lang='lat' dir='ltr'>venire:</span> <span class='ocrx_word' id='word_1_73' title='bbox 1021 1466 1190 1518; x_wconf 88' lang='lat' dir='ltr'>conserva</span> <span class='ocrx_word' id='word_1_74' title='bbox 1232 1467 1293 1518; x_wconf 88' lang='lat' dir='ltr'>eos</span> <span class='ocrx_word' id='word_1_75' title='bbox 1332 1466 1396 1540; x_wconf 91' lang='lat' dir='ltr'>per</span> <span class='ocrx_word' id='word_1_76' title='bbox 1429 1466 1564 1515; x_wconf 89' lang='lat' dir='ltr'>crucem</span> <span class='ocrx_word' id='word_1_77' title='bbox 1596 1454 1703 1535; x_wconf 75' lang='lat' dir='ltr'>taam,</span> <span class='ocrx_word' id='word_1_78' title='bbox 1743 1445 1905 1519; x_wconf 78' lang='lat' dir='ltr'>auxiliare</span> <span class='ocrx_word' id='word_1_79' title='bbox 1933 1444 1987 1515; x_wconf 88' lang='lat' dir='ltr'>ilis</span> <span class='ocrx_word' id='word_1_80' title='bbox 2012 1463 2056 1535; x_wconf 85' lang='lat' dir='ltr'>per</span> 
     </span>
     <span class='ocr_line' id='line_1_9' title="bbox 732 1559 2056 1657; baseline -0.004 -26"><span class='ocrx_word' id='word_1_81' title='bbox 732 1559 905 1634; x_wconf 83' lang='lat' dir='ltr'>dexteram</span> <span class='ocrx_word' id='word_1_82' title='bbox 939 1570 1044 1634; x_wconf 80' lang='lat' dir='ltr'>mam:</span> <span class='ocrx_word' id='word_1_83' title='bbox 1080 1560 1204 1653; x_wconf 82' lang='lat' dir='ltr'>adJ&#39;uva</span> <span class='ocrx_word' id='word_1_84' title='bbox 1238 1582 1300 1634; x_wconf 92' lang='lat' dir='ltr'>eos</span> <span class='ocrx_word' id='word_1_85' title='bbox 1331 1577 1394 1657; x_wconf 89' lang='lat' dir='ltr'>per</span> <span class='ocrx_word' id='word_1_86' title='bbox 1426 1560 1636 1633; x_wconf 89' lang='lat' dir='ltr'>clementiam</span> <span class='ocrx_word' id='word_1_87' title='bbox 1669 1571 1777 1635; x_wconf 87' lang='lat' dir='ltr'>tuam:</span> <span class='ocrx_word' id='word_1_88' title='bbox 1814 1566 1908 1636; x_wconf 86' lang='lat' dir='ltr'>salva</span> <span class='ocrx_word' id='word_1_89' title='bbox 1940 1581 1989 1632; x_wconf 86' lang='lat' dir='ltr'>eos</span> <span class='ocrx_word' id='word_1_90' title='bbox 2012 1579 2056 1652; x_wconf 87' lang='lat' dir='ltr'>per</span> 
     </span>
     <span class='ocr_line' id='line_1_10' title="bbox 730 1673 2057 1775; baseline -0.002 -28"><span class='ocrx_word' id='word_1_91' title='bbox 730 1673 900 1748; x_wconf 82' lang='lat' dir='ltr'>brachium</span> <span class='ocrx_word' id='word_1_92' title='bbox 928 1688 1033 1750; x_wconf 90' lang='lat' dir='ltr'>tuum:</span> <span class='ocrx_word' id='word_1_93' title='bbox 1060 1700 1191 1750; x_wconf 85' lang='lat' dir='ltr'>exorna</span> <span class='ocrx_word' id='word_1_94' title='bbox 1219 1699 1280 1749; x_wconf 88' lang='lat' dir='ltr'>cos</span> <span class='ocrx_word' id='word_1_95' title='bbox 1308 1676 1487 1773; x_wconf 84' lang='lat' dir='ltr'>splendore</span> <span class='ocrx_word' id='word_1_96' title='bbox 1513 1685 1589 1749; x_wconf 92' lang='lat' dir='ltr'>tuo:</span> <span class='ocrx_word' id='word_1_97' title='bbox 1617 1678 1784 1750; x_wconf 84' lang='lat' dir='ltr'>sanctifica</span> <span class='ocrx_word' id='word_1_98' title='bbox 1818 1700 1877 1749; x_wconf 90' lang='lat' dir='ltr'>eos</span> <span class='ocrx_word' id='word_1_99' title='bbox 1907 1701 1962 1775; x_wconf 91' lang='lat' dir='ltr'>per</span> <span class='ocrx_word' id='word_1_100' title='bbox 1986 1678 2057 1746; x_wconf 85' lang='lat' dir='ltr'>rcri-</span> 
     </span>
     <span class='ocr_line' id='line_1_11' title="bbox 731 1792 2058 1887; baseline -0.003 -22"><span class='ocrx_word' id='word_1_101' title='bbox 731 1801 833 1866; x_wconf 88' lang='lat' dir='ltr'>tatem</span> <span class='ocrx_word' id='word_1_102' title='bbox 859 1802 963 1866; x_wconf 90' lang='lat' dir='ltr'>tuam:</span> <span class='ocrx_word' id='word_1_103' title='bbox 990 1797 1152 1866; x_wconf 90' lang='lat' dir='ltr'>miserere</span> <span class='ocrx_word' id='word_1_104' title='bbox 1178 1792 1275 1867; x_wconf 91' lang='lat' dir='ltr'>nohis</span> <span class='ocrx_word' id='word_1_105' title='bbox 1303 1793 1454 1866; x_wconf 90' lang='lat' dir='ltr'>omnihus</span> <span class='ocrx_word' id='word_1_106' title='bbox 1485 1793 1666 1867; x_wconf 87' lang='lat' dir='ltr'>secundnm</span> <span class='ocrx_word' id='word_1_107' title='bbox 1700 1798 1843 1887; x_wconf 82' lang='lat' dir='ltr'>gratiam</span> <span class='ocrx_word' id='word_1_108' title='bbox 1874 1804 1966 1866; x_wconf 91' lang='lat' dir='ltr'>tuam:</span> <span class='ocrx_word' id='word_1_109' title='bbox 1994 1813 2058 1862; x_wconf 91' lang='lat' dir='ltr'>con·</span> 
     </span>
     <span class='ocr_line' id='line_1_12' title="bbox 732 1905 2158 2005; baseline -0.003 -25"><span class='ocrx_word' id='word_1_110' title='bbox 732 1908 817 1982; x_wconf 88' lang='lat' dir='ltr'>cede</span> <span class='ocrx_word' id='word_1_111' title='bbox 843 1910 941 1983; x_wconf 89' lang='lat' dir='ltr'>nohis</span> <span class='ocrx_word' id='word_1_112' title='bbox 968 1908 1202 1982; x_wconf 73' lang='lat' dir='ltr'>abundantiam</span> <span class='ocrx_word' id='word_1_113' title='bbox 1227 1908 1464 1983; x_wconf 85' lang='lat' dir='ltr'>beneficiorum</span> <span class='ocrx_word' id='word_1_114' title='bbox 1485 1919 1631 1999; x_wconf 75' lang='lat' dir='ltr'>morum,</span> <span class='ocrx_word' id='word_1_115' title='bbox 1658 1920 1692 1982; x_wconf 91' lang='lat' dir='ltr'>et</span> <span class='ocrx_word' id='word_1_116' title='bbox 1706 1910 1859 2002; x_wconf 86' lang='lat' dir='ltr'>laudem,</span> <span class='ocrx_word' id='word_1_117' title='bbox 1885 1921 1973 2005; x_wconf 86' lang='lat' dir='ltr'>atque</span> <span class='ocrx_word' id='word_1_118' title='bbox 1994 1905 2058 1977; x_wconf 90' lang='lat' dir='ltr'>ado·</span> <span class='ocrx_word' id='word_1_119' title='bbox 2155 1978 2158 1986; x_wconf 78' lang='grc'><em>,</em></span> 
     </span>
     <span class='ocr_line' id='line_1_13' title="bbox 728 2023 2013 2121; baseline -0.003 -21"><span class='ocrx_word' id='word_1_120' title='bbox 728 2028 895 2100; x_wconf 81' lang='lat' dir='ltr'>rationem</span> <span class='ocrx_word' id='word_1_121' title='bbox 921 2024 1106 2100; x_wconf 85' lang='lat' dir='ltr'>referemus</span> <span class='ocrx_word' id='word_1_122' title='bbox 1132 2024 1192 2099; x_wconf 90' lang='lat' dir='ltr'>tibi</span> <span class='ocrx_word' id='word_1_123' title='bbox 1219 2037 1254 2098; x_wconf 89' lang='lat' dir='ltr'>et</span> <span class='ocrx_word' id='word_1_124' title='bbox 1278 2027 1369 2098; x_wconf 89' lang='lat' dir='ltr'>Patri</span> <span class='ocrx_word' id='word_1_125' title='bbox 1395 2035 1472 2116; x_wconf 74' lang='lat' dir='ltr'>tuo,</span> <span class='ocrx_word' id='word_1_126' title='bbox 1499 2036 1533 2098; x_wconf 92' lang='lat' dir='ltr'>et</span> <span class='ocrx_word' id='word_1_127' title='bbox 1558 2023 1695 2121; x_wconf 84' lang='lat' dir='ltr'>Spiritui</span> <span class='ocrx_word' id='word_1_128' title='bbox 1720 2037 1777 2099; x_wconf 87' lang='lat' dir='ltr'>too</span> <span class='ocrx_word' id='word_1_129' title='bbox 1806 2039 1939 2114; x_wconf 88' lang='lat' dir='ltr'>sancto,</span> <span class='ocrx_word' id='word_1_130' title='bbox 1962 2036 2013 2098; x_wconf 83' lang='lat' dir='ltr'>etc.</span> 
     </span>
    </p>
   </div>
   <div class='ocr_carea' id='block_1_3' title="bbox 1245 2362 1692 2411">
    <p class='ocr_par' dir='ltr' id='par_1_3' title="bbox 1143 2362 1692 2411">
     <span class='ocr_line' id='line_1_14' title="bbox 1245 2362 1692 2411; baseline 0.011 -21.885"><span class='ocrx_word' id='word_1_131' title='bbox 1245 2362 1692 2411; x_wconf 46' lang='grc' dir='ltr'>,ψ</span> 
     </span>
    </p>
   </div>
   <div class='ocr_carea' id='block_1_4' title="bbox 640 2717 2072 2864">
    <p class='ocr_par' dir='ltr' id='par_1_4' title="bbox 640 2699 2072 2864">
     <span class='ocr_line' id='line_1_15' title="bbox 640 2717 2072 2864; baseline -0.01 -3"><span class='ocrx_word' id='word_1_132' title='bbox 640 2739 644 2746; x_wconf 83' lang='grc'><strong>’</strong></span> <span class='ocrx_word' id='word_1_133' title='bbox 731 2769 797 2862; x_wconf 87' lang='lat' dir='ltr'>rn</span> <span class='ocrx_word' id='word_1_134' title='bbox 848 2769 1230 2864; x_wconf 79' lang='lat' dir='ltr'>nrnuacrnn</span> <span class='ocrx_word' id='word_1_135' title='bbox 1287 2717 1560 2863; x_wconf 81' lang='lat' dir='ltr'>nonnum</span> <span class='ocrx_word' id='word_1_136' title='bbox 1612 2764 2072 2862; x_wconf 74' lang='lat' dir='ltr'>incarnatam.</span> 
     </span>
    </p>
   </div>
   <div class='ocr_carea' id='block_1_5' title="bbox 1032 2986 1792 3270">
    <p class='ocr_par' dir='ltr' id='par_1_5' title="bbox 1032 2986 1792 3270">
     <span class='ocr_line' id='line_1_16' title="bbox 1032 2986 1792 3084; baseline 0 -17"><span class='ocrx_word' id='word_1_137' title='bbox 1032 2987 1277 3084; x_wconf 84' lang='lat' dir='ltr'>nnroonmr,</span> <span class='ocrx_word' id='word_1_138' title='bbox 1305 2986 1525 3066; x_wconf 86' lang='lat' dir='ltr'>ooononnn</span> <span class='ocrx_word' id='word_1_139' title='bbox 1551 2989 1638 3065; x_wconf 86' lang='lat' dir='ltr'>ann</span> <span class='ocrx_word' id='word_1_140' title='bbox 1663 2990 1792 3067; x_wconf 78' lang='lat' dir='ltr'>namn</span> 
     </span>
     <span class='ocr_line' id='line_1_17' title="bbox 1239 3179 1504 3270; baseline -0.015 -1"><span class='ocrx_word' id='word_1_141' title='bbox 1239 3199 1242 3210; x_wconf 93' lang='lat'>·</span> <span class='ocrx_word' id='word_1_142' title='bbox 1330 3179 1504 3270; x_wconf 81' lang='lat' dir='ltr'>noris.</span> 
     </span>
    </p>
   </div>
   <div class='ocr_carea' id='block_1_6' title="bbox 729 3473 2110 5164">
    <p class='ocr_par' dir='ltr' id='par_1_6' title="bbox 729 3473 2110 5164">
     <span class='ocr_line' id='line_1_18' title="bbox 819 3473 2068 3567; baseline -0.005 -19"><span class='ocrx_word' id='word_1_143' title='bbox 819 3486 848 3548; x_wconf 88' lang='lat' dir='ltr'>l.</span> <span class='ocrx_word' id='word_1_144' title='bbox 892 3473 970 3567; x_wconf 81' lang='lat' dir='ltr'>Quis</span> <span class='ocrx_word' id='word_1_145' title='bbox 1000 3482 1090 3546; x_wconf 84' lang='lat' dir='ltr'>suerit</span> <span class='ocrx_word' id='word_1_146' title='bbox 1117 3482 1251 3565; x_wconf 82' lang='lat' dir='ltr'>Ignatins</span> <span class='ocrx_word' id='word_1_147' title='bbox 1280 3481 1331 3544; x_wconf 87' lang='lat' dir='ltr'>ille</span> <span class='ocrx_word' id='word_1_148' title='bbox 1353 3481 1525 3545; x_wconf 89' lang='lat' dir='ltr'>Patriarcha</span> <span class='ocrx_word' id='word_1_149' title='bbox 1546 3481 1773 3561; x_wconf 68' lang='lat' dir='ltr'>Antiocheam,</span> <span class='ocrx_word' id='word_1_150' title='bbox 1805 3482 1890 3545; x_wconf 87' lang='lat' dir='ltr'>scire</span> <span class='ocrx_word' id='word_1_151' title='bbox 1917 3480 1973 3543; x_wconf 90' lang='lat' dir='ltr'>huc</span> <span class='ocrx_word' id='word_1_152' title='bbox 1996 3491 2068 3557; x_wconf 75' lang='lat' dir='ltr'>mque</span> 
     </span>
     <span class='ocr_line' id='line_1_19' title="bbox 731 3580 2068 3670; baseline -0.01 -18"><span class='ocrx_word' id='word_1_153' title='bbox 731 3606 794 3651; x_wconf 91' lang='lat' dir='ltr'>non</span> <span class='ocrx_word' id='word_1_154' title='bbox 816 3591 980 3670; x_wconf 88' lang='lat' dir='ltr'>potuimus:</span> <span class='ocrx_word' id='word_1_155' title='bbox 1010 3586 1130 3649; x_wconf 85' lang='lat' dir='ltr'>inerunt</span> <span class='ocrx_word' id='word_1_156' title='bbox 1153 3588 1233 3649; x_wconf 87' lang='lat' dir='ltr'>enim</span> <span class='ocrx_word' id='word_1_157' title='bbox 1260 3586 1364 3668; x_wconf 91' lang='lat' dir='ltr'>plures</span> <span class='ocrx_word' id='word_1_158' title='bbox 1387 3586 1445 3648; x_wconf 89' lang='lat' dir='ltr'>hoo</span> <span class='ocrx_word' id='word_1_159' title='bbox 1467 3588 1587 3658; x_wconf 86' lang='lat' dir='ltr'>nomine</span> <span class='ocrx_word' id='word_1_160' title='bbox 1610 3586 1789 3650; x_wconf 83' lang='lat' dir='ltr'>Antiocheni</span> <span class='ocrx_word' id='word_1_161' title='bbox 1811 3584 2007 3649; x_wconf 86' lang='lat' dir='ltr'>Jaoohitarun</span> <span class='ocrx_word' id='word_1_162' title='bbox 2026 3580 2068 3641; x_wconf 87' lang='lat' dir='ltr'>Pa·</span> 
     </span>
     <span class='ocr_line' id='line_1_20' title="bbox 732 3682 2069 3770; baseline -0.007 -19"><span class='ocrx_word' id='word_1_163' title='bbox 732 3686 892 3767; x_wconf 83' lang='lat' dir='ltr'>triarchas,</span> <span class='ocrx_word' id='word_1_164' title='bbox 916 3686 955 3752; x_wconf 90' lang='lat' dir='ltr'>oh</span> <span class='ocrx_word' id='word_1_165' title='bbox 977 3688 1078 3770; x_wconf 78' lang='lat' dir='ltr'>magni</span> <span class='ocrx_word' id='word_1_166' title='bbox 1107 3686 1187 3749; x_wconf 88' lang='lat' dir='ltr'>illius</span> <span class='ocrx_word' id='word_1_167' title='bbox 1210 3686 1351 3767; x_wconf 80' lang='lat' dir='ltr'>martyris</span> <span class='ocrx_word' id='word_1_168' title='bbox 1374 3688 1594 3749; x_wconf 87' lang='lat' dir='ltr'>reverentiam:</span> <span class='ocrx_word' id='word_1_169' title='bbox 1625 3686 1681 3750; x_wconf 90' lang='lat' dir='ltr'>sed</span> <span class='ocrx_word' id='word_1_170' title='bbox 1704 3685 1786 3767; x_wconf 86' lang='lat' dir='ltr'>quod</span> <span class='ocrx_word' id='word_1_171' title='bbox 1809 3702 1828 3746; x_wconf 89' lang='lat' dir='ltr'>a</span> <span class='ocrx_word' id='word_1_172' title='bbox 1851 3682 1997 3747; x_wconf 89' lang='lat' dir='ltr'>nonnuliis</span> <span class='ocrx_word' id='word_1_173' title='bbox 2014 3696 2069 3761; x_wconf 87' lang='lat' dir='ltr'>pro-</span> 
     </span>
     <span class='ocr_line' id='line_1_21' title="bbox 733 3783 2068 3868; baseline -0.004 -18"><span class='ocrx_word' id='word_1_174' title='bbox 733 3788 825 3850; x_wconf 84' lang='lat' dir='ltr'>ditum</span> <span class='ocrx_word' id='word_1_175' title='bbox 847 3795 904 3861; x_wconf 87' lang='lat' dir='ltr'>cst,</span> <span class='ocrx_word' id='word_1_176' title='bbox 928 3804 1032 3850; x_wconf 90' lang='lat' dir='ltr'>omnes</span> <span class='ocrx_word' id='word_1_177' title='bbox 1054 3785 1147 3868; x_wconf 82' lang='lat' dir='ltr'>vulgo</span> <span class='ocrx_word' id='word_1_178' title='bbox 1169 3787 1210 3848; x_wconf 89' lang='lat' dir='ltr'>ita</span> <span class='ocrx_word' id='word_1_179' title='bbox 1232 3785 1389 3867; x_wconf 88' lang='lat' dir='ltr'>appellari,</span> <span class='ocrx_word' id='word_1_180' title='bbox 1417 3803 1524 3848; x_wconf 84' lang='lat' dir='ltr'>verum</span> <span class='ocrx_word' id='word_1_181' title='bbox 1546 3803 1608 3848; x_wconf 90' lang='lat' dir='ltr'>non</span> <span class='ocrx_word' id='word_1_182' title='bbox 1630 3793 1693 3865; x_wconf 89' lang='lat' dir='ltr'>cst,</span> <span class='ocrx_word' id='word_1_183' title='bbox 1723 3803 1791 3847; x_wconf 89' lang='lat' dir='ltr'>cnm</span> <span class='ocrx_word' id='word_1_184' title='bbox 1814 3785 1920 3866; x_wconf 89' lang='lat' dir='ltr'>plures</span> <span class='ocrx_word' id='word_1_185' title='bbox 1941 3783 2068 3845; x_wconf 77' lang='lat' dir='ltr'>octenas</span> 
     </span>
     <span class='ocr_line' id='line_1_22' title="bbox 733 3878 2070 3968; baseline -0.009 -17"><span class='ocrx_word' id='word_1_186' title='bbox 733 3887 820 3951; x_wconf 89' lang='lat' dir='ltr'>aliter</span> <span class='ocrx_word' id='word_1_187' title='bbox 842 3885 1023 3968; x_wconf 85' lang='lat' dir='ltr'>appellatos,</span> <span class='ocrx_word' id='word_1_188' title='bbox 1045 3893 1077 3948; x_wconf 88' lang='lat' dir='ltr'>nt</span> <span class='ocrx_word' id='word_1_189' title='bbox 1099 3904 1139 3947; x_wconf 81' lang='lat' dir='ltr'>ex</span> <span class='ocrx_word' id='word_1_190' title='bbox 1160 3885 1253 3948; x_wconf 83' lang='lat' dir='ltr'>variis</span> <span class='ocrx_word' id='word_1_191' title='bbox 1276 3885 1425 3948; x_wconf 81' lang='lat' dir='ltr'>Historiae</span> <span class='ocrx_word' id='word_1_192' title='bbox 1447 3883 1671 3949; x_wconf 84' lang='lat' dir='ltr'>Alexandrinae</span> <span class='ocrx_word' id='word_1_193' title='bbox 1693 3885 1780 3964; x_wconf 89' lang='lat' dir='ltr'>locis,</span> <span class='ocrx_word' id='word_1_194' title='bbox 1803 3886 1837 3947; x_wconf 91' lang='lat' dir='ltr'>in</span> <span class='ocrx_word' id='word_1_195' title='bbox 1860 3886 1966 3966; x_wconf 87' lang='lat' dir='ltr'>quihrrs</span> <span class='ocrx_word' id='word_1_196' title='bbox 1984 3878 2070 3944; x_wconf 81' lang='lat' dir='ltr'>Antio-</span> 
     </span>
     <span class='ocr_line' id='line_1_23' title="bbox 733 3978 2070 4069; baseline -0.01 -20"><span class='ocrx_word' id='word_1_197' title='bbox 733 3987 846 4050; x_wconf 88' lang='lat' dir='ltr'>chenas</span> <span class='ocrx_word' id='word_1_198' title='bbox 868 4004 919 4048; x_wconf 90' lang='lat' dir='ltr'>res</span> <span class='ocrx_word' id='word_1_199' title='bbox 942 3986 1146 4064; x_wconf 88' lang='lat' dir='ltr'>tractavimus,</span> <span class='ocrx_word' id='word_1_200' title='bbox 1169 3985 1401 4048; x_wconf 84' lang='lat' dir='ltr'>demonstratur.</span> <span class='ocrx_word' id='word_1_201' title='bbox 1422 3984 1530 4065; x_wconf 86' lang='lat' dir='ltr'>Neque</span> <span class='ocrx_word' id='word_1_202' title='bbox 1541 3987 1637 4069; x_wconf 82' lang='lat' dir='ltr'>magis</span> <span class='ocrx_word' id='word_1_203' title='bbox 1660 3992 1750 4048; x_wconf 87' lang='lat' dir='ltr'>notus</span> <span class='ocrx_word' id='word_1_204' title='bbox 1774 3993 1823 4047; x_wconf 87' lang='lat' dir='ltr'>est</span> <span class='ocrx_word' id='word_1_205' title='bbox 1844 3987 1961 4066; x_wconf 84' lang='lat' dir='ltr'>privato</span> <span class='ocrx_word' id='word_1_206' title='bbox 1980 3978 2070 4041; x_wconf 80' lang='lat' dir='ltr'>nornine</span> 
     </span>
     <span class='ocr_line' id='line_1_24' title="bbox 731 4078 2069 4168; baseline -0.008 -18"><span class='ocrx_word' id='word_1_207' title='bbox 731 4085 858 4168; x_wconf 83' lang='lat' dir='ltr'>losephi</span> <span class='ocrx_word' id='word_1_208' title='bbox 881 4084 932 4147; x_wconf 88' lang='lat' dir='ltr'>iilii</span> <span class='ocrx_word' id='word_1_209' title='bbox 954 4083 1078 4147; x_wconf 88' lang='lat' dir='ltr'>Wahih:</span> <span class='ocrx_word' id='word_1_210' title='bbox 1101 4103 1170 4146; x_wconf 89' lang='lat' dir='ltr'>nam</span> <span class='ocrx_word' id='word_1_211' title='bbox 1192 4083 1405 4148; x_wconf 89' lang='lat' dir='ltr'>obscurissima</span> <span class='ocrx_word' id='word_1_212' title='bbox 1429 4090 1477 4147; x_wconf 88' lang='lat' dir='ltr'>est</span> <span class='ocrx_word' id='word_1_213' title='bbox 1498 4084 1706 4148; x_wconf 80' lang='lat' dir='ltr'>Antiochense</span> <span class='ocrx_word' id='word_1_214' title='bbox 1727 4083 1922 4147; x_wconf 86' lang='lat' dir='ltr'>Jacohitieae</span> <span class='ocrx_word' id='word_1_215' title='bbox 1943 4078 2069 4145; x_wconf 71' lang='lat' dir='ltr'>Ecclesiae</span> 
     </span>
     <span class='ocr_line' id='line_1_25' title="bbox 732 4183 2070 4266; baseline -0.009 -17"><span class='ocrx_word' id='word_1_216' title='bbox 732 4186 868 4249; x_wconf 86' lang='lat' dir='ltr'>historia.</span> <span class='ocrx_word' id='word_1_217' title='bbox 912 4184 1017 4265; x_wconf 83' lang='lat' dir='ltr'>ltaque</span> <span class='ocrx_word' id='word_1_218' title='bbox 1040 4202 1098 4265; x_wconf 86' lang='lat' dir='ltr'>qua</span> <span class='ocrx_word' id='word_1_219' title='bbox 1121 4191 1221 4247; x_wconf 88' lang='lat' dir='ltr'>aetate</span> <span class='ocrx_word' id='word_1_220' title='bbox 1243 4186 1352 4247; x_wconf 83' lang='lat' dir='ltr'>vixerit</span> <span class='ocrx_word' id='word_1_221' title='bbox 1385 4185 1545 4266; x_wconf 85' lang='lat' dir='ltr'>designare</span> <span class='ocrx_word' id='word_1_222' title='bbox 1567 4202 1628 4247; x_wconf 94' lang='lat' dir='ltr'>non</span> <span class='ocrx_word' id='word_1_223' title='bbox 1650 4200 1831 4265; x_wconf 88' lang='lat' dir='ltr'>possumus:</span> <span class='ocrx_word' id='word_1_224' title='bbox 1859 4183 1972 4246; x_wconf 89' lang='lat' dir='ltr'>mediae</span> <span class='ocrx_word' id='word_1_225' title='bbox 1998 4183 2070 4241; x_wconf 85' lang='lat' dir='ltr'>auten</span> 
     </span>
     <span class='ocr_line' id='line_1_26' title="bbox 734 4279 2071 4367; baseline -0.004 -20"><span class='ocrx_word' id='word_1_226' title='bbox 734 4284 916 4365; x_wconf 86' lang='lat' dir='ltr'>antiquitatis</span> <span class='ocrx_word' id='word_1_227' title='bbox 939 4302 1009 4347; x_wconf 90' lang='lat' dir='ltr'>esse</span> <span class='ocrx_word' id='word_1_228' title='bbox 1030 4283 1107 4346; x_wconf 91' lang='lat' dir='ltr'>hanc</span> <span class='ocrx_word' id='word_1_229' title='bbox 1129 4283 1294 4367; x_wconf 77' lang='lat' dir='ltr'>liturgiam</span> <span class='ocrx_word' id='word_1_230' title='bbox 1316 4284 1408 4346; x_wconf 91' lang='lat' dir='ltr'>multa</span> <span class='ocrx_word' id='word_1_231' title='bbox 1431 4283 1566 4346; x_wconf 82' lang='lat' dir='ltr'>suadent</span> <span class='ocrx_word' id='word_1_232' title='bbox 1610 4284 1685 4345; x_wconf 91' lang='lat' dir='ltr'>Nam</span> <span class='ocrx_word' id='word_1_233' title='bbox 1708 4302 1794 4365; x_wconf 88' lang='lat' dir='ltr'>quae</span> <span class='ocrx_word' id='word_1_234' title='bbox 1809 4284 1928 4347; x_wconf 88' lang='lat' dir='ltr'>sanctis</span> <span class='ocrx_word' id='word_1_235' title='bbox 1947 4282 2020 4355; x_wconf 82' lang='lat' dir='ltr'>viris,</span> <span class='ocrx_word' id='word_1_236' title='bbox 2036 4279 2071 4335; x_wconf 75' lang='lat'>⁸11¹</span> 
     </span>
     <span class='ocr_line' id='line_1_27' title="bbox 731 4380 2071 4465; baseline 0.001 -21"><span class='ocrx_word' id='word_1_237' title='bbox 731 4382 790 4444; x_wconf 87' lang='lat' dir='ltr'>iilis</span> <span class='ocrx_word' id='word_1_238' title='bbox 813 4400 889 4464; x_wconf 89' lang='lat' dir='ltr'>quos</span> <span class='ocrx_word' id='word_1_239' title='bbox 912 4383 1050 4446; x_wconf 87' lang='lat' dir='ltr'>Ecclesia</span> <span class='ocrx_word' id='word_1_240' title='bbox 1076 4383 1241 4446; x_wconf 87' lang='lat' dir='ltr'>lacohitica</span> <span class='ocrx_word' id='word_1_241' title='bbox 1269 4383 1347 4446; x_wconf 87' lang='lat' dir='ltr'>tales</span> <span class='ocrx_word' id='word_1_242' title='bbox 1365 4384 1499 4465; x_wconf 87' lang='lat' dir='ltr'>judicat,</span> <span class='ocrx_word' id='word_1_243' title='bbox 1527 4383 1715 4462; x_wconf 84' lang='lat' dir='ltr'>tribuuntur,</span> <span class='ocrx_word' id='word_1_244' title='bbox 1745 4385 1888 4464; x_wconf 85' lang='lat' dir='ltr'>quamvis</span> <span class='ocrx_word' id='word_1_245' title='bbox 1916 4380 2071 4446; x_wconf 72' lang='lat' dir='ltr'>sehisnmttlt¹</span> 
     </span>
     <span class='ocr_line' id='line_1_28' title="bbox 732 4481 2072 4564; baseline -0.001 -22"><span class='ocrx_word' id='word_1_246' title='bbox 732 4481 823 4543; x_wconf 87' lang='lat' dir='ltr'>initiis</span> <span class='ocrx_word' id='word_1_247' title='bbox 853 4484 1042 4564; x_wconf 88' lang='lat' dir='ltr'>posteriores</span> <span class='ocrx_word' id='word_1_248' title='bbox 1071 4484 1149 4560; x_wconf 87' lang='lat' dir='ltr'>sint,</span> <span class='ocrx_word' id='word_1_249' title='bbox 1177 4490 1275 4547; x_wconf 87' lang='lat' dir='ltr'>tamen</span> <span class='ocrx_word' id='word_1_250' title='bbox 1299 4483 1517 4564; x_wconf 87' lang='lat' dir='ltr'>simplicitatem</span> <span class='ocrx_word' id='word_1_251' title='bbox 1545 4482 1699 4564; x_wconf 86' lang='lat' dir='ltr'>quamdam</span> <span class='ocrx_word' id='word_1_252' title='bbox 1728 4500 1803 4563; x_wconf 89' lang='lat' dir='ltr'>prae</span> <span class='ocrx_word' id='word_1_253' title='bbox 1833 4502 1872 4546; x_wconf 91' lang='lat' dir='ltr'>se</span> <span class='ocrx_word' id='word_1_254' title='bbox 1900 4482 1994 4544; x_wconf 86' lang='lat' dir='ltr'>ierunt</span> <span class='ocrx_word' id='word_1_255' title='bbox 2016 4488 2072 4556; x_wconf 67' lang='lat' dir='ltr'>quit</span> 
     </span>
     <span class='ocr_line' id='line_1_29' title="bbox 732 4570 2072 4672; baseline -0.002 -29"><span class='ocrx_word' id='word_1_256' title='bbox 732 4573 892 4646; x_wconf 82' lang='lat' dir='ltr'>vetustatis</span> <span class='ocrx_word' id='word_1_257' title='bbox 919 4600 979 4645; x_wconf 91' lang='lat' dir='ltr'>non</span> <span class='ocrx_word' id='word_1_258' title='bbox 1009 4582 1078 4646; x_wconf 86' lang='lat' dir='ltr'>leve</span> <span class='ocrx_word' id='word_1_259' title='bbox 1107 4583 1248 4646; x_wconf 88' lang='lat' dir='ltr'>indicium</span> <span class='ocrx_word' id='word_1_260' title='bbox 1278 4590 1335 4649; x_wconf 87' lang='lat' dir='ltr'>est.</span> <span class='ocrx_word' id='word_1_261' title='bbox 1386 4583 1473 4646; x_wconf 86' lang='lat' dir='ltr'>Aliae</span> <span class='ocrx_word' id='word_1_262' title='bbox 1502 4581 1657 4666; x_wconf 80' lang='lat' dir='ltr'>Litnrgiae</span> <span class='ocrx_word' id='word_1_263' title='bbox 1685 4590 1717 4645; x_wconf 91' lang='lat' dir='ltr'>ut</span> <span class='ocrx_word' id='word_1_264' title='bbox 1745 4583 1823 4661; x_wconf 86' lang='lat' dir='ltr'>iste,</span> <span class='ocrx_word' id='word_1_265' title='bbox 1854 4581 2007 4672; x_wconf 57' lang='lat' dir='ltr'>floridiore&gt;</span> <span class='ocrx_word' id='word_1_266' title='bbox 2023 4570 2072 4636; x_wconf 82' lang='lat' dir='ltr'>nih</span> 
     </span>
     <span class='ocr_line' id='line_1_30' title="bbox 733 4665 2072 4766; baseline -0.001 -25"><span class='ocrx_word' id='word_1_267' title='bbox 733 4680 865 4762; x_wconf 86' lang='lat' dir='ltr'>scriptae</span> <span class='ocrx_word' id='word_1_268' title='bbox 886 4691 966 4761; x_wconf 90' lang='lat' dir='ltr'>sunt,</span> <span class='ocrx_word' id='word_1_269' title='bbox 988 4684 1039 4764; x_wconf 87' lang='lat' dir='ltr'>qui</span> <span class='ocrx_word' id='word_1_270' title='bbox 1061 4700 1122 4744; x_wconf 91' lang='lat' dir='ltr'>non</span> <span class='ocrx_word' id='word_1_271' title='bbox 1140 4684 1230 4746; x_wconf 89' lang='lat' dir='ltr'>modo</span> <span class='ocrx_word' id='word_1_272' title='bbox 1243 4684 1423 4746; x_wconf 86' lang='lat' dir='ltr'>recentioris</span> <span class='ocrx_word' id='word_1_273' title='bbox 1443 4686 1521 4761; x_wconf 87' lang='lat' dir='ltr'>aevi,</span> <span class='ocrx_word' id='word_1_274' title='bbox 1544 4682 1599 4745; x_wconf 91' lang='lat' dir='ltr'>sed</span> <span class='ocrx_word' id='word_1_275' title='bbox 1614 4682 1814 4746; x_wconf 80' lang='lat' dir='ltr'>affectationis</span> <span class='ocrx_word' id='word_1_276' title='bbox 1827 4701 1900 4746; x_wconf 90' lang='lat' dir='ltr'>cnm</span> <span class='ocrx_word' id='word_1_277' title='bbox 1912 4665 2072 4766; x_wconf 68' lang='lat' dir='ltr'>torpescit</span> 
     </span>
     <span class='ocr_line' id='line_1_31' title="bbox 733 4780 2072 4865; baseline -0.005 -22"><span class='ocrx_word' id='word_1_278' title='bbox 733 4781 912 4861; x_wconf 84' lang='lat' dir='ltr'>conjunctae</span> <span class='ocrx_word' id='word_1_279' title='bbox 934 4789 1021 4845; x_wconf 88' lang='lat' dir='ltr'>notas</span> <span class='ocrx_word' id='word_1_280' title='bbox 1043 4781 1179 4864; x_wconf 83' lang='lat' dir='ltr'>praefert</span> <span class='ocrx_word' id='word_1_281' title='bbox 1201 4800 1299 4865; x_wconf 88' lang='lat' dir='ltr'>prope</span> <span class='ocrx_word' id='word_1_282' title='bbox 1321 4790 1431 4847; x_wconf 89' lang='lat' dir='ltr'>certas.</span> <span class='ocrx_word' id='word_1_283' title='bbox 1465 4782 1636 4864; x_wconf 90' lang='lat' dir='ltr'>Ephraemo</span> <span class='ocrx_word' id='word_1_284' title='bbox 1660 4783 1905 4864; x_wconf 89' lang='lat' dir='ltr'>eloquentiorem</span> <span class='ocrx_word' id='word_1_285' title='bbox 1925 4780 2017 4862; x_wconf 79' lang='lat' dir='ltr'>lingua</span> <span class='ocrx_word' id='word_1_286' title='bbox 2033 4786 2072 4836; x_wconf 73' lang='lat' dir='ltr'>mr</span> 
     </span>
     <span class='ocr_line' id='line_1_32' title="bbox 731 4875 2110 4974; baseline 0 -33"><span class='ocrx_word' id='word_1_287' title='bbox 731 4881 880 4943; x_wconf 90' lang='lat' dir='ltr'>neminem</span> <span class='ocrx_word' id='word_1_288' title='bbox 903 4881 971 4963; x_wconf 75' lang='lat' dir='ltr'>Syri</span> <span class='ocrx_word' id='word_1_289' title='bbox 994 4890 1179 4963; x_wconf 84' lang='lat' dir='ltr'>agnoscunt,</span> <span class='ocrx_word' id='word_1_290' title='bbox 1209 4883 1257 4944; x_wconf 91' lang='lat' dir='ltr'>cui</span> <span class='ocrx_word' id='word_1_291' title='bbox 1280 4881 1372 4967; x_wconf 79' lang='lat' dir='ltr'>longo</span> <span class='ocrx_word' id='word_1_292' title='bbox 1395 4882 1554 4945; x_wconf 84' lang='lat' dir='ltr'>intervallo</span> <span class='ocrx_word' id='word_1_293' title='bbox 1576 4883 1729 4964; x_wconf 81' lang='lat' dir='ltr'>proximos</span> <span class='ocrx_word' id='word_1_294' title='bbox 1757 4879 1878 4944; x_wconf 82' lang='lat' dir='ltr'>iaciunt</span> <span class='ocrx_word' id='word_1_295' title='bbox 1904 4875 2072 4944; x_wconf 68' lang='lat' dir='ltr'>Jarsolunntl</span> <span class='ocrx_word' id='word_1_296' title='bbox 2106 4963 2110 4974; x_wconf 31' lang='grc' dir='ltr'>Ι</span> 
     </span>
     <span class='ocr_line' id='line_1_33' title="bbox 734 4972 2072 5063; baseline -0.004 -23"><span class='ocrx_word' id='word_1_297' title='bbox 734 4979 878 5058; x_wconf 89' lang='lat' dir='ltr'>quosdam</span> <span class='ocrx_word' id='word_1_298' title='bbox 902 4980 993 5060; x_wconf 86' lang='lat' dir='ltr'>alios,</span> <span class='ocrx_word' id='word_1_299' title='bbox 1023 4983 1073 5062; x_wconf 82' lang='lat' dir='ltr'>qui</span> <span class='ocrx_word' id='word_1_300' title='bbox 1102 4981 1221 5063; x_wconf 89' lang='lat' dir='ltr'>quidem</span> <span class='ocrx_word' id='word_1_301' title='bbox 1250 4990 1368 5045; x_wconf 92' lang='lat' dir='ltr'>tumore</span> <span class='ocrx_word' id='word_1_302' title='bbox 1395 4981 1448 5045; x_wconf 87' lang='lat' dir='ltr'>illo</span> <span class='ocrx_word' id='word_1_303' title='bbox 1475 4981 1612 5045; x_wconf 85' lang='lat' dir='ltr'>Asiatico</span> <span class='ocrx_word' id='word_1_304' title='bbox 1640 4999 1701 5044; x_wconf 92' lang='lat' dir='ltr'>non</span> <span class='ocrx_word' id='word_1_305' title='bbox 1726 4981 1856 5062; x_wconf 89' lang='lat' dir='ltr'>penitus</span> <span class='ocrx_word' id='word_1_306' title='bbox 1888 4972 2072 5044; x_wconf 77' lang='lat' dir='ltr'>carebant:tt</span> 
     </span>
     <span class='ocr_line' id='line_1_34' title="bbox 729 5068 2071 5164; baseline 0 -24"><span class='ocrx_word' id='word_1_307' title='bbox 729 5080 854 5160; x_wconf 91' lang='lat' dir='ltr'>proprie</span> <span class='ocrx_word' id='word_1_308' title='bbox 875 5080 1085 5162; x_wconf 77' lang='lat' dir='ltr'>loquebantur,</span> <span class='ocrx_word' id='word_1_309' title='bbox 1109 5099 1168 5145; x_wconf 90' lang='lat' dir='ltr'>nec</span> <span class='ocrx_word' id='word_1_310' title='bbox 1190 5082 1374 5164; x_wconf 82' lang='lat' dir='ltr'>metaphoris</span> <span class='ocrx_word' id='word_1_311' title='bbox 1396 5081 1571 5164; x_wconf 86' lang='lat' dir='ltr'>perpetuis,</span> <span class='ocrx_word' id='word_1_312' title='bbox 1601 5089 1653 5145; x_wconf 83' lang='lat' dir='ltr'>ant</span> <span class='ocrx_word' id='word_1_313' title='bbox 1673 5080 1815 5163; x_wconf 85' lang='lat' dir='ltr'>epithetis</span> <span class='ocrx_word' id='word_1_314' title='bbox 1848 5080 2008 5145; x_wconf 85' lang='lat' dir='ltr'>orationem</span> <span class='ocrx_word' id='word_1_315' title='bbox 2030 5068 2071 5132; x_wconf 73' lang='lat' dir='ltr'>tl·</span> 
     </span>
    </p>
   </div>
   <div class='ocr_carea' id='block_1_7' title="bbox 0 0 2270 6034">
    <p class='ocr_par' dir='ltr' id='par_1_7' title="bbox 0 0 2270 6034">
     <span class='ocr_line' id='line_1_35' title="bbox 0 0 2270 6034; baseline 0 0"><span class='ocrx_word' id='word_1_316' title='bbox 0 0 2270 6034; x_wconf 95' lang='lat' dir='ltr'> </span> 
     </span>
    </p>
   </div>
  </div>
 </body>
</html>
