4525 6034
399 592 703 670 tnnnttt
754 591 1390 690 Pntnttttttttnnac.
1522 599 1599 674 519

320 781 505 853 Sacerdos.
559 781 643 851 Part.

320 895 483 990 Populos.
536 894 680 976 Etcum
708 898 826 991 spiritu
853 905 921 971 tuo.

321 1005 506 1084 Sacados'.
559 1012 619 1099 Sit,
648 1023 711 1084 etc.

323 1128 513 1199 Diaconas.
568 1127 653 1200 Cum
682 1130 811 1199 timore.

322 1244 508 1315 Sacerdos.
562 1243 687 1315 Sancta
714 1246 849 1315 sanctis.

321 1360 484 1453 Populos.
538 1357 632 1430 Unus
658 1360 760 1431 Pater
787 1369 932 1431 sanctus.

321 1477 510 1548 moeonas.
564 1477 699 1548 Stemus
727 1475 895 1548 decenter.

321 1593 509 1665 Sacerdos.
571 1592 668 1664 Nunc
695 1593 839 1665 Domine
866 1592 997 1687 pianda
1026 1592 1171 1685 gladium
1207 1590 1446 1686 cherubicum,
1480 1607 1598 1674 trans-

158 1796 163 1808 ·
216 1713 328 1804 gressi
363 1708 503 1806 pedibus
531 1707 754 1805 spiritualibus
783 1709 957 1801 effugimus
987 1712 1149 1798 animose,
1176 1720 1283 1782 etex
1308 1710 1417 1785 lruetu
1443 1712 1501 1787 illo
1529 1715 1598 1787 de.

217 1824 387 1900 siderabili
415 1829 470 1921 qui
498 1849 544 1897 ex
570 1836 604 1897 te
631 1836 695 1914 est,
722 1823 845 1898 arbore
872 1828 976 1914 vitae,
1004 1835 1038 1896 et
1060 1829 1171 1924 omnia
1189 1825 1382 1900 vivificante
1409 1828 1535 1903 edimus
1557 1841 1598 1904 “et

216 1942 340 2038 epulati
367 1964 496 2015 snmus:
533 1953 632 2037 atque
668 1940 711 2013 ad
739 1945 911 2033 regionem
948 1951 1097 2013 nostram
1134 1943 1321 2037 pristinam,
1360 1967 1435 2016 cum
1469 1968 1597 2019 summa

217 2058 461 2132 domesticitate
488 2059 629 2129 restituti
666 2079 797 2146 sumus,
834 2065 868 2129 et
904 2057 945 2128 ad
979 2056 1159 2131 divinitatis
1192 2062 1478 2157 participationem
1511 2085 1598 2157 quae

216 2174 365 2247 illusorie
401 2173 499 2247 nobis
532 2182 697 2246 ostentata
730 2196 750 2244 a
785 2183 941 2269 serpente
983 2172 1162 2247 seductore
1203 2173 1330 2263 luerat,
1371 2176 1597 2250 efficacissime

216 2293 430 2365 conservasti
462 2311 542 2362 nos:
577 2288 739 2383 simulque
773 2288 815 2360 ad
849 2292 1002 2382 imaginis
1036 2301 1112 2361 tuae
1146 2289 1391 2365 similitudinem
1424 2295 1597 2388 pristinam

217 2430 279 2505 per
306 2409 574 2494 convenientem,
602 2405 803 2500 dignumque
829 2405 1009 2501 pudorem,
1044 2417 1183 2502 propter
1211 2404 1463 2502 dispositionem
1495 2409 1596 2492 illam,

219 2547 318 2619 quum
345 2545 428 2615 erga
456 2545 518 2595 nos
547 2531 723 2608 statueras,
750 2524 922 2594 restituisti
942 2543 1016 2595 nos.
1071 2520 1159 2607 Quid
1185 2518 1346 2593 habemus
1374 2523 1463 2617 quod
1490 2527 1596 2596 retri-

215 2637 322 2712 buere
357 2640 526 2733 possimus
560 2641 665 2709 amori
705 2659 787 2730 erga
829 2636 978 2710 homines
1011 2648 1083 2725 tuo,
1123 2645 1262 2733 propter
1303 2634 1467 2712 beneficia
1499 2641 1597 2713 nullis

216 2757 400 2848 gratiarum
433 2752 617 2827 actionibus
650 2753 884 2848 coaequanda,
927 2776 1011 2849 quae
1047 2752 1190 2825 effudisti
1224 2775 1326 2848 super
1359 2754 1448 2827 nos?
1503 2758 1596 2843 Quas

215 2870 350 2944 mndem
384 2892 491 2942 voces
526 2872 706 2963 gratiarum
743 2869 949 2962 agendarum
989 2891 1169 2965 possumus
1206 2869 1327 2941 olierre
1360 2871 1453 2962 tibi,¹
1480 2874 1596 2968 quales

217 2986 378 3059 debentur
404 2986 648 3061 beneficentiae
674 2986 926 3058 misericordiae
958 2996 1036 3058 tuae
1069 3008 1153 3079 erga
1186 2986 1274 3059 nos?
1328 2986 1493 3072 Quantum
1527 2990 1597 3062 im-

215 3102 355 3176 becilles
391 3113 529 3174 nostrae
564 3104 657 3173 vires
694 3101 873 3190 sufficiunt,
911 3101 1109 3190 adoramus,
1143 3100 1369 3193 glorificamus
1402 3116 1437 3188 et
1467 3108 1595 3197 gratias

206 3222 360 3311 agimus,
387 3230 421 3322 et
447 3217 648 3304 exaltamus,
676 3216 896 3312 deprecantes
929 3239 1023 3289 mare
1056 3217 1194 3289 effusum
1222 3216 1419 3291 clementiae
1447 3230 1533 3310 tuae,
1560 3230 1596 3292 ut

216 3335 379 3431 mysteria
405 3333 489 3405 baec
516 3343 632 3405 sanctu
660 3331 779 3428 quibus
812 3335 970 3422 vivimus,
998 3342 1032 3406 et
1058 3335 1211 3405 renovati
1239 3356 1371 3425 sumus,
1405 3338 1470 3408 sint
1495 3335 1594 3410 nobis

216 3449 413 3521 fermentum
440 3451 530 3520 vitae
557 3471 680 3540 novae,
707 3459 741 3520 et
767 3452 888 3543 pignus
915 3452 1008 3522 vitae
1034 3448 1165 3522 laturae
1193 3460 1227 3521 et
1253 3459 1424 3540 aeternae,
1452 3464 1514 3524 etc.

321 3563 483 3657 Papulas.
536 3565 656 3636 Amen.

320 3681 506 3752 Sacerdos.
559 3680 642 3753 Pax.

320 3796 482 3890 Populus.
535 3794 579 3868 Et
605 3820 679 3870 oum
707 3800 824 3892 spiritu
850 3808 918 3870 tuo.

322 3913 512 3985 Diaconos.
564 3915 658 3986 Post.

320 4029 505 4101 Sacerdos.
560 4029 611 4100 Te
646 4028 726 4100 Rex
752 4050 868 4120 regum
895 4029 978 4101 Jesu
1007 4023 1138 4101 Christe
1165 4032 1218 4100 cui
1251 4029 1447 4101 inclinantur
1482 4032 1593 4103 omnia

217 4147 362 4241 quaein
391 4144 488 4219 coelo
515 4147 607 4216 etin
633 4154 724 4216 terra
752 4154 839 4233 sunt,
867 4144 983 4217 adorat
1019 4155 1053 4216 et
1084 4144 1242 4216 ardenter
1275 4145 1473 4242 deprecatur
1505 4167 1593 4217 nunc

215 4260 370 4334 Ecclesia
397 4271 513 4332 sancta
539 4259 689 4332 redemta
716 4282 762 4331 ex
797 4258 971 4353 gentibus,
1005 4282 1066 4357 per
1098 4259 1349 4333 crucifixionem
1382 4272 1488 4349 tuam,
1524 4260 1592 4332 de-

214 4400 359 4474 precans
387 4388 421 4448 te
448 4400 521 4448 cum
550 4379 701 4471 suspiriis
729 4386 763 4447 et
797 4376 1020 4471 lacrymarum
1048 4376 1223 4465 effusione,
1256 4399 1319 4472 pro
1347 4377 1500 4450 omnibus
1528 4399 1593 4449 or-

216 4487 347 4566 dinibus
381 4502 415 4564 et
447 4492 690 4566 conditionibus
730 4491 869 4564 liliorum
903 4503 1034 4565 tuorum
1073 4493 1298 4565 redemtarum
1338 4494 1501 4585 sanguine
1535 4502 1592 4565 tuo

215 4611 378 4707 pretioso.
439 4608 542 4682 Indue
576 4629 636 4681 eos
671 4611 704 4679 in
740 4608 831 4680 ovile
871 4619 970 4680 tuum.
1030 4608 1152 4681 Emitte
1185 4631 1288 4705 super
1321 4629 1382 4681 eos
1419 4608 1594 4681 dexteram

214 4736 317 4816 mam,
344 4723 488 4816 obsigna
515 4745 577 4797 eos
604 4745 706 4796 cruce
732 4733 801 4813 tua,
828 4738 996 4797 conserva
1019 4723 1095 4796 illos
1121 4728 1155 4796 in
1182 4728 1326 4797 veritate
1353 4734 1422 4813 tua,
1448 4733 1593 4820 protege

218 4861 280 4912 eos
307 4838 368 4912 snb
397 4839 457 4912 alis
485 4839 682 4938 clementiae
710 4851 802 4911 tuae:
829 4840 975 4934 adjunge
1002 4862 1063 4913 eos
1090 4841 1131 4912 ad
1159 4840 1373 4913 domesticum
1388 4843 1591 4912 consortium

215 4965 323 5028 tuum:
352 4954 503 5029 conforta
532 4978 593 5030 eos
621 4978 684 5051 per
717 4977 865 5028 amorem
893 4967 996 5048 tuum,
1023 4959 1306 5048 congregationes
1342 4977 1458 5028 eorum
1491 4977 1592 5028 com-

215 5093 305 5167 pone
337 5095 400 5169 per
433 5095 552 5168 pacem
585 5081 619 5144 et
652 5071 918 5168 tranquillitatem
952 5082 1049 5147 tuam
1103 5071 1307 5167 Constringe
1342 5072 1417 5147 illos
1449 5072 1593 5166 vinculis
