4525 6034
698 570 773 644 396
1074 574 1149 650 DE
1202 574 1678 655 ruretenent

694 762 748 830 eie
775 758 818 830 ad
845 758 1016 833 Orientem
1043 754 1230 853 conuersa,
1258 765 1367 857 capite
1400 761 1575 857 inclinato,
1606 765 1794 841 maenibus
1829 790 1902 842 enm
1935 769 2050 844 Sacer-

565 869 572 874 ’
696 875 828 949 dotibus
855 875 995 949 duobus
1054 877 1140 949 Τιιιιι
1172 881 1335 973 antiquior
1369 880 1578 976 Episcopus,
1609 885 1859 956 instrumentum
1893 887 2050 961 electionis

695 998 770 1066 sive
784 993 982 1090 Psephisme
1010 994 1212 1089 descriptum
1227 1018 1247 1067 a
1263 1000 1463 1090 secretario,
1488 1009 1668 1094 antequam
1684 1002 1717 1070 in
1734 999 1923 1076 Ecclesiam
1938 1008 2049 1077 venie-
2065 1044 2069 1056 ·

694 1122 767 1200 tur,
794 1112 894 1184 tradit
918 1115 974 1183 uni
1002 1134 1049 1184 ex
1073 1109 1252 1200 Diacouis,
1280 1117 1336 1208 qui
1367 1135 1555 1188 conscenso
1586 1114 1749 1207 Anhone,
1779 1116 1859 1189 iilud
1889 1117 1967 1210 legit
1994 1118 2051 1191 alta

694 1252 795 1302 voce.

799 1346 883 1419 Post
918 1343 1005 1417 illins
1039 1347 1245 1416 instrumenti
1281 1345 1476 1435 lectionem,
1508 1347 1773 1421 Arehidiaconns
1805 1347 1896 1422 dicet
1923 1348 2052 1445 hymnos

694 1466 924 1560 praescriptos
950 1464 984 1533 in
1010 1459 1211 1551 Pontificaii,
1239 1471 1274 1533 et
1300 1464 1431 1557 quoties
1456 1464 1639 1538 nominabit
1665 1463 1827 1556 electum,
1862 1470 2051 1561 prostnetio-

693 1603 789 1669 nem,
817 1602 915 1673 qnam
941 1588 1171 1665 metanoeam,
1198 1587 1234 1650 ut
1260 1577 1394 1671 Graeci,
1419 1591 1559 1670 vocent,
1586 1580 1630 1654 ad
1655 1604 1732 1654 eum
1749 1603 1936 1658 conuersus
1953 1582 2051 1657 faciet.

692 1695 777 1769 Post
801 1695 959 1791 hymnos,
987 1693 1114 1766 diesen
1141 1704 1192 1766 ter
1218 1694 1329 1787 Kprie
1354 1696 1494 1770 alcime
1547 1697 1678 1771 Deinde
1695 1697 1857 1794 Episcopi
1877 1722 1926 1772 ex
1946 1698 2051 1773 droco

694 1811 912 1900 descendent,
941 1813 1190 1907 consistentque
1223 1832 1332 1908 prope
1364 1812 1470 1886 altare
1507 1814 1550 1887 ad
1584 1815 1800 1890 ordinandum
1832 1815 2053 1904 Petriarehnm

691 1928 892 2003 Adolebitur
917 1932 1089 2016 incensum
1115 1927 1157 2000 ah
1186 1931 1371 2028 antiquiore
1394 1928 1586 2027 Episcopo,
1614 1943 1750 2029 etpost
1776 1922 1961 2007 orationem
1984 1931 2053 2005 thn-

692 2054 740 2122 ris
767 2050 916 2144 duasque
942 2047 1026 2120 alias
1054 2057 1252 2144 sequentes,
1277 2069 1399 2142 nempe
1424 2045 1500 2120 illas
1528 2071 1614 2144 qum
1639 2052 1674 2122 in
1699 2049 1851 2144 Limrgin
1878 2058 2054 2138 oecurrnnt,

693 2150 836 2263 populns
869 2165 958 2237 dieat
987 2164 1155 2238 multoties
1186 2164 1297 2257 Kprie
1330 2163 1468 2235 eleicoa.
1522 2164 1705 2262 complens
1738 2167 1813 2241 eliis
1849 2165 2054 2253 orationibus,

693 2306 780 2378 quae
806 2305 854 2354 ex
879 2280 1063 2355 Pontificali
1089 2279 1255 2378 petendae
1281 2290 1374 2368 sunt,
1402 2284 1566 2376 antiquior
1591 2281 1780 2380 Episcopus
1813 2284 1967 2357 dextram
1994 2284 2054 2354 im-

691 2413 795 2499 ponet
820 2424 921 2497 super
948 2401 1047 2475 electi
1073 2410 1191 2499 caput,
1217 2400 1370 2495 dicetque
1394 2397 1660 2472 Archidiaccnus
1693 2395 1890 2473 Orationem
1923 2399 1965 2473 ab
1989 2401 2053 2471 istis

690 2517 807 2593 verbis
833 2521 1052 2615 incipientem.
1104 2517 1236 2589 Divina
1260 2520 1379 2610 pretia
1403 2536 1493 2609 qaae
1519 2518 1655 2609 infirma
1679 2522 1791 2589 namt.
1843 2515 1898 2590 Ea
1924 2521 1976 2589 est
1997 2536 2056 2586 au-

691 2644 758 2706 tem
793 2635 944 2727 eJnsdem
980 2639 1114 2707 omnino
1146 2636 1347 2726 sententiae,
1380 2641 1415 2704 ct
1447 2630 1567 2706 iisdem
1597 2654 1706 2729 prope
1738 2644 1905 2729 concepta
1940 2630 2057 2719 verbis,

692 2776 734 2824 ae
768 2752 826 2824 illa
865 2751 952 2847 apud
987 2752 1139 2824 Graecas
1165 2749 1213 2825 ‘H
1231 2749 1316 2824 θεία
1338 2745 1458 2849 χάρις,
1485 2748 1528 2821 de
1564 2773 1630 2845 qua
1655 2750 1826 2840 Marinus,
1856 2748 1998 2822 Goarins
2028 2756 2058 2818 et

691 2867 747 2939 alii
772 2868 847 2941 tuse
874 2878 909 2940 et
934 2867 1034 2940 docte
1059 2869 1331 2964 disputaverunt,
1358 2876 1392 2939 et
1422 2888 1486 2938 nos
1520 2865 1667 2940 dicemus
1702 2866 1790 2940 aiih‘c
1846 2866 1948 2954 Quod
1977 2887 2055 2939 uero

691 2985 807 3059 scribit
832 2984 1047 3073 Ahnbirear,
1074 2985 1139 3057 dici
1164 3006 1239 3056 eam
1273 2982 1318 3056 eb'
1351 2983 1616 3090 Arcinidiaccno,
1648 3006 1717 3056 ncn
1749 2987 1795 3056 ita
1827 2982 2057 3080 accipiendum,

691 3105 787 3197 quasi
814 3103 954 3174 officinm
980 3104 1083 3197 ipsius
1111 3103 1168 3189 sit,
1195 3103 1381 3174 orationem
1404 3101 1440 3172 in
1467 3123 1532 3196 qua
1556 3122 1625 3172 nou
1650 3103 1784 3173 minima
1818 3105 1929 3173 virore
1962 3096 2057 3171 Ordi-
2192 3134 2193 3139 =

690 3222 833 3292 nationis
861 3221 1032 3310 consistit,
1057 3219 1287 3314 pronuntiare:
1313 3239 1389 3288 nem
1416 3217 1555 3290 tesdbns
1590 3216 1663 3289 aliis
1695 3217 1852 3290 omnihus
1885 3215 2057 3302 aceram,

691 3358 765 3407 cam
792 3333 952 3431 Episcopi
979 3337 1205 3431 pronuntiant,
1238 3356 1312 3406 enm
1339 3354 1456 3405 manns
1485 3338 1658 3429 imponunt
1690 3331 1889 3406 ordinando.
1942 3332 2056 3403 Veram

692 3453 854 3522 sententia
880 3450 957 3522 talis
984 3460 1053 3539 est,
1080 3450 1169 3546 qnod
1192 3448 1458 3522 Archidieconns
1485 3451 1542 3545 qni
1566 3471 1615 3521 ex
1639 3472 1779 3523 mamere
1811 3448 1983 3522 ordinaria
2006 3450 2056 3519 iu-
2189 3441 2194 3450 '

690 3567 790 3639 cheat
817 3571 987 3641 orationes
1014 3589 1149 3657 omnes,
1175 3589 1262 3661 quae
1287 3589 1307 3637 a
1334 3564 1482 3663 pluribus
1508 3565 1670 3639 decadae
1699 3576 1793 3655 sant,
1824 3569 1937 3662 prima
1969 3565 2057 3635 etiam
2183 3639 2188 3648 ,

690 3687 786 3755 istius
812 3683 920 3755 verba
946 3685 1098 3779 incipiat,
1123 3692 1161 3754 nt
1195 3704 1270 3755 eam
1302 3680 1466 3779 Episcopi
1492 3686 1555 3755 rite
1587 3686 1806 3779 pronuntient.
1861 3682 1948 3754 Tum
1978 3677 2055 3776 Epi-

690 3822 816 3895 scopus
843 3803 995 3872 converti
1017 3798 1114 3893 jubet
1139 3798 1283 3876 electum
1298 3798 1341 3872 ad
1360 3800 1532 3872 Orientem
1546 3810 1580 3873 et
1602 3798 1835 3873 Occidentem:
1863 3802 2055 3891 signansque

688 3915 812 4012 pollice
840 3926 939 4012 capnt
965 3919 1038 4009 ejus
1064 3919 1098 3988 in
1124 3914 1259 3988 modum
1285 3917 1394 3989 erucis
1414 3914 1500 3989 dicit
1556 3916 1791 3987 Ordiaacieeae
1809 3937 1918 4009 ceper
1935 3911 2054 3986 necte

688 4037 775 4103 etam
787 4032 860 4104 Dei
885 4040 1054 4121 ecoctam,
1082 4032 1126 4104 N.
1140 4031 1466 4126 Archiepireopcm:
1487 4054 1594 4128 saper
1610 4032 1805 4105 Ecclesiae
1822 4031 1899 4104 aa
1914 4034 2055 4104 ecoctam
2127 4045 2133 4052 ’

690 4173 779 4243 qaae
813 4156 864 4220 eet
895 4154 932 4220 ιἰι
963 4173 1088 4243 mapae
1123 4148 1211 4220 arbe
1243 4148 1483 4221 Alemmdria:
1513 4159 1651 4245 etpost
1682 4172 1811 4223 moram
1836 4148 2053 4244 interpositam

690 4267 734 4339 N.
761 4267 1085 4361 Arctiape'eeopam,
1112 4266 1359 4338 Patriarctnm
1383 4288 1487 4360 snper
1518 4266 1713 4340 Ecclesiam
1736 4265 1807 4337 Dei
1839 4264 2053 4345 emtam

690 4384 928 4476 apostoticam
951 4384 1185 4477 praedictam,
1231 4386 1268 4455 ia
1299 4382 1385 4454 arbe
1422 4382 1658 4471 Alexandria,
1692 4385 1844 4454 maxim
1886 4377 2052 4455 Ortdodo-

689 4523 829 4572 eaaeee:
855 4504 892 4571 ia
917 4504 1051 4572 ιιοιιιὲιιε
1076 4501 1199 4572 Petris
1223 4505 1259 4571 et
1283 4499 1371 4571 Filii
1396 4505 1431 4571 et
1455 4498 1609 4593 Spiritac
1633 4502 1760 4587 sancti,
1786 4498 1909 4570 Aeaea.

793 4617 940 4689 Indaitur
967 4616 1087 4688 deinde
1100 4637 1210 4690 novus
1222 4616 1372 4690 Anisus
1399 4614 1574 4708 stichario,
1600 4625 1636 4688 et
1660 4614 1734 4687 aliis
1750 4612 1916 4706 vestibus,
1940 4629 2053 4704 nempe

689 4732 815 4826 Pallio,
843 4743 877 4806 et
904 4733 1032 4805 Coacta
1059 4737 1133 4806 sive
1165 4731 1305 4824 Casula,
1337 4731 1398 4805 sed
1424 4754 1445 4804 a
1474 4742 1589 4806 nostra
1616 4731 1742 4805 diversi
1767 4734 1926 4824 generis,
1956 4731 2051 4800 invo-

691 4860 851 4945 caturque
879 4872 981 4946 snper
1006 4873 1083 4923 eum
1107 4872 1231 4924 nornen
1256 4850 1366 4923 Petris
1392 4858 1427 4922 et
1450 4847 1527 4922 Filii
1561 4857 1596 4922 et
1629 4847 1772 4946 Spiritus
1806 4849 1926 4921 sancti.
1977 4843 2051 4920 Tum

661 4973 663 4978 ’
692 4966 873 5039 ascendunt
897 4961 1134 5063 cdjthronnm,
1161 4975 1261 5062 atque
1274 4968 1438 5062 antiquior
1451 4963 1710 5062 Episcoporum,
1736 4974 1915 5059 antequam
1935 4979 2049 5035 ascen-

692 5082 765 5176 dat,
791 5081 880 5154 illum
907 5094 1104 5177 veneratur,
1130 5085 1164 5155 in
1190 5105 1234 5155 ec
1269 5083 1410 5158 electum
1442 5083 1600 5174 collocat,
1634 5092 1669 5155 et
1700 5084 1789 5156 circa
1820 5078 1912 5152 illum
1944 5075 2051 5152 consi-
