4525 6034
618 575 901 652 ansanum
938 556 1220 651 nnsuonis.
1525 558 1599 648 aul

226 759 301 833 Filii
327 765 383 851 tui,
412 785 487 834 cum
513 762 611 834 suavi
637 761 821 852 harmonia,
848 771 884 835 et
910 763 1044 855 gemitu,
1073 781 1208 835 oremus
1235 770 1270 833 ct
1296 759 1453 832 dicamus.
1500 758 1603 831 Pater

141 924 144 930 ·
226 886 343 951 noster
369 881 426 971 qui
452 899 490 949 es
517 881 551 949 in
578 877 693 950 coelis.

331 992 493 1086 Populus.
546 992 786 1065 Sanctificetur.

331 1108 517 1179 Sacerdos.
571 1108 700 1195 Omnia,
728 1108 947 1203 casamala,
981 1115 1016 1178 et
1040 1108 1122 1178 vitia
1150 1116 1346 1202 operantur,
1378 1109 1412 1177 in
1447 1128 1489 1179 ea
1517 1131 1604 1203 quae

226 1221 318 1295 hona
344 1233 379 1294 et
403 1228 546 1296 virtutes
573 1224 759 1319 producunt
785 1226 850 1294 cito
878 1232 1041 1295 converte
1068 1244 1151 1315 erga
1184 1244 1248 1295 nos
1281 1222 1441 1294 Domine:
1476 1232 1510 1293 et
1541 1246 1605 1295 re-

224 1337 373 1412 feremus
401 1339 459 1412 tihi
485 1340 629 1433 gloriam
657 1349 691 1411 et
716 1338 860 1429 laudem,
887 1348 950 1410 etc.

332 1455 494 1548 Papulas.
547 1457 668 1527 Amen.

330 1570 516 1643 Sacerdos.
569 1570 652 1642 Pax.

331 1685 492 1778 Populus.
547 1685 591 1758 Et
617 1708 692 1757 cum
719 1689 834 1781 spiritu
861 1696 928 1757 tuo.

329 1800 518 1872 Diaconos.
571 1800 732 1875 Inclinato
759 1805 867 1897 capita
893 1810 1008 1874 vestra
1036 1820 1152 1873 coram
1177 1796 1264 1870 Deo.

330 1916 492 2009 Populus.
547 1914 672 2009 Coram
699 1926 733 1988 te
758 1917 911 1990 Domine.

330 2031 514 2103 Sacerdos.
568 2032 731 2130 Populum
758 2055 872 2105 corum
908 2035 963 2127 qui
994 2030 1253 2129 procumbentes
1280 2054 1397 2105 coram
1431 2041 1464 2103 te
1499 2032 1603 2104 incli-

224 2151 294 2219 nati
321 2158 408 2236 sunt,
435 2159 469 2219 et
494 2152 727 2222 miserationes
755 2159 829 2221 tuas
856 2147 1025 2221 coelestes
1052 2152 1227 2245 suscipere
1253 2169 1293 2222 se
1319 2156 1517 2244 expectant,
1544 2148 1602 2220 di-

225 2285 313 2355 gnos
339 2262 396 2335 iac
421 2267 675 2360 participatione
698 2268 934 2360 mysteriorum
951 2275 1082 2338 tuorum
1115 2272 1330 2355 sanctorum,
1357 2273 1391 2336 et
1409 2263 1451 2336 ad
1479 2263 1603 2357 gaudia

224 2376 364 2451 menda
391 2387 501 2451 tecum
528 2383 562 2452 in
589 2402 698 2472 regno
732 2391 789 2454 tuo
822 2379 897 2453 illos
923 2403 1109 2478 praepara:
1143 2391 1179 2453 et
1210 2379 1396 2453 referemus
1427 2378 1486 2452 tibi
1518 2379 1602 2473 glo-

224 2497 310 2566 riam
337 2506 371 2566 et
396 2493 540 2585 laudam,
568 2506 631 2567 eto.
1430 2515 1433 2520 ·

282 2593 288 2606 ’
330 2610 493 2703 Populus.
547 2611 667 2683 Amen.

329 2725 514 2797 Sacerdos.
567 2727 652 2799 Pax.

331 2840 492 2934 Populos.
546 2840 690 2914 Etcum
718 2846 928 2939 spiritutuo.

330 2957 515 3029 Sacerdos.
569 2957 629 3030 Sit.

328 3072 519 3144 Diaconos.
573 3073 809 3169 Unusquisque
835 3095 911 3145 cum
937 3075 1066 3145 timore.

329 3187 515 3259 Sacerdos.
570 3188 695 3261 Sancta
724 3192 857 3263 sanctis.

329 3303 491 3395 Papulas.
544 3302 638 3377 Unus
665 3305 767 3376 Pater
793 3314 937 3378 sanctus.

225 3466 228 3475 .
329 3416 514 3490 Sacerdos.
567 3418 660 3491 Unus
687 3420 787 3492 Pater
813 3430 961 3511 sanctus,
989 3432 1052 3492 etc.

329 3534 517 3605 Diaconos.
570 3533 650 3607 Fac.

327 3648 512 3722 Sacerdos.
566 3650 681 3724 Gloria
709 3650 776 3723 tibi.

327 3764 516 3836 Diacoaas.
570 3765 704 3839 Stemus
731 3765 898 3839 decenter.

328 3880 490 3973 Pcpaduc.
543 3881 742 3955 Laudamus.

330 3994 514 4068 Sacerdos.
569 3996 637 4068 Ora
664 4020 732 4070 non
760 3998 921 4070 sufficiunt
946 3998 989 4070 ad
1019 3997 1218 4071 laudandum
1244 4005 1294 4067 te:
1330 4019 1440 4091 nepio
1466 3996 1600 4091 lingniae

226 4110 268 4183 ad
296 4111 517 4184 enarrandam
545 4112 688 4204 gloriam
715 4122 825 4202 tuam,
860 4113 949 4208 quod
982 4113 1082 4207 digna
1108 4114 1165 4186 illa
1186 4112 1298 4186 iecisti
1330 4111 1477 4201 deliciis,
1511 4136 1598 4208 quae

225 4228 451 4321 percipiuntur
477 4230 511 4297 in
537 4249 682 4323 corpore
710 4239 744 4300 et
770 4232 934 4322 sanguine
958 4232 1119 4322 unigeniti
1145 4228 1220 4300 Filii
1249 4226 1311 4300 tui:
1344 4251 1407 4323 per
1440 4252 1539 4324 quem
1566 4241 1601 4302 et

225 4364 300 4413 cum
328 4364 393 4437 qun
421 4353 455 4414 te
481 4341 580 4415 decet
605 4343 726 4435 gloria,
754 4343 862 4417 honor
888 4356 922 4416 et
948 4354 1097 4441 potestas
1134 4367 1209 4416 cum
1235 4343 1360 4441 Spiritu
1385 4356 1442 4418 tuo
1470 4358 1598 4419 sancto.

329 4457 491 4551 Populus.
544 4462 664 4531 Amen.

329 4560 514 4633 Sacerdos.
561 4563 646 4634 Pax.

328 4675 491 4769 Papulas.
543 4676 587 4749 Et
613 4701 688 4750 cum
714 4682 830 4774 spiritu
855 4687 923 4752 tuo.

330 4792 518 4864 Diaconos.
572 4793 664 4865 Post.

332 4906 492 5000 Papulas.
546 4908 669 4982 Coram
697 4919 740 4981 te.

329 5020 515 5097 Sacerdos.
570 5024 702 5097 Christe
735 5028 791 5119 qui
830 5024 948 5098 dedisti
987 5046 1110 5122 corpus
1152 5034 1242 5099 tuum
1281 5035 1318 5099 ut
1356 5025 1600 5116 comederetur,
