4525 6034
680 637 684 650 .
709 564 784 641 382
993 564 1122 646 NOTAE
1147 565 1187 644 bt
1212 564 1419 644 mundun
1442 565 1579 646 taccat
1604 566 1794 646 mussant

708 769 766 833 per
792 749 880 813 tidem
908 751 1158 830 communicetur,
1187 749 1242 814 sed
1271 768 1326 814 ore
1355 759 1387 814 et
1408 750 1512 836 lingua
1533 753 1723 834 suscipiatur.
1766 751 1811 818 Ea
1833 754 1941 818 ratione
1960 754 2043 820 dicunt

709 849 860 914 Christum
882 869 951 914 esse
974 869 1068 933 super
1090 851 1203 926 altare;
1226 850 1360 913 manibus
1373 850 1568 915 Sacerdotum
1591 853 1700 931 teneri,
1722 868 1776 915 ore
1789 851 2044 938 bdeliumetlingm

709 951 836 1032 suscipi:
860 968 990 1032 corpora
1012 950 1203 1014 sanctificare
1227 957 1258 1012 et
1280 948 1317 1012 ad
1340 951 1572 1014 resurrectionis
1595 951 1702 1013 beatae
1724 969 1826 1032 spem,
1849 959 1976 1033 unquam
1993 954 2045 1016 ler-

708 1057 839 1113 mentum
867 1051 947 1114 vitae
976 1067 1179 1131 praeparare:
1213 1049 1360 1130 simulque
1382 1058 1552 1132 agnoscunt
1574 1050 1612 1112 ab
1635 1049 1759 1134 indigne
1782 1052 2045 1130 communicantibus,

709 1157 741 1212 et
762 1150 975 1230 peccatoribus
996 1151 1123 1232 suscipi:
1148 1156 1198 1211 aut
1221 1148 1469 1230 quemadmodum
1491 1149 1641 1228 Severus,
1664 1149 1810 1238 Barsalibi
1833 1161 1863 1215 et
1885 1153 1930 1216 alii
1949 1170 1984 1215 ex
2001 1170 2047 1213 ve-

623 1251 626 1255 “
710 1250 867 1312 tustiomm
889 1249 1111 1331 theologorum
1132 1264 1207 1312 suae
1221 1248 1378 1311 Ecclesiae
1399 1249 1547 1312 sententia
1570 1249 1826 1329 existimaverunt,
1848 1260 1916 1316 tuuc
1935 1273 1985 1336 per
2001 1255 2047 1316 ni-

709 1347 843 1412 raculum
866 1347 994 1412 aulerci:
1019 1348 1100 1430 quod
1123 1347 1194 1411 alibi
1215 1347 1323 1425 fusius,
1345 1363 1511 1429 eorumque
1533 1346 1637 1411 verbis
1660 1349 1866 1431 exposuimus.

1017 1662 1052 1731 7.
1095 1660 1264 1731 Memento
1290 1658 1437 1731 Domine
1461 1660 1594 1755 Repom
1617 1659 1775 1753 fidetium

800 1869 935 1947 Diximus
953 1881 1015 1962 jam
1037 1881 1076 1943 de
1097 1881 1148 1944 illa
1170 1880 1308 1959 somnula,
1331 1900 1371 1942 ex
1394 1898 1451 1961 qua
1475 1880 1583 1943 deduci
1604 1898 1667 1944 non
1680 1888 1784 1963 potest
1796 1884 1985 1965 antiquiorem
1997 1903 2052 1947 esse

709 1987 787 2048 hanc
808 1984 973 2068 Liturgiam
994 1983 1219 2048 bluhamcdanis
1242 1984 1445 2066 temporibus,
1469 2003 1535 2046 cum
1558 1985 1608 2048 illa
1630 1993 1728 2048 aetate
1750 1985 1884 2048 lacobus
1906 1986 2053 2050 Edessenns

708 2086 829 2164 vixerit,
852 2091 885 2146 ut
907 2101 1000 2166 supra
1022 2084 1131 2147 dictum
1155 2093 1220 2163 est,
1243 2083 1362 2166 quando
1384 2100 1444 2145 non
1467 2084 1557 2147 modo
1579 2084 1747 2148 infidelibus
1770 2084 1913 2165 danicis,
1942 2086 1991 2148 sed
2008 2089 2053 2148 im-

709 2185 897 2262 manissimis,
921 2191 951 2246 et
973 2183 1104 2247 belluina
1127 2183 1306 2246 crudelitate
1328 2181 1510 2263 Praefectis,
1533 2185 1619 2265 Syria
1641 2185 1776 2267 subjecta
1800 2193 1877 2248 erat.
1906 2186 1999 2268 ltaque
2016 2186 2054 2252 illa

709 2285 805 2348 verba
827 2302 867 2347 ex
889 2284 988 2346 veteri
1010 2302 1068 2346 usu
1089 2291 1208 2347 retenta
1229 2290 1306 2346 sunt.

1053 2596 1090 2668 8.
1132 2595 1322 2667 Doctorum
1350 2594 1635 2683 orthodoxorum,
1662 2602 1727 2667 etc.

807 2805 900 2884 linc
923 2813 988 2878 sola
1011 2815 1157 2897 periodus
1179 2833 1313 2896 omnem,
1342 2817 1368 2880 si
1401 2834 1479 2897 quae
1507 2821 1701 2898 superesset,
1733 2815 1771 2880 de
1800 2817 1910 2882 Jacobi
1934 2818 2057 2881 Edessmi

711 2928 795 2984 secta
819 2919 1031 2983 dubitationem
1054 2919 1192 2997 tolleret3
1220 2940 1287 2984 eam
1308 2921 1388 2983 enim
1410 2920 1662 3002 amplectebatur,
1691 2938 1770 3001 quae
1792 2919 1957 3002 Sevemm,
1975 2921 2059 2985 Philo-

710 3038 837 3100 xenum,
871 3026 902 3081 et
932 3019 1051 3082 Petram]
1081 3018 1256 3102 Gnapheum
1287 3019 1420 3098 scilicet,
1454 3021 1596 3084 doctores
1627 3019 1822 3083 Ortbodoxae
1857 3019 1926 3084 fidei
1955 3023 2058 3103 eiusque

710 3127 967 3203 propugnatores,
989 3120 1186 3202 agnoscebat.
1211 3121 1242 3185 Si
1256 3121 1349 3204 igitur
1361 3121 1527 3184 blarouitae
1546 3123 1577 3185 in
1590 3119 1770 3184 calendario
1791 3139 1853 3185 suo
1876 3139 1979 3185 nomen
1998 3121 2059 3183 lbos

710 3217 897 3300 habuerunt,
927 3218 1059 3301 maJores
1089 3237 1188 3308 suos,¹
1207 3238 1284 3302 quos
1316 3228 1455 3303 tauquam
1476 3221 1632 3284 Ecclesiae
1655 3222 1768 3284 veteris
1792 3220 1940 3304 Syriacae
1960 3220 2058 3294 lumine,

670 3319 684 3404 J
709 3335 865 3400 veraeque
894 3318 1050 3382 doctrinae
1081 3318 1260 3384 defensores
1288 3318 1394 3383 baberi
1414 3320 1721 3401 volunt,'lacobitas
1748 3317 1847 3383 luisse
1869 3319 2059 3383 demonstrant

711 3417 773 3483 Sed
803 3417 1014 3483 Calendarium
1043 3419 1116 3483 illud
1146 3419 1227 3500 quod
1255 3419 1405 3483 Naironns
1439 3420 1530 3497 citat,
1564 3435 1625 3483 non
1654 3421 1750 3504 magis
1777 3419 1989 3483 Maronitarum
2013 3424 2059 3492 est,

712 3536 800 3680 (ff
822 3519 907 3600 ipsae
919 3517 1083 3601 Liturgiae,
1107 3536 1182 3600 quas
1204 3518 1408 3584 Jacobitarum
1429 3536 1500 3583 esse
1523 3536 1611 3582 nemo
1632 3522 1731 3601 possit
1753 3536 1822 3582 eum
1846 3519 1944 3600 aliqua
1964 3519 2060 3582 rabone

775 3617 863 3684 itare.
