4525 6034
719 540 795 614 488
1288 541 1522 619 bolla

718 725 800 802 chia,
831 744 906 807 quos
930 725 1099 789 Orientales
1127 742 1233 788 omnes
1255 745 1370 789 summo
1393 727 1424 788 in
1447 728 1545 807 pretio
1568 727 1696 805 babent,
1725 728 1875 793 lacebitne
1894 735 2042 814 praesertin,

718 827 770 906 qui
794 825 909 907 aliquot
932 826 1107 889 testimoniis
1130 825 1200 888 inde
1223 826 1324 907 potitis
1347 826 1383 888 ad
1407 827 1565 906 opiniones
1588 846 1659 892 suas
1682 827 1894 892 conlirmandas
1909 829 2044 899 abutuntur.

1183 1105 1217 1177 3.
1258 1106 1374 1198 Repec
1401 1103 1631 1177 Ortltodocoa.

815 1297 908 1391 Quas
937 1308 974 1370 ad
1004 1308 1137 1390 reliquas
1168 1308 1319 1390 biturgias
1350 1308 1431 1371 circa
1458 1308 1535 1371 bano
1566 1308 1721 1373 lormulam
1750 1312 1908 1375 observata
1927 1321 1998 1391 sunt,
2020 1315 2046 1375 ad

717 1414 803 1475 istam
833 1430 954 1493 quoque
988 1414 1149 1493 pertinent.
1194 1413 1405 1474 Vetustissima
1435 1411 1510 1475 haec
1540 1422 1623 1491 erat,
1651 1423 1796 1496 usurpata
1826 1417 1880 1478 sub
1908 1415 2049 1480 Christianis

717 1511 969 1593 lmperatoribus;
992 1511 1072 1573 unde
1095 1512 1126 1572 in
1149 1511 1249 1574 multis
1272 1510 1426 1573 codicibus
1448 1519 1567 1575 retenta
1590 1522 1653 1590 est,
1684 1533 1761 1595 quos
1791 1517 1887 1578 secuti
1907 1525 1982 1594 sunt,
2004 1534 2050 1578 non

716 1612 830 1675 librarii
851 1609 941 1673 modo
963 1613 1014 1691 qui
1035 1610 1129 1672 libros
1153 1610 1373 1690 describebant,
1398 1610 1452 1673 sed
1476 1614 1525 1693 qui
1549 1630 1644 1675 novas
1657 1612 1809 1696 liturgias
1825 1633 2012 1696 composuere,
2027 1623 2051 1676 nt

715 1711 871 1774 blalbaeus
894 1712 1010 1789 Pastor,
1034 1710 1169 1794 lgnatius
1191 1710 1364 1773 Patriarcba
1385 1709 1463 1774 lilius
1485 1711 1606 1790 wallo,
1630 1721 1662 1776 et
1683 1714 1802 1794 quidam
1825 1715 1881 1777 alii.

978 1991 1012 2061 l.
1055 1989 1120 2075 Oui
1146 2014 1170 2060 u
1195 1989 1304 2060 Petro
1332 1996 1369 2060 et
1394 1988 1529 2062 docebo
1556 1990 1733 2084 Apostolos
1760 2000 1825 2063 etc.

812 2183 934 2261 Dreros
958 2193 1063 2256 estad
1087 2192 1253 2277 Liturgiam
1274 2192 1379 2256 Jacobi
1404 2194 1575 2276 Syriacam,
1606 2196 1778 2258 memoriam
1801 2197 1978 2277 singularem
1995 2194 2054 2255 illins

713 2297 853 2379 Apostoli
876 2299 905 2360 in
929 2316 965 2360 ea
988 2297 1067 2373 lieri,
1099 2296 1181 2376 quod
1210 2305 1329 2360 extaret
1352 2299 1382 2360 in
1405 2298 1521 2361 Graeca
1543 2299 1651 2361 codem
1674 2299 1759 2360 titulo
1782 2301 1970 2383 consignata,
1988 2315 2055 2379 pan

714 2398 745 2460 in
766 2397 1036 2478 Hierosolymitana
1060 2395 1200 2459 Ecclesia
1222 2404 1395 2477 usurpatam
1417 2398 1511 2480 vulgo
1533 2397 1644 2476 luisse,
1675 2406 1790 2461 certum
1813 2404 1872 2461 est.
1916 2396 1947 2458 ln
1967 2396 2056 2457 Graeca

712 2515 788 2560 vero
823 2497 903 2560 illius
934 2498 1077 2561 memoria
1106 2496 1213 2576 fiebat,
1243 2505 1383 2577 tanquam
1405 2499 1493 2580 primi
1514 2498 1675 2579 Episcopi,
1705 2496 1903 2579 ejusdemque
1930 2495 2057 2558 Ecclesiae

716 2596 892 2661 fundatoris.
937 2596 1005 2678 Syri
1027 2595 1190 2658 Palaestini
1212 2595 1292 2659 illam
1315 2595 1470 2660 formulam
1500 2617 1516 2660 a
1540 2597 1664 2660 Graecis
1686 2605 1889 2678 acceperant,
1918 2604 1948 2657 ut
1973 2612 2057 2656 sena-

716 2705 841 2760 verunt:
865 2705 896 2759 et
919 2714 985 2759 cum
1008 2696 1090 2758 multi
1114 2696 1163 2758 alii
1186 2696 1224 2758 ad
1246 2697 1349 2760 sedem
1371 2697 1671 2778 Hierosolymitanam
1692 2699 1902 2778 pertinerent,
1930 2694 2009 2758 lacile
2031 2689 2059 2752 ad

716 2813 820 2860 omnes
844 2798 939 2878 Syros
962 2797 1051 2859 etiam
1073 2795 1279 2858 Antiochenos
1303 2795 1474 2875 dimanavit,
1497 2815 1566 2859 eum
1589 2804 1672 2859 esset
1693 2797 1844 2858 maximus
1862 2796 1996 2876 Syriacae
2013 2792 2058 2853 lin-

714 2913 794 2977 guae
816 2897 846 2957 in
869 2895 928 2960 illis
950 2895 1113 2977 provinciis
1136 2911 1219 2958 usus.
1263 2895 1367 2976 ltaque
1391 2903 1511 2959 servata
1534 2904 1581 2959 est
1603 2897 1668 2958 sine
1690 2895 1753 2956 ullo
1775 2897 1909 2976 partium
1930 2889 2059 2974 praejudi-

599 3051 605 3066 ,
716 2996 780 3071 cio,
811 2994 909 3058 donec
938 2994 1094 3058 Jacobitae
1117 2993 1177 3057 alio
1200 2995 1328 3058 oonsilio
1351 3013 1417 3057 eam
1440 2995 1534 3058 adse
1557 2995 1788 3073 transtulerunt,
1812 3003 1849 3057 ut
1870 2993 1974 3057 Jacobi
1992 2991 2059 3070 Apo

715 3093 784 3156 stoli
814 3093 903 3156 iidem
934 3099 1041 3156 tenere
1070 3112 1104 3155 se
1136 3101 1166 3155 et
1193 3093 1304 3158 abillo
1330 3094 1514 3157 denominari
1539 3095 1684 3175 imperitis
1706 3094 1941 3175 persuaderent.
1981 3090 2060 3169 ltaque

714 3193 848 3274 lgnatius
871 3192 948 3254 lilius
970 3191 1091 3270 Wabib,
1115 3193 1286 3256 Patriarcba
1307 3193 1515 3257 Antiochenus
1537 3194 1686 3272 moabita,
1709 3189 2060 3275 comparticulambitur·

713 3293 783 3373 giae
806 3310 880 3355 suac
895 3290 1036 3354 inseruit:
1058 3293 1159 3355 Autor
1180 3292 1277 3370 istius,
1300 3293 1418 3355 l’etrum
1440 3291 1556 3355 Jacobo
1579 3292 1723 3375 adjunxit,
1746 3301 1810 3355 tum
1825 3302 1862 3355 ut
1880 3289 2060 3353 Aulincbeme

712 3393 869 3455 Ecclesiae
891 3391 1079 3455 fundatorem
1102 3400 1134 3455 et
1145 3393 1328 3473 Episcopum
1335 3413 1345 3468 ;
1368 3400 1429 3454 tum
1441 3400 1474 3454 ut
1492 3392 1642 3473 duplicata
1661 3393 1827 3456 autoritate
1841 3389 2060 3472 Apostolicomu

713 3493 875 3572 nominum,
898 3509 958 3554 non
979 3492 1087 3556 Jacobi
1109 3492 1217 3568 modo,
1248 3492 1303 3555 sed
1332 3494 1421 3555 etiam
1450 3493 1596 3572 Principis
1618 3491 1840 3573 Apostolorum
1864 3489 2021 3570 discipulos
2036 3503 2061 3547 sc

714 3608 784 3654 esse
806 3591 961 3655 Jacobitae
980 3593 1140 3673 jactarent.

1079 3871 1115 3942 5.
1154 3869 1351 3963 Praecipue
1376 3893 1460 3942 cero
1487 3871 1625 3963 lpnatii,
1652 3877 1716 3942 elc.

756 4074 761 4086 '
813 4061 886 4140 Non
908 4091 967 4135 una
991 4082 1038 4136 est
1057 4073 1274 4156 Diptycbornm
1298 4075 1327 4136 in
1350 4073 1457 4154 quibus
1480 4074 1657 4137 Sanctorum
1678 4075 1798 4137 nomina
1814 4080 2064 4137 commemorantur

711 4177 819 4254 lorma,
842 4195 909 4239 cum
930 4178 960 4239 in
984 4177 1143 4258 aliquibus,
1166 4176 1280 4257 plures,
1302 4179 1463 4259 pauciores
1485 4179 1516 4240 in
1538 4178 1604 4240 aliis
1625 4185 1860 4241 recenseantur.
1904 4177 1990 4241 Nulla
2006 4191 2064 4258 pro·

711 4278 813 4356 linior,
837 4296 874 4340 ea
896 4295 984 4357 quam
1005 4277 1100 4341 relert
1123 4276 1328 4340 Ordinationis
1348 4278 1481 4341 Olllcium
1498 4278 1583 4358 Syris
1605 4277 1751 4340 Jacobitis
1773 4278 1947 4359 proprium,
1969 4277 2003 4340 de
2020 4292 2064 4355 qna

712 4377 822 4441 dictum
844 4385 891 4446 est
913 4377 951 4438 ad
973 4376 1138 4461 Liturgiam
1159 4377 1263 4440 Jacobi
1288 4378 1450 4458 Syriacam.
1481 4378 1513 4440 ln
1536 4379 1592 4440 isla
1614 4378 1739 4458 primum
1762 4379 1878 4442 merito
1892 4377 2064 4442 locantem

711 4476 860 4560 lgnatius,
889 4485 921 4538 ut
943 4477 1151 4539 Antiochenus
1174 4477 1322 4557 quondam
1345 4477 1531 4558 Episcopus,
1562 4478 1647 4558 cujus
1676 4477 1765 4539 etiam
1787 4480 1973 4540 testimoniis
1993 4473 2063 4544 abuti,

713 4576 750 4637 ad
773 4577 886 4638 erroris
909 4577 955 4639 sui
978 4578 1176 4657 patrocinium
1198 4576 1314 4655 solent,
1345 4585 1377 4638 ut
1400 4596 1440 4640 ex
1462 4576 1553 4638 variis
1577 4575 1795 4655 collectaneis,
1828 4585 1863 4640 et
1886 4578 2021 4640 'lractatu
2036 4569 2065 4632 de

711 4675 785 4738 Fide
807 4676 924 4738 l’atrum
948 4676 1135 4758 intelligitur.
1179 4677 1340 4739 Praeterea
1363 4684 1474 4740 tantum
1497 4677 1642 4740 bonorem
1663 4675 1704 4738 illi
1728 4677 1878 4751 tribuunt,
1902 4685 1935 4739 ut
1956 4677 1985 4736 in
2003 4671 2064 4734 anti·

713 4775 855 4854 quissima
878 4775 1033 4838 Canonum
1056 4774 1243 4839 Collectione
1267 4776 1406 4858 Syriaca,
1434 4797 1477 4840 ex
1500 4777 1565 4858 ejus
1587 4775 1728 4857 Epistolis
1751 4777 1857 4857 capita
1881 4775 2019 4858 quaedam
2036 4768 2064 4833 ad

711 4872 954 4938 Ecclesiastioam
976 4875 1165 4956 disciplinam
1187 4878 1355 4957 spectantia
1376 4876 1563 4954 reserantia,
1586 4877 1654 4957 qnia
1676 4875 1815 4956 inquiunt
1840 4879 2018 4957 interpreter
2034 4866 2064 4930 ol

713 4991 856 5036 summam
878 4975 985 5059 lgnatii
1006 4978 1203 5053 sanctitatem,
1227 4994 1352 5057 aequam
1374 4995 1441 5040 cum
1464 4976 1635 5042 Canonibus
1657 4975 1837 5059 dignitalem
1860 4977 1982 5040 babent
2004 4971 2065 5034 bio·

713 5075 848 5156 nysium,
870 5076 1087 5160 Areopagitam
1109 5075 1288 5161 intelligunt.
1333 5075 1515 5160 Gregoriuru
1544 5075 1664 5160 qualem
1683 5074 1794 5158 velint,
1817 5094 1887 5140 non
1908 5073 2063 5159 sigaificttl
