4525 6034
339 569 388 645 llll
403 567 658 645 llTUROlhRUll
675 567 928 646 OlllEllThllOll
945 566 1095 645 ORlOlllll
1107 570 1155 645 ET
1171 567 1421 646 AUTORITATE.
1524 566 1569 639 Ll

307 756 381 828 Pari
406 759 554 846 ratione,
580 758 609 827 si
636 758 709 851 quis
739 756 835 828 lectis
866 755 1031 829 Alhert‘ni
1068 767 1124 829 aut
1150 754 1287 828 aliorum
1318 754 1414 848 hujus
1450 760 1567 829 aetatis

208 872 477 962 Calvinistarum,
509 875 654 944 mamma
686 871 832 962 Claudii,
861 876 1106 945 commentariis
1132 882 1332 946 commotum
1366 894 1405 946 se
1436 878 1568 964 sentiat,

207 989 294 1085 puod
325 1012 385 1063 eus
426 988 623 1062 affirmantes
657 989 773 1063 videat
808 988 991 1062 doctrinam
1024 989 1125 1061 realis
1161 992 1376 1084 praesentiae
1416 994 1569 1086 corporis

206 1105 324 1179 Christi
347 1108 383 1178 iu
407 1103 634 1196 Eucharistia,
660 1116 774 1178 natam
799 1127 878 1179 esse
903 1109 938 1178 in
954 1106 1129 1178 Romanae
1145 1105 1323 1178 Ecclesiae
1340 1110 1425 1197 sinu,
1452 1104 1569 1177 Grae-

205 1227 315 1318 cisque
341 1233 375 1295 et
391 1222 543 1295 omuibus
560 1220 725 1295 Ecclesiis
740 1220 964 1296 Orientalibus
991 1244 1069 1296 esse
1093 1225 1259 1315 ignotam,
1286 1221 1439 1296 consulat
1464 1220 1568 1293 hbros

204 1338 413 1411 Orientalium
425 1337 697 1428 Ecclesiasticus,
716 1349 881 1431 agnoscet
894 1338 1014 1411 malam
1025 1337 1191 1410 hominum
1209 1337 1324 1430 fidem,
1351 1363 1425 1410 cum
1441 1360 1571 1411 suumn

202 1459 387 1547 ignorantie
425 1465 459 1527 et
492 1454 678 1528 incredibili
708 1459 894 1529 temeritate
927 1457 1147 1547 conjunctam
1201 1454 1299 1541 Ouae
1340 1459 1426 1527 enim
1460 1456 1570 1545 major

202 1593 275 1644 esse
301 1575 421 1667 potnit,
448 1594 548 1666 qum
572 1570 756 1663 hominem,
783 1594 880 1667 quem
907 1574 968 1643 vix
982 1570 1114 1643 Graece
1128 1573 1272 1643 scivisse
1285 1575 1426 1666 quisquo
1453 1592 1569 1662 amno-

202 1693 278 1776 scit3
306 1690 361 1783 qui
374 1685 590 1759 Orientalium
615 1687 803 1781 linguonum
818 1698 891 1760 erat
915 1687 1017 1784 plane
1032 1709 1176 1783 expers,
1202 1709 1313 1758 rerum
1329 1686 1431 1759 multo
1447 1690 1570 1779 magis,

203 1824 241 1874 ea
267 1802 478 1893 confidentia,
505 1826 592 1898 quae
617 1809 679 1877 vix
704 1808 739 1876 in
765 1804 968 1877 doctissimis
997 1815 1032 1877 et
1064 1788 1130 1877 hec
1156 1807 1190 1875 io
1223 1803 1404 1876 studiorum
1440 1826 1567 1895 genere

203 1919 346 1993 subactis
370 1919 451 1993 lerri
476 1930 612 2016 posset,
639 1920 822 1995 affirmasse
849 1944 908 2010 ea,
939 1943 1027 2016 quae
1053 1918 1128 1994 sola
1155 1919 1314 1992 librorum
1350 1922 1405 2014 qui
1433 1929 1510 1991 sunt
1535 1922 1572 1990 in

203 2041 344 2111 nmmum
368 2038 539 2128 manibus,
564 2041 771 2134 inspectione
798 2037 1019 2111 confuttmtur.
1071 2036 1169 2110 Unde
1185 2035 1309 2108 factum
1334 2046 1406 2126 est,
1432 2045 1468 2107 ut
1494 2058 1571 2106 cum

204 2151 410 2246 Albertinus,
436 2158 491 2241 yir
516 2153 660 2227 infinitae
685 2155 854 2244 lectionis,
881 2159 990 2226 omnia
1017 2176 1125 2250 prope
1143 2163 1297 2225 veterum
1316 2154 1440 2247 scripta
1466 2173 1569 2226 scru-

202 2278 283 2343 tatus
312 2264 422 2361 esset,
447 2275 481 2343 in
508 2271 627 2365 quibus
652 2272 694 2344 de
720 2269 928 2343 Eucharistia
956 2293 1067 2344 sermo
1095 2278 1164 2360 est,
1190 2279 1224 2341 et
1246 2290 1473 2363 quaecumque
1490 2290 1569 2338 ma-

203 2389 252 2476 gis
275 2391 456 2484 perspicua
491 2398 567 2460 strnt
601 2387 644 2460 ad
676 2386 925 2484 metaphoricos
961 2409 1080 2461 sensus
1114 2369 1348 2480 detorqueret,
1383 2382 1425 2455 de
1459 2384 1569 2456 multis

205 2526 283 2598 puae
310 2508 346 2577 in
371 2504 525 2597 Liturgia
549 2507 676 2602 passim
703 2514 900 2594 occurrunt,
926 2504 1068 2578 verbum
1093 2506 1156 2575 vix
1181 2501 1307 2574 lecerit
1360 2498 1571 2591 lntelhgehat

205 2624 321 2717 quippe
347 2624 449 2713 satis,
476 2625 646 2693 orationes
672 2622 951 2717 simplicissimas,
979 2631 1014 2693 et
1039 2641 1126 2715 quae
1153 2642 1173 2691 a
1206 2616 1305 2714 plebe
1340 2614 1569 2705 audiebantur,

204 2738 374 2831 repudiare
405 2741 588 2812 senteuh'as
613 2738 687 2812 illas
721 2738 893 2812 abstrusas
919 2760 1002 2832 quas
1035 2735 1163 2811 subtilis
1195 2733 1391 2825 Theologus
1417 2735 1478 2804 vix
1510 2736 1569 2804 in-

204 2855 341 2947 telligat,
375 2865 410 2926 et
436 2876 519 2950 quas
551 2858 616 2926 viri
643 2859 749 2933 minus
773 2854 926 2927 doctrina
959 2864 993 2926 et
1024 2852 1227 2948 eloquentia,
1264 2874 1363 2945 quem
1395 2852 1570 2924 sanctitate

204 2971 362 3061 celebres,
375 2975 520 3066 propriis
546 2971 661 3044 verbis
676 2971 775 3044 facile
789 2975 1038 3067 exposuissent,
1065 2991 1132 3041 uon
1149 2968 1213 3040 illis
1232 2990 1319 3063 quae
1344 2964 1432 3038 aliud
1453 2967 1566 3037 omni-

202 3107 242 3158 no
265 3085 470 3180 significant,
495 3090 525 3161 si
551 3086 743 3183 simpliciter
761 3090 973 3183 accipiantur.
1028 3085 1112 3160 Cum
1137 3089 1225 3158 euim
1251 3083 1394 3181 populus
1412 3081 1568 3154 audiebat

204 3200 434 3295 Sacerdotem,
470 3203 631 3296 singulari
657 3207 810 3277 oratione
841 3208 1056 3277 invocantem
1090 3204 1233 3298 Spiritus
1268 3200 1384 3273 Sancti
1413 3197 1566 3294 illapsum

205 3341 297 3416 super
334 3320 423 3393 dona
453 3322 644 3415 proposita,
669 3330 706 3393 ut
739 3319 922 3394 adveneras
954 3319 1099 3394 efficeret
1131 3340 1253 3416 panem
1279 3318 1412 3413 quidem
1444 3335 1567 3411 corpus

206 3435 335 3527 Christi3
361 3440 475 3511 viuum
501 3446 536 3508 et
561 3459 681 3532 aquam
707 3440 904 3530 sarrguinem
931 3437 1074 3528 Christi,
1101 3459 1142 3509 ea
1169 3435 1417 3509 hansmutaodo
1444 3436 1567 3506 virtute

206 3551 341 3645 dimna,
363 3575 464 3626 nemo
505 3556 748 3627 existimaverit
778 3556 1031 3627 circumstantes
1066 3553 1275 3628 Chrish'anos
1306 3575 1348 3625 ea
1380 3552 1486 3626 verba
1521 3554 1566 3623 ita

206 3676 388 3767 occepisse,
414 3679 449 3742 ut
473 3692 594 3765 panem
621 3678 656 3742 et
679 3674 793 3744 vinum
825 3693 893 3742 non
919 3674 1027 3763 magis
1054 3669 1231 3742 crederent
1265 3692 1387 3765 corpus
1423 3690 1501 3743 esse
1533 3677 1568 3740 et

206 3792 395 3880 sanguinem
420 3786 559 3878 Christi,
586 3810 685 3881 quam
715 3791 779 3883 ipsi
805 3796 928 3859 essent.
980 3787 1031 3858 lta
1065 3790 1154 3859 enim
1187 3787 1328 3859 brevem
1360 3785 1470 3874 illam,
1506 3782 1567 3857 sed

207 3908 307 3976 omnia
334 3903 575 3995 significantem
599 3903 771 3996 Liturgiae
797 3914 927 3999 partem
954 3901 1085 3997 Corpus
1111 3902 1255 3992 Christi,
1284 3900 1327 3974 ad
1353 3924 1439 3997 qrree
1459 3901 1566 3981 verba

205 4014 311 4093 fideles
338 4019 599 4116 respondebant,
626 4021 747 4107 Amen,
774 4023 1008 4115 interpretatus
1035 4029 1087 4092 est
1112 4018 1315 4107 Albertinus.

301 4136 533 4211 Concedamus
561 4138 633 4229 ejus
660 4136 932 4225 admiratoribus,
959 4157 1036 4209 esse
1062 4139 1097 4208 in
1122 4146 1313 4209 sanctorum
1328 4136 1463 4209 Petrum
1481 4157 1566 4207 sen-

207 4257 307 4327 tentiis
335 4254 479 4327 obscura
511 4252 628 4343 multa,
665 4275 750 4349 quae
783 4252 858 4326 luce
892 4251 1080 4344 indigeant,
1115 4275 1190 4325 cum
1226 4255 1373 4325 oratorie
1404 4252 1566 4347 quaedam

207 4365 360 4461 dixerim,
386 4371 429 4443 ad
455 4394 594 4466 quorum
621 4369 864 4443 similitudinem
891 4392 933 4441 ee
960 4392 1045 4464 quae
1077 4367 1119 4440 de
1154 4373 1306 4465 corporis
1334 4367 1456 4443 Christi
1481 4391 1566 4441 vera

208 4493 237 4555 et
258 4487 341 4559 reali
365 4491 556 4583 praesentia
583 4491 804 4582 scripserunt,
831 4489 1043 4581 interpretari
1070 4495 1235 4582 oporteat
1288 4486 1417 4557 Tamen
1433 4509 1506 4557 oum
1524 4484 1566 4558 de

208 4605 302 4677 sacris
328 4606 509 4700 mysteriis
523 4603 566 4676 ad
591 4602 725 4693 hdeles,
753 4611 808 4675 aut
835 4599 877 4673 ad
903 4598 1023 4675 recerls
1050 4602 1236 4697 baptisatus
1263 4601 1371 4674 verbe
1397 4599 1567 4675 faciebant

208 4736 364 4813 nunquam
388 4724 496 4792 minus
522 4720 822 4793 rhetoricabautur:
855 4716 917 4791 sed
948 4717 1063 4791 derum
1094 4722 1140 4791 ita
1174 4740 1261 4792 esse.
1314 4718 1352 4789 ln
1385 4717 1566 4809 Liturgicis

210 4836 354 4927 precihus
392 4836 500 4911 nullus
535 4836 723 4911 rhetoricae
763 4844 820 4908 aut
857 4832 1104 4930 amplificationi
1136 4832 1242 4906 locus.
1296 4833 1380 4907 Cum
1416 4833 1566 4907 hortatur

210 4947 388 5045 Oiacouus,
413 4962 450 5026 ut
475 4964 562 5028 stent
587 4976 705 5029 omues
730 4957 764 5025 in
789 4955 908 5025 timore
936 4960 969 5022 et
984 4960 1131 5023 tremore
1152 4961 1228 5023 ante
1248 4974 1346 5047 quam
1360 4974 1457 5026 sacra
1476 4954 1563 5024 actio

209 5068 392 5166 incipiatur,
417 5082 451 5145 et
477 5080 654 5169 antequam
678 5073 853 5144 invocetur
870 5066 1012 5163 Spiritus
1028 5066 1188 5160 sancus,
1213 5089 1325 5140 nonne
1349 5072 1423 5165 ipsa
1456 5067 1564 5141 verba

1301 5186 1323 5259 7
1336 5184 1359 5227 ἢ

1594 772 1706 841 Simplex
1719 774 1891 828 carantomo

1582 862 1666 912 omniu
1687 858 1788 914 Claudii
1807 876 1889 929 erpu-

1582 954 1667 1000 mentt
1682 944 1783 1000 refellit.

1587 4138 1885 4207 Simplexillarumstilua

1579 4235 1680 4279 coactas
1695 4230 1886 4298 interpretatio·

1580 4331 1624 4367 nes
1637 4330 1688 4367 non
1701 4317 1816 4370 admittit.
