4525 6034
402 988 549 1042 consensus
565 991 678 1042 omnium

366 1077 516 1145 requisitus:
530 1074 675 1145 Episcopo·

366 1176 423 1213 rum
448 1162 556 1213 maxime
581 1179 675 1215 neccs-

365 1247 458 1300 sarius.

414 2743 553 2813 Praecepta
575 2747 673 2814 princi-

363 2844 424 2896 pum
435 2828 468 2883 de
478 2832 654 2887 electionibus.

692 565 766 638 372
1078 562 1683 640 DEPATRIARCHA

691 751 830 824 aliorum
856 754 1064 838 testimonia,
1090 753 1154 822 nisi
1182 749 1356 823 candidato
1384 750 1459 823 talis
1487 755 1586 824 etiam
1612 750 1701 823 iama
1727 753 1857 826 virtutis
1884 764 1916 826 et
1940 755 2044 852 probi·

690 872 766 942 tatis
793 870 887 941 esset
913 891 999 962 quae
1026 865 1115 938 illam
1144 867 1365 939 confirmaret.
1485 901 1488 904 v

791 982 912 1055 XLVI.
941 981 1005 1053 Ubi
1033 992 1283 1072 convenerant,
1311 994 1345 1054 et
1377 973 1615 1071 Alexandrini,
1648 987 1723 1057 sive
1758 981 1956 1061 Cabirenses
1989 989 2049 1061 ali·

690 1122 788 1194 quem
814 1110 1078 1194 proposuerant,
1105 1097 1185 1169 nibil
1212 1109 1319 1171 aetum
1346 1109 1437 1185 erat,
1463 1102 1527 1170 nisi
1553 1101 1719 1174 communi
1745 1122 1912 1174 consensu
1942 1104 2048 1177 electio

689 1214 948 1312 approbaretur:
976 1225 1075 1309 atque
1102 1215 1135 1285 id
1168 1225 1240 1286 erat
1273 1214 1519 1309 Episcoporum
1550 1237 1668 1287 manus
1703 1221 1891 1310 proprium,
1925 1241 2049 1314 quomm

687 1334 721 1403 in
758 1329 877 1403 talibus
912 1333 1051 1401 comitiis
1086 1352 1209 1421 magna
1243 1340 1316 1401 erat
1335 1332 1519 1403 autoritas.
1580 1331 1696 1426 ltaque
1729 1331 1991 1428 frequentissime
2019 1338 2049 1405 in

685 1447 823 1521 historia
850 1445 1067 1535 observatur,
1094 1445 1237 1541 repulsis
1266 1450 1321 1541 qui
1346 1450 1453 1541 primo
1480 1449 1639 1520 nominati
1664 1446 1808 1540 fuerant,
1835 1449 1919 1523 alios
1936 1451 1989 1523 vel
2011 1451 2048 1523 ab

687 1562 886 1660 Episcopis,
912 1563 972 1634 vel
999 1587 1018 1634 a
1045 1561 1303 1653 Sacerdotibus,
1329 1561 1387 1634 vel
1413 1562 1548 1635 tandem
1580 1587 1600 1635 a
1634 1561 1895 1660 quibuscumque
1928 1590 2048 1664 propo·

689 1684 772 1754 sitos
804 1679 921 1769 fnisse,
954 1681 1086 1752 omissis
1114 1682 1169 1772 qui
1195 1678 1288 1775 prius
1322 1677 1488 1771 designati
1519 1677 1661 1752 inerant.
1714 1680 1751 1752 In
1777 1679 1924 1776 repulsa,
1940 1704 2048 1774 magna

686 1807 760 1869 erat
784 1794 1029 1891 Episcopornm
1056 1797 1227 1883 autoritas,
1255 1796 1330 1888 quia
1357 1792 1527 1886 negabant
1553 1818 1670 1868 manus
1697 1818 1736 1869 se
1753 1799 1964 1892 imposituros
1982 1795 2047 1883 illis,

686 1916 742 2008 qni
767 1911 893 2004 indigni
916 1911 1156 2002 judicarentur:
1193 1920 1228 1981 at
1259 1914 1294 1981 in
1328 1910 1570 2005 approbatione
1604 1933 1673 1984 non
1705 1914 1814 2004 maior
1840 1921 1915 1983 erat
1947 1931 2049 1983 eorum

684 2036 853 2122 potestas,
880 2048 978 2121 pam
1005 2024 1228 2099 Sacerdotum
1255 2038 1289 2099 et
1315 2025 1447 2122 populi,
1474 2048 1548 2097 cum
1576 2026 1748 2123 disciplina
1775 2037 1941 2124 perpetuo
1971 2047 2048 2099 con·

687 2153 841 2231 servata,
875 2141 1069 2239 prohiberet
1108 2141 1255 2214 ordinari
1287 2164 1504 2237 quemquam,
1543 2145 1607 2214 nisi
1639 2165 1826 2217 consensus
1850 2140 2048 2244 Ἀρχόντων,

685 2259 860 2357 plebisque
886 2257 1073 2331 accederet.
1126 2256 1192 2331 Ubi
1219 2258 1329 2353 aliqua
1357 2271 1430 2331 erat
1457 2263 1693 2331 sententiarum
1721 2260 1916 2350 diversitas,
1946 2263 2048 2331 mitte·

686 2377 768 2448 bant
793 2374 837 2447 ad
862 2375 1084 2463 monasteria,
1110 2378 1309 2470 praesertim
1336 2378 1442 2446 sancti
1468 2374 1626 2465 Macarii,
1653 2387 1689 2448 ut
1715 2400 1735 2448 a
1763 2377 1950 2476 senioribus
1974 2376 2047 2449 blo-

686 2489 802 2563 naohis
830 2489 1011 2575 discerent,
1039 2491 1095 2584 qni
1122 2501 1237 2564 essent
1263 2493 1349 2561 inter
1375 2512 1456 2564 suos
1483 2489 1524 2560 ad
1550 2490 1779 2564 Patriarcbale
1805 2515 1924 2566 munus
1953 2495 2048 2567 susti·

684 2606 828 2678 nendum
854 2628 937 2701 prae
964 2607 1107 2677 cacteris
1135 2606 1256 2678 idonei.

789 2721 925 2794 XLVll.
953 2721 991 2794 Si
1019 2724 1092 2817 quis
1119 2722 1408 2795 commendatione
1433 2725 1617 2819 principmn
1650 2723 1844 2816 dignitatem
1882 2724 2046 2811 affectaret,

688 2838 888 2932 ailcrretque
913 2846 1128 2933 praeceptum
1157 2837 1199 2909 de
1226 2837 1441 2911 Ordinatione
1467 2860 1545 2929 sua,
1580 2841 1656 2935 quia
1681 2839 1734 2911 bio
1770 2840 1912 2914 ambitus
1946 2851 2055 2912 contra

688 2956 847 3030 Canones
876 2963 969 3042 erat,
996 2951 1151 3027 solebant
1175 2952 1355 3049 Episcopi,
1380 2956 1612 3050 primoresque
1637 2954 1866 3030 Jacobitarum
1886 2957 1927 3028 ad
1953 2956 2047 3028 aulam

683 3073 867 3170 proficisci,
895 3070 1140 3167 privilegioque
1167 3095 1227 3145 sua
1255 3092 1441 3166 exponere,
1469 3070 1679 3166 quibussibi
1699 3073 1879 3146 secundnm
1907 3095 2045 3145 commu-

682 3213 759 3262 nem
786 3188 992 3284 disciplinam
1023 3184 1270 3275 Ecclesiarum,
1304 3189 1435 3279 integra
1461 3189 1636 3261 Antistites
1664 3211 1744 3263 suos
1773 3188 1919 3281 eligendi
1950 3188 2046 3260 liber·

683 3318 734 3380 tas
762 3295 1029 3392 concedebatur,
1056 3325 1203 3397 raroque
1229 3301 1439 3395 cogebantur
1465 3303 1507 3375 ad
1534 3325 1610 3375 eum
1637 3304 1877 3399 acceptandum
1911 3309 1963 3400 qui
1986 3307 2045 3374 mi-

681 3443 743 3492 nus
769 3419 929 3516 placeret.
982 3420 1032 3491 lta
1058 3429 1137 3516 post
1163 3418 1288 3493 Chailis
1311 3419 1434 3492 XLVI.
1467 3430 1626 3511 mortem,
1662 3443 1737 3491 eum
1772 3422 1894 3493 Petrus
1928 3420 2044 3517 qnidam

680 3535 851 3608 Diaconus
879 3535 945 3607 tale
972 3533 1014 3605 ab
1040 3521 1245 3608 Abnansore
1270 3547 1486 3631 praeceptum
1514 3536 1728 3625 obtinuisset,
1755 3536 1846 3610 nulla
1863 3539 1947 3610 illius
1971 3537 2044 3607 ratio

681 3649 794 3724 habita
830 3663 900 3724 est:
935 3654 1020 3725 sieut
1053 3654 1298 3740 invocatione
1332 3650 1423 3724 sedis
1457 3674 1520 3748 per
1552 3674 1658 3725 annos
1690 3674 1797 3748 prope
1828 3657 1950 3747 viginti
1979 3656 2044 3748 post

625 3860 629 3868 Ι
682 3767 807 3842 obitum
833 3767 974 3840 loannis
1001 3767 1216 3839 Patriarchae
1241 3767 1394 3839 LXXIV.
1423 3791 1498 3838 eum
1532 3767 1643 3840 David
1676 3768 1854 3862 sacerdos,
1889 3774 1943 3866 qui
1976 3767 2042 3861 Gy-

680 3880 834 3980 rillusgin
859 3882 1089 3956 Patriarchatu
1122 3895 1266 3956 vocatus
1300 3894 1371 3972 est,
1413 3881 1490 3956 talia
1524 3905 1629 3980 saepe
1654 3883 1808 3957 mandata
1846 3885 2043 3960 Sullanorum

681 3995 942 4094 adjltpiscopos
970 3998 1119 4094 aliosque
1147 3999 1189 4070 ad
1222 3998 1418 4070 electionem
1454 4011 1663 4073 convocatos
1700 3999 1891 4089 detulisset,
1924 4016 2043 4093 semper

680 4110 896 4211 eatreseissa
923 4109 1016 4204 sunt,
1053 4115 1161 4187 donee
1188 4113 1456 4186 contentionibus
1486 4137 1548 4209 per
1583 4114 1797 4204 eoncordiam
1833 4116 1877 4188 de
1912 4138 1951 4188 eo
1983 4114 2042 4186 eli-

679 4230 792 4323 gendo
818 4230 892 4304 linis
919 4233 1093 4327 impositus
1119 4228 1248 4304 inisset.
1281 4230 1363 4302 Post
1387 4228 1551 4302 Philothei
1577 4229 1695 4303 LXllI.
1710 4225 1857 4323 obitum,
1886 4228 2041 4305 Abraham

680 4349 735 4441 qui
761 4368 884 4439 magna
911 4345 998 4443 apud
1023 4344 1211 4417 Hakemum
1239 4344 1381 4418 Caliiam
1409 4368 1456 4417 ex
1471 4346 1642 4420 Fatimidis
1661 4349 1792 4419 tertium
1810 4350 1918 4440 gratia
1939 4345 2040 4441 polle-

678 4460 757 4553 bat,
784 4466 848 4537 etsi
873 4466 948 4559 pari
974 4464 1151 4535 autoritate
1178 4465 1342 4548 munitus,
1377 4471 1487 4536 nmen
1515 4463 1684 4558 reptdsam
1715 4484 1837 4558 passus
1873 4474 1941 4551 est,
1973 4460 2040 4532 ele-

679 4587 819 4674 ctusque
846 4578 1038 4651 Zacharias.
1093 4575 1214 4673 Neque
1240 4576 1518 4672 praetereundum
1545 4587 1608 4668 est,
1635 4578 1724 4673 quod
1744 4583 1860 4651 mirum
1888 4600 1967 4653 sane
1989 4578 2041 4648 vi-

679 4692 774 4765 detur
800 4697 833 4765 in
865 4703 914 4768 tot
945 4691 1141 4767 turbulentis
1174 4692 1392 4767 electionibus
1427 4693 1712 4785 Patriarebarnm,
1746 4716 1886 4789 quorum
1916 4691 2040 4766 historia

680 4820 855 4905 superest,
880 4832 988 4905 usque
1016 4808 1059 4880 ad
1075 4808 1188 4882 ultima
1201 4806 1631 4882 anidarumSalaheddini
1645 4831 1881 4883 successorum
1893 4818 2039 4901 tempora,

679 4923 742 4997 boo
768 4934 821 5001 est
845 4948 907 5022 per
934 4947 1041 5000 anuos
1068 4927 1207 5021 amplius
1234 4936 1437 5015 sexcentos,
1462 4928 1630 4999 neminem
1650 4947 1671 4997 a
1688 4924 1850 4999 Jacobitis
1879 4923 2039 4996 autoritate
2160 4917 2165 4932 ‘
