<?xml version="1.0" encoding="UTF-8"?>
<!DOCTYPE html PUBLIC "-//W3C//DTD XHTML 1.0 Transitional//EN"
    "http://www.w3.org/TR/xhtml1/DTD/xhtml1-transitional.dtd">
<html xmlns="http://www.w3.org/1999/xhtml" xml:lang="en" lang="en">
 <head>
  <title>
</title>
<meta http-equiv="Content-Type" content="text/html;charset=utf-8" />
  <meta name='ocr-system' content='tesseract 3.04.00' />
  <meta name='ocr-capabilities' content='ocr_page ocr_carea ocr_par ocr_line ocrx_word'/>
</head>
<body>
  <div class='ocr_page' id='page_1' title='image "./liturgiarumorie00unkngoog/liturgiarumorie00unkngoog_0664.png"; bbox 0 0 4525 6034; ppageno 0'>
   <div class='ocr_carea' id='block_1_1' title="bbox 699 539 1695 649">
    <p class='ocr_par' dir='ltr' id='par_1_1' title="bbox 699 539 1695 649">
     <span class='ocr_line' id='line_1_1' title="bbox 699 539 1695 649; baseline 0.003 -34"><span class='ocrx_word' id='word_1_1' title='bbox 699 540 775 616; x_wconf 86' lang='lat'><strong>500</strong></span> <span class='ocrx_word' id='word_1_2' title='bbox 940 642 943 649; x_wconf 20' lang='lat' dir='ltr'><em>s</em></span> <span class='ocrx_word' id='word_1_3' title='bbox 1075 539 1695 618; x_wconf 81' lang='lat' dir='ltr'><strong>ousanvnrronns</strong></span> 
     </span>
    </p>
   </div>
   <div class='ocr_carea' id='block_1_2' title="bbox 695 722 2049 1699">
    <p class='ocr_par' dir='ltr' id='par_1_2' title="bbox 695 722 2049 1699">
     <span class='ocr_line' id='line_1_2' title="bbox 697 722 2044 807; baseline 0.004 -20"><span class='ocrx_word' id='word_1_4' title='bbox 697 725 886 789; x_wconf 80' lang='lat' dir='ltr'><strong>invisibiliter</strong></span> <span class='ocrx_word' id='word_1_5' title='bbox 908 734 1019 804; x_wconf 88' lang='lat' dir='ltr'><strong>tamen,</strong></span> <span class='ocrx_word' id='word_1_6' title='bbox 1041 725 1107 787; x_wconf 90' lang='lat' dir='ltr'><strong>sive</strong></span> <span class='ocrx_word' id='word_1_7' title='bbox 1130 722 1326 807; x_wconf 77' lang='lat' dir='ltr'><strong>spiritualiter</strong></span> <span class='ocrx_word' id='word_1_8' title='bbox 1348 725 1512 805; x_wconf 89' lang='lat' dir='ltr'><strong>perlicitur.</strong></span> <span class='ocrx_word' id='word_1_9' title='bbox 1552 723 1671 788; x_wconf 86' lang='lat' dir='ltr'><strong>Idcirco</strong></span> <span class='ocrx_word' id='word_1_10' title='bbox 1694 723 1925 789; x_wconf 78' lang='lat' dir='ltr'><strong>celebrationem</strong></span> <span class='ocrx_word' id='word_1_11' title='bbox 1944 727 2044 793; x_wconf 85' lang='lat' dir='ltr'><strong>Eucha-</strong></span> 
     </span>
     <span class='ocr_line' id='line_1_3' title="bbox 695 816 2045 909; baseline 0.002 -22"><span class='ocrx_word' id='word_1_12' title='bbox 695 826 798 888; x_wconf 91' lang='lat' dir='ltr'><strong>ristiae</strong></span> <span class='ocrx_word' id='word_1_13' title='bbox 822 816 930 889; x_wconf 85' lang='lat' dir='ltr'><strong>vocant</strong></span> <span class='ocrx_word' id='word_1_14' title='bbox 952 826 1137 905; x_wconf 60' lang='lat' dir='ltr'><strong>sacraficium</strong></span> <span class='ocrx_word' id='word_1_15' title='bbox 1157 825 1317 905; x_wconf 75' lang='lat' dir='ltr'><strong>spirituale</strong></span> <span class='ocrx_word' id='word_1_16' title='bbox 1338 833 1368 887; x_wconf 89' lang='lat' dir='ltr'><strong>et</strong></span> <span class='ocrx_word' id='word_1_17' title='bbox 1380 826 1576 888; x_wconf 69' lang='lat' dir='ltr'><strong>trememtem</strong></span> <span class='ocrx_word' id='word_1_18' title='bbox 1600 824 1869 909; x_wconf 83' lang='lat' dir='ltr'><strong>Verisimileigitur</strong></span> <span class='ocrx_word' id='word_1_19' title='bbox 1884 833 1937 905; x_wconf 88' lang='lat' dir='ltr'><strong>est,</strong></span> <span class='ocrx_word' id='word_1_20' title='bbox 1950 828 2045 908; x_wconf 91' lang='lat' dir='ltr'><strong>primos</strong></span> 
     </span>
     <span class='ocr_line' id='line_1_4' title="bbox 695 923 2045 1007; baseline 0.004 -21"><span class='ocrx_word' id='word_1_21' title='bbox 695 924 776 987; x_wconf 91' lang='lat' dir='ltr'><strong>illius</strong></span> <span class='ocrx_word' id='word_1_22' title='bbox 799 924 955 1007; x_wconf 78' lang='lat' dir='ltr'><strong>liturgiae</strong></span> <span class='ocrx_word' id='word_1_23' title='bbox 978 923 1100 987; x_wconf 90' lang='lat' dir='ltr'><strong>Latinos</strong></span> <span class='ocrx_word' id='word_1_24' title='bbox 1123 925 1318 1005; x_wconf 70' lang='lat' dir='ltr'><strong>interpreter,</strong></span> <span class='ocrx_word' id='word_1_25' title='bbox 1342 941 1409 985; x_wconf 92' lang='lat' dir='ltr'><strong>cum</strong></span> <span class='ocrx_word' id='word_1_26' title='bbox 1432 923 1503 1004; x_wconf 90' lang='lat' dir='ltr'><strong>quid</strong></span> <span class='ocrx_word' id='word_1_27' title='bbox 1526 930 1619 1002; x_wconf 90' lang='lat' dir='ltr'><strong>esset,</strong></span> <span class='ocrx_word' id='word_1_28' title='bbox 1643 926 1743 986; x_wconf 85' lang='lat' dir='ltr'><strong>altare</strong></span> <span class='ocrx_word' id='word_1_29' title='bbox 1755 925 1912 1004; x_wconf 73' lang='lat' dir='ltr'><strong>spirituale</strong></span> <span class='ocrx_word' id='word_1_30' title='bbox 1922 943 1975 989; x_wconf 94' lang='lat' dir='ltr'><strong>non</strong></span> <span class='ocrx_word' id='word_1_31' title='bbox 1986 929 2045 991; x_wconf 85' lang='lat' dir='ltr'><strong>satir</strong></span> 
     </span>
     <span class='ocr_line' id='line_1_5' title="bbox 697 1021 2046 1106; baseline 0.001 -20"><span class='ocrx_word' id='word_1_32' title='bbox 697 1026 901 1105; x_wconf 83' lang='lat' dir='ltr'><strong>perciperent,</strong></span> <span class='ocrx_word' id='word_1_33' title='bbox 926 1023 1092 1103; x_wconf 77' lang='lat' dir='ltr'><strong>Aethiopes</strong></span> <span class='ocrx_word' id='word_1_34' title='bbox 1116 1021 1273 1086; x_wconf 92' lang='lat' dir='ltr'><strong>deforma</strong></span> <span class='ocrx_word' id='word_1_35' title='bbox 1296 1022 1432 1084; x_wconf 86' lang='lat' dir='ltr'><strong>altarium</strong></span> <span class='ocrx_word' id='word_1_36' title='bbox 1455 1040 1578 1085; x_wconf 87' lang='lat' dir='ltr'><strong>suorum</strong></span> <span class='ocrx_word' id='word_1_37' title='bbox 1601 1023 1819 1106; x_wconf 80' lang='lat' dir='ltr'><strong>interrogasse.</strong></span> <span class='ocrx_word' id='word_1_38' title='bbox 1847 1024 1892 1086; x_wconf 93' lang='lat' dir='ltr'><strong>llli</strong></span> <span class='ocrx_word' id='word_1_39' title='bbox 1905 1041 2046 1087; x_wconf 88' lang='lat' dir='ltr'><strong>cumcon-</strong></span> 
     </span>
     <span class='ocr_line' id='line_1_6' title="bbox 697 1120 2046 1205; baseline 0 -21"><span class='ocrx_word' id='word_1_40' title='bbox 697 1141 816 1185; x_wconf 89' lang='lat' dir='ltr'><strong>rnunem</strong></span> <span class='ocrx_word' id='word_1_41' title='bbox 839 1121 977 1185; x_wconf 90' lang='lat' dir='ltr'><strong>omnibus</strong></span> <span class='ocrx_word' id='word_1_42' title='bbox 998 1121 1146 1185; x_wconf 90' lang='lat' dir='ltr'><strong>Ecclesiis</strong></span> <span class='ocrx_word' id='word_1_43' title='bbox 1170 1120 1373 1184; x_wconf 79' lang='lat' dir='ltr'><strong>Orientalibus</strong></span> <span class='ocrx_word' id='word_1_44' title='bbox 1398 1121 1584 1205; x_wconf 83' lang='lat' dir='ltr'><strong>disciplinam</strong></span> <span class='ocrx_word' id='word_1_45' title='bbox 1607 1122 1829 1202; x_wconf 84' lang='lat' dir='ltr'><strong>explicassent,</strong></span> <span class='ocrx_word' id='word_1_46' title='bbox 1853 1125 1931 1185; x_wconf 89' lang='lat' dir='ltr'><strong>circa</strong></span> <span class='ocrx_word' id='word_1_47' title='bbox 1949 1121 2046 1185; x_wconf 82' lang='lat' dir='ltr'><strong>ulnulas</strong></span> 
     </span>
     <span class='ocr_line' id='line_1_7' title="bbox 697 1202 2047 1303; baseline -0.001 -19"><span class='ocrx_word' id='word_1_48' title='bbox 697 1222 736 1284; x_wconf 91' lang='lat' dir='ltr'><strong>ab</strong></span> <span class='ocrx_word' id='word_1_49' title='bbox 758 1221 919 1303; x_wconf 80' lang='lat' dir='ltr'><strong>Episcopis</strong></span> <span class='ocrx_word' id='word_1_50' title='bbox 941 1229 1155 1300; x_wconf 90' lang='lat' dir='ltr'><strong>consecratas,</strong></span> <span class='ocrx_word' id='word_1_51' title='bbox 1179 1221 1245 1283; x_wconf 90' lang='lat' dir='ltr'><strong>sine</strong></span> <span class='ocrx_word' id='word_1_52' title='bbox 1269 1220 1391 1300; x_wconf 88' lang='lat' dir='ltr'><strong>quibus,</strong></span> <span class='ocrx_word' id='word_1_53' title='bbox 1416 1222 1505 1283; x_wconf 91' lang='lat' dir='ltr'><strong>etiam</strong></span> <span class='ocrx_word' id='word_1_54' title='bbox 1528 1222 1558 1282; x_wconf 93' lang='lat' dir='ltr'><strong>in</strong></span> <span class='ocrx_word' id='word_1_55' title='bbox 1581 1202 1729 1284; x_wconf 72' lang='lat' dir='ltr'><strong>altaribus</strong></span> <span class='ocrx_word' id='word_1_56' title='bbox 1748 1220 1870 1300; x_wconf 93' lang='lat' dir='ltr'><strong>solidis,</strong></span> <span class='ocrx_word' id='word_1_57' title='bbox 1901 1220 2047 1284; x_wconf 74' lang='lat' dir='ltr'><strong>orientales</strong></span> 
     </span>
     <span class='ocr_line' id='line_1_8' title="bbox 697 1318 2048 1397; baseline -0.003 -14"><span class='ocrx_word' id='word_1_58' title='bbox 697 1340 763 1384; x_wconf 92' lang='lat' dir='ltr'><strong>rem</strong></span> <span class='ocrx_word' id='word_1_59' title='bbox 786 1339 903 1383; x_wconf 87' lang='lat' dir='ltr'><strong>sacram</strong></span> <span class='ocrx_word' id='word_1_60' title='bbox 924 1337 986 1382; x_wconf 92' lang='lat' dir='ltr'><strong>non</strong></span> <span class='ocrx_word' id='word_1_61' title='bbox 1008 1318 1138 1382; x_wconf 87' lang='lat' dir='ltr'><strong>faciunt:</strong></span> <span class='ocrx_word' id='word_1_62' title='bbox 1161 1328 1222 1382; x_wconf 89' lang='lat' dir='ltr'><strong>turn</strong></span> <span class='ocrx_word' id='word_1_63' title='bbox 1246 1320 1334 1383; x_wconf 89' lang='lat' dir='ltr'><strong>etiarn</strong></span> <span class='ocrx_word' id='word_1_64' title='bbox 1357 1338 1471 1382; x_wconf 89' lang='lat' dir='ltr'><strong>morem</strong></span> <span class='ocrx_word' id='word_1_65' title='bbox 1494 1319 1697 1383; x_wconf 85' lang='lat' dir='ltr'><strong>transferendi</strong></span> <span class='ocrx_word' id='word_1_66' title='bbox 1719 1320 1832 1383; x_wconf 89' lang='lat' dir='ltr'><strong>similes</strong></span> <span class='ocrx_word' id='word_1_67' title='bbox 1855 1320 1973 1397; x_wconf 91' lang='lat' dir='ltr'><strong>tabulas,</strong></span> <span class='ocrx_word' id='word_1_68' title='bbox 1993 1336 2048 1380; x_wconf 89' lang='lat' dir='ltr'><strong>cun</strong></span> 
     </span>
     <span class='ocr_line' id='line_1_9' title="bbox 696 1417 2048 1500; baseline -0.001 -18"><span class='ocrx_word' id='word_1_69' title='bbox 696 1419 764 1483; x_wconf 86' lang='lat' dir='ltr'><strong>Rex</strong></span> <span class='ocrx_word' id='word_1_70' title='bbox 776 1427 875 1482; x_wconf 90' lang='lat' dir='ltr'><strong>castra</strong></span> <span class='ocrx_word' id='word_1_71' title='bbox 888 1425 1027 1481; x_wconf 90' lang='lat' dir='ltr'><strong>moveret</strong></span> <span class='ocrx_word' id='word_1_72' title='bbox 1033 1439 1042 1494; x_wconf 83' lang='lat'><em>3</em></span> <span class='ocrx_word' id='word_1_73' title='bbox 1065 1419 1203 1500; x_wconf 91' lang='lat' dir='ltr'><strong>proclive</strong></span> <span class='ocrx_word' id='word_1_74' title='bbox 1225 1418 1281 1481; x_wconf 86' lang='lat' dir='ltr'><strong>luit</strong></span> <span class='ocrx_word' id='word_1_75' title='bbox 1303 1427 1335 1481; x_wconf 93' lang='lat' dir='ltr'><strong>ut</strong></span> <span class='ocrx_word' id='word_1_76' title='bbox 1356 1417 1398 1480; x_wconf 90' lang='lat' dir='ltr'><strong>illi</strong></span> <span class='ocrx_word' id='word_1_77' title='bbox 1416 1420 1599 1499; x_wconf 87' lang='lat' dir='ltr'><strong>interpretes</strong></span> <span class='ocrx_word' id='word_1_78' title='bbox 1617 1420 1824 1482; x_wconf 85' lang='lat' dir='ltr'><strong>existimarent</strong></span> <span class='ocrx_word' id='word_1_79' title='bbox 1837 1419 1902 1481; x_wconf 90' lang='lat' dir='ltr'><strong>illas</strong></span> <span class='ocrx_word' id='word_1_80' title='bbox 1914 1419 2048 1491; x_wconf 75' lang='lat' dir='ltr'><strong>altaribus,</strong></span> 
     </span>
     <span class='ocr_line' id='line_1_10' title="bbox 698 1518 2049 1605; baseline -0.004 -23"><span class='ocrx_word' id='word_1_81' title='bbox 698 1537 776 1602; x_wconf 86' lang='lat' dir='ltr'><strong>quae</strong></span> <span class='ocrx_word' id='word_1_82' title='bbox 787 1518 938 1601; x_wconf 89' lang='lat' dir='ltr'><strong>portatilia</strong></span> <span class='ocrx_word' id='word_1_83' title='bbox 960 1526 1109 1581; x_wconf 88' lang='lat' dir='ltr'><strong>vocantur</strong></span> <span class='ocrx_word' id='word_1_84' title='bbox 1131 1536 1201 1582; x_wconf 90' lang='lat' dir='ltr'><strong>esse</strong></span> <span class='ocrx_word' id='word_1_85' title='bbox 1223 1518 1344 1582; x_wconf 89' lang='lat' dir='ltr'><strong>similes.</strong></span> <span class='ocrx_word' id='word_1_86' title='bbox 1374 1518 1481 1599; x_wconf 85' lang='lat' dir='ltr'><strong>Neque</strong></span> <span class='ocrx_word' id='word_1_87' title='bbox 1505 1518 1561 1580; x_wconf 89' lang='lat' dir='ltr'><strong>alia</strong></span> <span class='ocrx_word' id='word_1_88' title='bbox 1583 1526 1622 1605; x_wconf 85' lang='lat' dir='ltr'><strong>ut</strong></span> <span class='ocrx_word' id='word_1_89' title='bbox 1638 1519 1758 1581; x_wconf 86' lang='lat' dir='ltr'><strong>videtur</strong></span> <span class='ocrx_word' id='word_1_90' title='bbox 1778 1518 1868 1601; x_wconf 90' lang='lat' dir='ltr'><strong>hujus</strong></span> <span class='ocrx_word' id='word_1_91' title='bbox 1890 1518 2049 1581; x_wconf 87' lang='lat' dir='ltr'><strong>diversitatis</strong></span> 
     </span>
     <span class='ocr_line' id='line_1_11' title="bbox 699 1617 1064 1699; baseline 0 -18"><span class='ocrx_word' id='word_1_92' title='bbox 699 1637 791 1681; x_wconf 87' lang='lat' dir='ltr'><strong>causa</strong></span> <span class='ocrx_word' id='word_1_93' title='bbox 814 1617 986 1699; x_wconf 87' lang='lat' dir='ltr'><strong>quaerenda</strong></span> <span class='ocrx_word' id='word_1_94' title='bbox 1009 1626 1064 1681; x_wconf 81' lang='lat' dir='ltr'><strong>est</strong></span> 
     </span>
    </p>
   </div>
   <div class='ocr_carea' id='block_1_3' title="bbox 1062 1878 1708 1970">
    <p class='ocr_par' dir='ltr' id='par_1_3' title="bbox 1062 1878 1708 1970">
     <span class='ocr_line' id='line_1_12' title="bbox 1062 1878 1708 1970; baseline -0.003 -20"><span class='ocrx_word' id='word_1_95' title='bbox 1062 1881 1098 1950; x_wconf 85' lang='lat'><strong>5.</strong></span> <span class='ocrx_word' id='word_1_96' title='bbox 1144 1879 1346 1950; x_wconf 82' lang='lat' dir='ltr'><strong>Tronameto</strong></span> <span class='ocrx_word' id='word_1_97' title='bbox 1371 1878 1459 1949; x_wconf 80' lang='lat' dir='ltr'><strong>bunc</strong></span> <span class='ocrx_word' id='word_1_98' title='bbox 1480 1900 1616 1970; x_wconf 84' lang='lat' dir='ltr'><strong>ponem,</strong></span> <span class='ocrx_word' id='word_1_99' title='bbox 1645 1885 1708 1950; x_wconf 85' lang='lat' dir='ltr'><strong>etc.</strong></span> 
     </span>
    </p>
   </div>
   <div class='ocr_carea' id='block_1_4' title="bbox 696 2087 2052 2681">
    <p class='ocr_par' dir='ltr' id='par_1_4' title="bbox 696 2087 2052 2681">
     <span class='ocr_line' id='line_1_13' title="bbox 790 2087 2050 2180; baseline -0.006 -15"><span class='ocrx_word' id='word_1_100' title='bbox 790 2087 913 2165; x_wconf 83' lang='lat' dir='ltr'><strong>Onarro</strong></span> <span class='ocrx_word' id='word_1_101' title='bbox 935 2098 1013 2162; x_wconf 84' lang='lat' dir='ltr'><strong>lraec</strong></span> <span class='ocrx_word' id='word_1_102' title='bbox 1036 2106 1069 2161; x_wconf 92' lang='lat' dir='ltr'><strong>ut</strong></span> <span class='ocrx_word' id='word_1_103' title='bbox 1090 2098 1237 2177; x_wconf 87' lang='lat' dir='ltr'><strong>diximus,</strong></span> <span class='ocrx_word' id='word_1_104' title='bbox 1268 2097 1412 2161; x_wconf 90' lang='lat' dir='ltr'><strong>translata</strong></span> <span class='ocrx_word' id='word_1_105' title='bbox 1441 2106 1489 2162; x_wconf 92' lang='lat' dir='ltr'><strong>est</strong></span> <span class='ocrx_word' id='word_1_106' title='bbox 1511 2117 1552 2161; x_wconf 85' lang='lat' dir='ltr'><strong>ex</strong></span> <span class='ocrx_word' id='word_1_107' title='bbox 1575 2096 1701 2179; x_wconf 89' lang='lat' dir='ltr'><strong>Coptica</strong></span> <span class='ocrx_word' id='word_1_108' title='bbox 1730 2096 1866 2180; x_wconf 82' lang='lat' dir='ltr'><strong>Liturgia</strong></span> <span class='ocrx_word' id='word_1_109' title='bbox 1895 2098 2002 2177; x_wconf 88' lang='lat' dir='ltr'><strong>Basilii,</strong></span> <span class='ocrx_word' id='word_1_110' title='bbox 2025 2104 2050 2158; x_wconf 91' lang='lat' dir='ltr'><strong>el</strong></span> 
     </span>
     <span class='ocr_line' id='line_1_14' title="bbox 696 2199 2049 2283; baseline -0.004 -17"><span class='ocrx_word' id='word_1_111' title='bbox 696 2200 902 2267; x_wconf 89' lang='lat' dir='ltr'><strong>idcircobaud</strong></span> <span class='ocrx_word' id='word_1_112' title='bbox 925 2199 1022 2279; x_wconf 88' lang='lat' dir='ltr'><strong>aliter,</strong></span> <span class='ocrx_word' id='word_1_113' title='bbox 1046 2218 1135 2282; x_wconf 84' lang='lat' dir='ltr'><strong>qnam</strong></span> <span class='ocrx_word' id='word_1_114' title='bbox 1157 2201 1237 2283; x_wconf 92' lang='lat' dir='ltr'><strong>apud</strong></span> <span class='ocrx_word' id='word_1_115' title='bbox 1261 2201 1395 2282; x_wconf 88' lang='lat' dir='ltr'><strong>Coptitas</strong></span> <span class='ocrx_word' id='word_1_116' title='bbox 1418 2202 1606 2283; x_wconf 83' lang='lat' dir='ltr'><strong>intelligitur,</strong></span> <span class='ocrx_word' id='word_1_117' title='bbox 1629 2200 1816 2281; x_wconf 89' lang='lat' dir='ltr'><strong>accipienda.</strong></span> <span class='ocrx_word' id='word_1_118' title='bbox 1839 2202 1948 2265; x_wconf 87' lang='lat' dir='ltr'><strong>Veram</strong></span> <span class='ocrx_word' id='word_1_119' title='bbox 1968 2208 2049 2262; x_wconf 91' lang='lat' dir='ltr'><strong>autem</strong></span> 
     </span>
     <span class='ocr_line' id='line_1_15' title="bbox 696 2298 2052 2384; baseline -0.005 -19"><span class='ocrx_word' id='word_1_120' title='bbox 696 2303 890 2365; x_wconf 88' lang='lat' dir='ltr'><strong>mutationem</strong></span> <span class='ocrx_word' id='word_1_121' title='bbox 913 2301 1063 2384; x_wconf 81' lang='lat' dir='ltr'><strong>significat</strong></span> <span class='ocrx_word' id='word_1_122' title='bbox 1081 2317 1142 2362; x_wconf 84' lang='lat' dir='ltr'><strong>vox</strong></span> <span class='ocrx_word' id='word_1_123' title='bbox 1157 2299 1349 2382; x_wconf 85' lang='lat' dir='ltr'><strong>Aethiopica,</strong></span> <span class='ocrx_word' id='word_1_124' title='bbox 1372 2302 1421 2362; x_wconf 84' lang='lat' dir='ltr'><strong>rei</strong></span> <span class='ocrx_word' id='word_1_125' title='bbox 1441 2301 1567 2377; x_wconf 88' lang='lat' dir='ltr'><strong>scilicet,</strong></span> <span class='ocrx_word' id='word_1_126' title='bbox 1589 2302 1680 2362; x_wconf 81' lang='lat' dir='ltr'><strong>onius</strong></span> <span class='ocrx_word' id='word_1_127' title='bbox 1700 2302 1733 2362; x_wconf 82' lang='lat' dir='ltr'><strong>in</strong></span> <span class='ocrx_word' id='word_1_128' title='bbox 1754 2301 1859 2376; x_wconf 82' lang='lat' dir='ltr'><strong>etiam,</strong></span> <span class='ocrx_word' id='word_1_129' title='bbox 1882 2308 1915 2363; x_wconf 94' lang='lat' dir='ltr'><strong>ut</strong></span> <span class='ocrx_word' id='word_1_130' title='bbox 1936 2298 2052 2382; x_wconf 78' lang='lat' dir='ltr'><strong>agnoscit</strong></span> 
     </span>
     <span class='ocr_line' id='line_1_16' title="bbox 697 2398 2051 2484; baseline -0.006 -19"><span class='ocrx_word' id='word_1_131' title='bbox 697 2404 764 2484; x_wconf 89' lang='lat' dir='ltr'><strong>ipse</strong></span> <span class='ocrx_word' id='word_1_132' title='bbox 786 2398 931 2463; x_wconf 89' lang='lat' dir='ltr'><strong>Ludolius</strong></span> <span class='ocrx_word' id='word_1_133' title='bbox 954 2401 984 2461; x_wconf 92' lang='lat' dir='ltr'><strong>in</strong></span> <span class='ocrx_word' id='word_1_134' title='bbox 1007 2398 1127 2461; x_wconf 85' lang='lat' dir='ltr'><strong>Lexicis</strong></span> <span class='ocrx_word' id='word_1_135' title='bbox 1151 2399 1229 2462; x_wconf 84' lang='lat' dir='ltr'><strong>suis:</strong></span> <span class='ocrx_word' id='word_1_136' title='bbox 1260 2398 1404 2482; x_wconf 87' lang='lat' dir='ltr'><strong>multique</strong></span> <span class='ocrx_word' id='word_1_137' title='bbox 1434 2402 1604 2480; x_wconf 89' lang='lat' dir='ltr'><strong>scripturae</strong></span> <span class='ocrx_word' id='word_1_138' title='bbox 1631 2399 1692 2462; x_wconf 90' lang='lat' dir='ltr'><strong>loci</strong></span> <span class='ocrx_word' id='word_1_139' title='bbox 1714 2400 1745 2461; x_wconf 94' lang='lat' dir='ltr'><strong>in</strong></span> <span class='ocrx_word' id='word_1_140' title='bbox 1768 2400 1877 2481; x_wconf 86' lang='lat' dir='ltr'><strong>quibus</strong></span> <span class='ocrx_word' id='word_1_141' title='bbox 1900 2404 2051 2480; x_wconf 88' lang='lat' dir='ltr'><strong>usurpatur,</strong></span> 
     </span>
     <span class='ocr_line' id='line_1_17' title="bbox 697 2496 2051 2584; baseline -0.004 -21"><span class='ocrx_word' id='word_1_142' title='bbox 697 2502 795 2584; x_wconf 88' lang='lat' dir='ltr'><strong>palam</strong></span> <span class='ocrx_word' id='word_1_143' title='bbox 817 2498 940 2562; x_wconf 87' lang='lat' dir='ltr'><strong>faciunt.</strong></span> <span class='ocrx_word' id='word_1_144' title='bbox 985 2497 1017 2561; x_wconf 92' lang='lat' dir='ltr'><strong>Si</strong></span> <span class='ocrx_word' id='word_1_145' title='bbox 1037 2498 1088 2561; x_wconf 91' lang='lat' dir='ltr'><strong>vel</strong></span> <span class='ocrx_word' id='word_1_146' title='bbox 1115 2496 1269 2560; x_wconf 91' lang='lat' dir='ltr'><strong>levissima</strong></span> <span class='ocrx_word' id='word_1_147' title='bbox 1299 2498 1338 2560; x_wconf 93' lang='lat' dir='ltr'><strong>de</strong></span> <span class='ocrx_word' id='word_1_148' title='bbox 1366 2499 1432 2580; x_wconf 87' lang='lat' dir='ltr'><strong>ejus</strong></span> <span class='ocrx_word' id='word_1_149' title='bbox 1461 2498 1680 2583; x_wconf 79' lang='lat' dir='ltr'><strong>significatione</strong></span> <span class='ocrx_word' id='word_1_150' title='bbox 1708 2506 1792 2562; x_wconf 90' lang='lat' dir='ltr'><strong>esset</strong></span> <span class='ocrx_word' id='word_1_151' title='bbox 1821 2499 1976 2579; x_wconf 91' lang='lat' dir='ltr'><strong>dubitatio,</strong></span> <span class='ocrx_word' id='word_1_152' title='bbox 2000 2512 2051 2559; x_wconf 83' lang='lat' dir='ltr'><strong>vox</strong></span> 
     </span>
     <span class='ocr_line' id='line_1_18' title="bbox 699 2597 1939 2681; baseline -0.001 -19"><span class='ocrx_word' id='word_1_153' title='bbox 699 2599 826 2681; x_wconf 86' lang='lat' dir='ltr'><strong>Coptica</strong></span> <span class='ocrx_word' id='word_1_154' title='bbox 851 2600 900 2661; x_wconf 91' lang='lat' dir='ltr'><strong>cni</strong></span> <span class='ocrx_word' id='word_1_155' title='bbox 920 2597 1098 2679; x_wconf 89' lang='lat' dir='ltr'><strong>respondet,</strong></span> <span class='ocrx_word' id='word_1_156' title='bbox 1121 2605 1152 2660; x_wconf 89' lang='lat' dir='ltr'><strong>et</strong></span> <span class='ocrx_word' id='word_1_157' title='bbox 1173 2598 1333 2661; x_wconf 85' lang='lat' dir='ltr'><strong>versiones</strong></span> <span class='ocrx_word' id='word_1_158' title='bbox 1355 2598 1506 2661; x_wconf 87' lang='lat' dir='ltr'><strong>Arabicae</strong></span> <span class='ocrx_word' id='word_1_159' title='bbox 1528 2598 1608 2661; x_wconf 91' lang='lat' dir='ltr'><strong>illam</strong></span> <span class='ocrx_word' id='word_1_160' title='bbox 1629 2597 1720 2680; x_wconf 91' lang='lat' dir='ltr'><strong>plene</strong></span> <span class='ocrx_word' id='word_1_161' title='bbox 1743 2597 1939 2663; x_wconf 89' lang='lat' dir='ltr'><strong>discuterent.</strong></span> 
     </span>
    </p>
   </div>
   <div class='ocr_carea' id='block_1_5' title="bbox 846 2891 1931 2966">
    <p class='ocr_par' dir='ltr' id='par_1_5' title="bbox 846 2891 1931 2966">
     <span class='ocr_line' id='line_1_19' title="bbox 846 2891 1931 2966; baseline -0.003 -2"><span class='ocrx_word' id='word_1_162' title='bbox 846 2892 881 2964; x_wconf 88' lang='lat'><strong>6.</strong></span> <span class='ocrx_word' id='word_1_163' title='bbox 919 2891 1096 2962; x_wconf 77' lang='lat' dir='ltr'><strong>Sacerdos</strong></span> <span class='ocrx_word' id='word_1_164' title='bbox 1122 2891 1208 2962; x_wconf 82' lang='lat' dir='ltr'><strong>dicit</strong></span> <span class='ocrx_word' id='word_1_165' title='bbox 1235 2892 1434 2965; x_wconf 81' lang='lat' dir='ltr'><strong>Orationem</strong></span> <span class='ocrx_word' id='word_1_166' title='bbox 1459 2893 1698 2966; x_wconf 79' lang='lat' dir='ltr'><strong>Absolutionr&#39;s</strong></span> <span class='ocrx_word' id='word_1_167' title='bbox 1723 2892 1771 2963; x_wconf 85' lang='lat' dir='ltr'><strong>nd</strong></span> <span class='ocrx_word' id='word_1_168' title='bbox 1796 2891 1931 2962; x_wconf 79' lang='lat' dir='ltr'><strong>Ftttem.</strong></span> 
     </span>
    </p>
   </div>
   <div class='ocr_carea' id='block_1_6' title="bbox 700 3103 2052 5090">
    <p class='ocr_par' dir='ltr' id='par_1_6' title="bbox 700 3103 2052 5090">
     <span class='ocr_line' id='line_1_20' title="bbox 798 3103 2051 3196; baseline -0.006 -17"><span class='ocrx_word' id='word_1_169' title='bbox 798 3103 932 3181; x_wconf 77' lang='lat' dir='ltr'><strong>Trrunus</strong></span> <span class='ocrx_word' id='word_1_170' title='bbox 954 3112 1006 3175; x_wconf 90' lang='lat' dir='ltr'><strong>illc</strong></span> <span class='ocrx_word' id='word_1_171' title='bbox 1029 3118 1114 3175; x_wconf 86' lang='lat' dir='ltr'><strong>extat</strong></span> <span class='ocrx_word' id='word_1_172' title='bbox 1135 3112 1167 3174; x_wconf 92' lang='lat' dir='ltr'><strong>in</strong></span> <span class='ocrx_word' id='word_1_173' title='bbox 1187 3113 1353 3194; x_wconf 88' lang='lat' dir='ltr'><strong>exemplari</strong></span> <span class='ocrx_word' id='word_1_174' title='bbox 1368 3113 1559 3196; x_wconf 80' lang='lat' dir='ltr'><strong>Aethiopico,</strong></span> <span class='ocrx_word' id='word_1_175' title='bbox 1582 3114 1720 3196; x_wconf 87' lang='lat' dir='ltr'><strong>idemque</strong></span> <span class='ocrx_word' id='word_1_176' title='bbox 1743 3121 1801 3189; x_wconf 91' lang='lat' dir='ltr'><strong>est,</strong></span> <span class='ocrx_word' id='word_1_177' title='bbox 1824 3119 1915 3193; x_wconf 87' lang='lat' dir='ltr'><strong>atque</strong></span> <span class='ocrx_word' id='word_1_178' title='bbox 1935 3112 1960 3175; x_wconf 91' lang='lat' dir='ltr'><strong>is</strong></span> <span class='ocrx_word' id='word_1_179' title='bbox 1981 3128 2051 3192; x_wconf 87' lang='lat' dir='ltr'><strong>quem</strong></span> 
     </span>
     <span class='ocr_line' id='line_1_21' title="bbox 701 3213 2051 3299; baseline -0.004 -18"><span class='ocrx_word' id='word_1_180' title='bbox 701 3218 807 3282; x_wconf 90' lang='lat' dir='ltr'><strong>eadem</strong></span> <span class='ocrx_word' id='word_1_181' title='bbox 830 3218 927 3281; x_wconf 91' lang='lat' dir='ltr'><strong>oratio</strong></span> <span class='ocrx_word' id='word_1_182' title='bbox 949 3214 1085 3299; x_wconf 80' lang='lat' dir='ltr'><strong>praefert</strong></span> <span class='ocrx_word' id='word_1_183' title='bbox 1106 3218 1138 3278; x_wconf 94' lang='lat' dir='ltr'><strong>in</strong></span> <span class='ocrx_word' id='word_1_184' title='bbox 1151 3213 1285 3297; x_wconf 90' lang='lat' dir='ltr'><strong>Copticis</strong></span> <span class='ocrx_word' id='word_1_185' title='bbox 1308 3217 1542 3299; x_wconf 88' lang='lat' dir='ltr'><strong>exemplaribus,</strong></span> <span class='ocrx_word' id='word_1_186' title='bbox 1566 3226 1597 3281; x_wconf 90' lang='lat' dir='ltr'><strong>et</strong></span> <span class='ocrx_word' id='word_1_187' title='bbox 1619 3218 1657 3280; x_wconf 95' lang='lat' dir='ltr'><strong>de</strong></span> <span class='ocrx_word' id='word_1_188' title='bbox 1679 3217 1730 3280; x_wconf 93' lang='lat' dir='ltr'><strong>illa</strong></span> <span class='ocrx_word' id='word_1_189' title='bbox 1750 3216 1862 3278; x_wconf 90' lang='lat' dir='ltr'><strong>dictum</strong></span> <span class='ocrx_word' id='word_1_190' title='bbox 1876 3217 1965 3278; x_wconf 89' lang='lat' dir='ltr'><strong>estin</strong></span> <span class='ocrx_word' id='word_1_191' title='bbox 1977 3215 2051 3278; x_wconf 84' lang='lat' dir='ltr'><strong>Gon-</strong></span> 
     </span>
     <span class='ocr_line' id='line_1_22' title="bbox 700 3314 2051 3395; baseline -0.004 -16"><span class='ocrx_word' id='word_1_192' title='bbox 700 3319 858 3380; x_wconf 83' lang='lat' dir='ltr'><strong>montario.</strong></span> <span class='ocrx_word' id='word_1_193' title='bbox 901 3316 934 3379; x_wconf 92' lang='lat' dir='ltr'><strong>ln</strong></span> <span class='ocrx_word' id='word_1_194' title='bbox 955 3317 1062 3379; x_wconf 91' lang='lat' dir='ltr'><strong>Latina</strong></span> <span class='ocrx_word' id='word_1_195' title='bbox 1084 3316 1226 3377; x_wconf 92' lang='lat' dir='ltr'><strong>versione</strong></span> <span class='ocrx_word' id='word_1_196' title='bbox 1251 3314 1418 3395; x_wconf 73' lang='lat' dir='ltr'><strong>Cocdjntor</strong></span> <span class='ocrx_word' id='word_1_197' title='bbox 1439 3318 1589 3380; x_wconf 60' lang='lat' dir='ltr'><strong>edendos</strong></span> <span class='ocrx_word' id='word_1_198' title='bbox 1610 3317 1699 3393; x_wconf 79' lang='lat' dir='ltr'><strong>dicit,</strong></span> <span class='ocrx_word' id='word_1_199' title='bbox 1722 3324 1778 3380; x_wconf 84' lang='lat' dir='ltr'><strong>etc.</strong></span> <span class='ocrx_word' id='word_1_200' title='bbox 1824 3315 1869 3377; x_wconf 89' lang='lat' dir='ltr'><strong>lta</strong></span> <span class='ocrx_word' id='word_1_201' title='bbox 1890 3322 2006 3393; x_wconf 89' lang='lat' dir='ltr'><strong>vocant,</strong></span> <span class='ocrx_word' id='word_1_202' title='bbox 2027 3320 2051 3375; x_wconf 90' lang='lat' dir='ltr'><strong>et</strong></span> 
     </span>
     <span class='ocr_line' id='line_1_23' title="bbox 701 3413 2050 3499; baseline -0.004 -21"><span class='ocrx_word' id='word_1_203' title='bbox 701 3419 774 3479; x_wconf 89' lang='lat' dir='ltr'><strong>satis</strong></span> <span class='ocrx_word' id='word_1_204' title='bbox 793 3417 919 3498; x_wconf 91' lang='lat' dir='ltr'><strong>proprie</strong></span> <span class='ocrx_word' id='word_1_205' title='bbox 941 3416 992 3496; x_wconf 86' lang='lat' dir='ltr'><strong>qui</strong></span> <span class='ocrx_word' id='word_1_206' title='bbox 1015 3414 1053 3477; x_wconf 93' lang='lat' dir='ltr'><strong>ad</strong></span> <span class='ocrx_word' id='word_1_207' title='bbox 1074 3413 1201 3477; x_wconf 91' lang='lat' dir='ltr'><strong>verbum</strong></span> <span class='ocrx_word' id='word_1_208' title='bbox 1218 3414 1476 3499; x_wconf 75' lang='lat' dir='ltr'><strong>remi-Presbyter</strong></span> <span class='ocrx_word' id='word_1_209' title='bbox 1489 3424 1627 3494; x_wconf 90' lang='lat' dir='ltr'><strong>vocatur,</strong></span> <span class='ocrx_word' id='word_1_210' title='bbox 1650 3414 1842 3495; x_wconf 78' lang='lat' dir='ltr'><strong>Aethiopica,</strong></span> <span class='ocrx_word' id='word_1_211' title='bbox 1866 3415 1951 3495; x_wconf 90' lang='lat' dir='ltr'><strong>cujus</strong></span> <span class='ocrx_word' id='word_1_212' title='bbox 1973 3422 2050 3476; x_wconf 89' lang='lat' dir='ltr'><strong>tamen</strong></span> 
     </span>
     <span class='ocr_line' id='line_1_24' title="bbox 701 3513 2052 3596; baseline -0.004 -17"><span class='ocrx_word' id='word_1_213' title='bbox 701 3515 845 3578; x_wconf 87' lang='lat' dir='ltr'><strong>Ordinem</strong></span> <span class='ocrx_word' id='word_1_214' title='bbox 870 3515 953 3577; x_wconf 92' lang='lat' dir='ltr'><strong>velut</strong></span> <span class='ocrx_word' id='word_1_215' title='bbox 976 3533 993 3577; x_wconf 93' lang='lat' dir='ltr'><strong>a</strong></span> <span class='ocrx_word' id='word_1_216' title='bbox 1014 3514 1190 3595; x_wconf 80' lang='lat' dir='ltr'><strong>Presbyteri</strong></span> <span class='ocrx_word' id='word_1_217' title='bbox 1212 3513 1326 3576; x_wconf 89' lang='lat' dir='ltr'><strong>Ordine</strong></span> <span class='ocrx_word' id='word_1_218' title='bbox 1349 3515 1519 3578; x_wconf 90' lang='lat' dir='ltr'><strong>distinctum</strong></span> <span class='ocrx_word' id='word_1_219' title='bbox 1541 3513 1686 3578; x_wconf 88' lang='lat' dir='ltr'><strong>Ludollus</strong></span> <span class='ocrx_word' id='word_1_220' title='bbox 1709 3516 1897 3596; x_wconf 81' lang='lat' dir='ltr'><strong>imaginatur.</strong></span> <span class='ocrx_word' id='word_1_221' title='bbox 1942 3513 2052 3575; x_wconf 88' lang='lat' dir='ltr'><strong>Vocatur</strong></span> 
     </span>
     <span class='ocr_line' id='line_1_25' title="bbox 700 3610 2051 3696; baseline -0.004 -20"><span class='ocrx_word' id='word_1_222' title='bbox 700 3615 742 3676; x_wconf 92' lang='lat' dir='ltr'><strong>ita</strong></span> <span class='ocrx_word' id='word_1_223' title='bbox 765 3613 916 3678; x_wconf 88' lang='lat' dir='ltr'><strong>Sacerdos</strong></span> <span class='ocrx_word' id='word_1_224' title='bbox 939 3615 1104 3692; x_wconf 54' lang='lat' dir='ltr'><strong>cerateas,</strong></span> <span class='ocrx_word' id='word_1_225' title='bbox 1126 3621 1160 3675; x_wconf 92' lang='lat' dir='ltr'><strong>ut</strong></span> <span class='ocrx_word' id='word_1_226' title='bbox 1182 3613 1213 3675; x_wconf 92' lang='lat' dir='ltr'><strong>in</strong></span> <span class='ocrx_word' id='word_1_227' title='bbox 1236 3610 1511 3678; x_wconf 88' lang='lat' dir='ltr'><strong>Caeremonialibus</strong></span> <span class='ocrx_word' id='word_1_228' title='bbox 1533 3616 1643 3677; x_wconf 90' lang='lat' dir='ltr'><strong>nostris</strong></span> <span class='ocrx_word' id='word_1_229' title='bbox 1665 3614 1750 3676; x_wconf 89' lang='lat' dir='ltr'><strong>libris</strong></span> <span class='ocrx_word' id='word_1_230' title='bbox 1772 3612 1867 3696; x_wconf 85' lang='lat' dir='ltr'><strong>vulgo</strong></span> <span class='ocrx_word' id='word_1_231' title='bbox 1890 3611 2051 3693; x_wconf 85' lang='lat' dir='ltr'><strong>appellatur;</strong></span> 
     </span>
     <span class='ocr_line' id='line_1_26' title="bbox 701 3711 2051 3794; baseline -0.005 -19"><span class='ocrx_word' id='word_1_232' title='bbox 701 3715 836 3793; x_wconf 90' lang='lat' dir='ltr'><strong>quamvis</strong></span> <span class='ocrx_word' id='word_1_233' title='bbox 859 3713 978 3776; x_wconf 91' lang='lat' dir='ltr'><strong>dillerat</strong></span> <span class='ocrx_word' id='word_1_234' title='bbox 1001 3713 1159 3794; x_wconf 88' lang='lat' dir='ltr'><strong>utriusque</strong></span> <span class='ocrx_word' id='word_1_235' title='bbox 1182 3711 1326 3775; x_wconf 88' lang='lat' dir='ltr'><strong>Officium.</strong></span> <span class='ocrx_word' id='word_1_236' title='bbox 1370 3712 1445 3774; x_wconf 90' lang='lat' dir='ltr'><strong>Nam</strong></span> <span class='ocrx_word' id='word_1_237' title='bbox 1467 3715 1499 3775; x_wconf 92' lang='lat' dir='ltr'><strong>in</strong></span> <span class='ocrx_word' id='word_1_238' title='bbox 1520 3713 1666 3783; x_wconf 80' lang='lat' dir='ltr'><strong>Ecclesiis</strong></span> <span class='ocrx_word' id='word_1_239' title='bbox 1689 3711 1907 3789; x_wconf 90' lang='lat' dir='ltr'><strong>Orientalibus,</strong></span> <span class='ocrx_word' id='word_1_240' title='bbox 1930 3726 2051 3792; x_wconf 90' lang='lat' dir='ltr'><strong>praescr-</strong></span> 
     </span>
     <span class='ocr_line' id='line_1_27' title="bbox 702 3810 2050 3893; baseline -0.004 -20"><span class='ocrx_word' id='word_1_241' title='bbox 702 3813 813 3893; x_wconf 90' lang='lat' dir='ltr'><strong>timque</strong></span> <span class='ocrx_word' id='word_1_242' title='bbox 836 3814 867 3876; x_wconf 93' lang='lat' dir='ltr'><strong>in</strong></span> <span class='ocrx_word' id='word_1_243' title='bbox 888 3811 1095 3875; x_wconf 79' lang='lat' dir='ltr'><strong>Alexandrina</strong></span> <span class='ocrx_word' id='word_1_244' title='bbox 1116 3811 1294 3889; x_wconf 88' lang='lat' dir='ltr'><strong>Jacobitica,</strong></span> <span class='ocrx_word' id='word_1_245' title='bbox 1317 3812 1374 3875; x_wconf 91' lang='lat' dir='ltr'><strong>soli</strong></span> <span class='ocrx_word' id='word_1_246' title='bbox 1396 3813 1523 3876; x_wconf 89' lang='lat' dir='ltr'><strong>Diaconi</strong></span> <span class='ocrx_word' id='word_1_247' title='bbox 1537 3811 1696 3887; x_wconf 84' lang='lat' dir='ltr'><strong>Sacerdoti</strong></span> <span class='ocrx_word' id='word_1_248' title='bbox 1718 3810 1884 3874; x_wconf 87' lang='lat' dir='ltr'><strong>celebranti</strong></span> <span class='ocrx_word' id='word_1_249' title='bbox 1898 3810 2050 3871; x_wconf 88' lang='lat' dir='ltr'><strong>ministrant.</strong></span> 
     </span>
     <span class='ocr_line' id='line_1_28' title="bbox 700 3905 2050 3994; baseline -0.003 -23"><span class='ocrx_word' id='word_1_250' title='bbox 700 3909 766 3973; x_wconf 87' lang='lat' dir='ltr'><strong>lloc</strong></span> <span class='ocrx_word' id='word_1_251' title='bbox 794 3913 864 3975; x_wconf 93' lang='lat' dir='ltr'><strong>loco</strong></span> <span class='ocrx_word' id='word_1_252' title='bbox 894 3912 966 3993; x_wconf 83' lang='lat' dir='ltr'><strong>quid</strong></span> <span class='ocrx_word' id='word_1_253' title='bbox 994 3930 1051 3993; x_wconf 90' lang='lat' dir='ltr'><strong>per</strong></span> <span class='ocrx_word' id='word_1_254' title='bbox 1082 3910 1406 3994; x_wconf 74' lang='lat' dir='ltr'><strong>amni-Presbyterum</strong></span> <span class='ocrx_word' id='word_1_255' title='bbox 1434 3911 1636 3993; x_wconf 80' lang='lat' dir='ltr'><strong>intelligatur,</strong></span> <span class='ocrx_word' id='word_1_256' title='bbox 1670 3930 1711 3973; x_wconf 87' lang='lat' dir='ltr'><strong>ex</strong></span> <span class='ocrx_word' id='word_1_257' title='bbox 1739 3909 1898 3973; x_wconf 87' lang='lat' dir='ltr'><strong>Ecclesiae</strong></span> <span class='ocrx_word' id='word_1_258' title='bbox 1928 3905 2050 3988; x_wconf 83' lang='lat' dir='ltr'><strong>Copticae</strong></span> 
     </span>
     <span class='ocr_line' id='line_1_29' title="bbox 700 4004 2050 4093; baseline -0.005 -21"><span class='ocrx_word' id='word_1_259' title='bbox 700 4010 857 4092; x_wconf 92' lang='lat' dir='ltr'><strong>disciplina</strong></span> <span class='ocrx_word' id='word_1_260' title='bbox 880 4020 965 4075; x_wconf 89' lang='lat' dir='ltr'><strong>certo</strong></span> <span class='ocrx_word' id='word_1_261' title='bbox 987 4013 1108 4075; x_wconf 90' lang='lat' dir='ltr'><strong>scimus.</strong></span> <span class='ocrx_word' id='word_1_262' title='bbox 1154 4010 1188 4073; x_wconf 93' lang='lat' dir='ltr'><strong>ln</strong></span> <span class='ocrx_word' id='word_1_263' title='bbox 1209 4009 1295 4073; x_wconf 88' lang='lat' dir='ltr'><strong>libris</strong></span> <span class='ocrx_word' id='word_1_264' title='bbox 1318 4012 1431 4093; x_wconf 89' lang='lat' dir='ltr'><strong>quippe</strong></span> <span class='ocrx_word' id='word_1_265' title='bbox 1453 4010 1634 4089; x_wconf 79' lang='lat' dir='ltr'><strong>llitualibus,</strong></span> <span class='ocrx_word' id='word_1_266' title='bbox 1655 4010 1820 4091; x_wconf 92' lang='lat' dir='ltr'><strong>praecipue</strong></span> <span class='ocrx_word' id='word_1_267' title='bbox 1844 4005 1989 4069; x_wconf 88' lang='lat' dir='ltr'><strong>Gabrielis</strong></span> <span class='ocrx_word' id='word_1_268' title='bbox 2006 4004 2050 4065; x_wconf 90' lang='lat' dir='ltr'><strong>Pa·</strong></span> 
     </span>
     <span class='ocr_line' id='line_1_30' title="bbox 700 4101 2050 4192; baseline -0.005 -21"><span class='ocrx_word' id='word_1_269' title='bbox 700 4110 868 4191; x_wconf 88' lang='lat' dir='ltr'><strong>triarchae,</strong></span> <span class='ocrx_word' id='word_1_270' title='bbox 897 4119 1034 4188; x_wconf 89' lang='lat' dir='ltr'><strong>notatur,</strong></span> <span class='ocrx_word' id='word_1_271' title='bbox 1064 4110 1239 4173; x_wconf 88' lang='lat' dir='ltr'><strong>Orationem</strong></span> <span class='ocrx_word' id='word_1_272' title='bbox 1261 4108 1468 4173; x_wconf 82' lang='lat' dir='ltr'><strong>Absolutionis</strong></span> <span class='ocrx_word' id='word_1_273' title='bbox 1496 4110 1534 4173; x_wconf 89' lang='lat' dir='ltr'><strong>de</strong></span> <span class='ocrx_word' id='word_1_274' title='bbox 1557 4129 1616 4192; x_wconf 86' lang='lat' dir='ltr'><strong>qua</strong></span> <span class='ocrx_word' id='word_1_275' title='bbox 1638 4127 1716 4171; x_wconf 90' lang='lat' dir='ltr'><strong>nunc</strong></span> <span class='ocrx_word' id='word_1_276' title='bbox 1739 4109 1855 4190; x_wconf 84' lang='lat' dir='ltr'><strong>agitur,</strong></span> <span class='ocrx_word' id='word_1_277' title='bbox 1886 4101 2050 4189; x_wconf 86' lang='lat' dir='ltr'><strong>pronuntiari</strong></span> 
     </span>
     <span class='ocr_line' id='line_1_31' title="bbox 700 4205 2050 4292; baseline -0.008 -19"><span class='ocrx_word' id='word_1_278' title='bbox 700 4228 793 4291; x_wconf 91' lang='lat' dir='ltr'><strong>super</strong></span> <span class='ocrx_word' id='word_1_279' title='bbox 817 4210 1012 4274; x_wconf 85' lang='lat' dir='ltr'><strong>Sacerdotem</strong></span> <span class='ocrx_word' id='word_1_280' title='bbox 1035 4209 1254 4285; x_wconf 89' lang='lat' dir='ltr'><strong>celebrantem,</strong></span> <span class='ocrx_word' id='word_1_281' title='bbox 1278 4210 1366 4271; x_wconf 90' lang='lat' dir='ltr'><strong>etiam</strong></span> <span class='ocrx_word' id='word_1_282' title='bbox 1388 4209 1588 4292; x_wconf 80' lang='lat' dir='ltr'><strong>Episcopum,</strong></span> <span class='ocrx_word' id='word_1_283' title='bbox 1612 4209 1650 4272; x_wconf 92' lang='lat' dir='ltr'><strong>ab</strong></span> <span class='ocrx_word' id='word_1_284' title='bbox 1673 4208 1851 4289; x_wconf 79' lang='lat' dir='ltr'><strong>llegumeno</strong></span> <span class='ocrx_word' id='word_1_285' title='bbox 1873 4223 1929 4269; x_wconf 91' lang='lat' dir='ltr'><strong>seu</strong></span> <span class='ocrx_word' id='word_1_286' title='bbox 1951 4205 2050 4276; x_wconf 81' lang='lat' dir='ltr'><strong>Konna,</strong></span> 
     </span>
     <span class='ocr_line' id='line_1_32' title="bbox 701 4304 2050 4392; baseline -0.007 -20"><span class='ocrx_word' id='word_1_287' title='bbox 701 4327 779 4392; x_wconf 86' lang='lat' dir='ltr'><strong>quae</strong></span> <span class='ocrx_word' id='word_1_288' title='bbox 808 4329 872 4373; x_wconf 84' lang='lat' dir='ltr'><strong>vox</strong></span> <span class='ocrx_word' id='word_1_289' title='bbox 897 4328 959 4373; x_wconf 94' lang='lat' dir='ltr'><strong>non</strong></span> <span class='ocrx_word' id='word_1_290' title='bbox 982 4308 1070 4372; x_wconf 89' lang='lat' dir='ltr'><strong>modo</strong></span> <span class='ocrx_word' id='word_1_291' title='bbox 1093 4307 1381 4389; x_wconf 80' lang='lat' dir='ltr'><strong>Archimandritam,</strong></span> <span class='ocrx_word' id='word_1_292' title='bbox 1411 4309 1467 4372; x_wconf 91' lang='lat' dir='ltr'><strong>sed</strong></span> <span class='ocrx_word' id='word_1_293' title='bbox 1495 4307 1803 4391; x_wconf 86' lang='lat' dir='ltr'><strong>Archipresbyterum</strong></span> <span class='ocrx_word' id='word_1_294' title='bbox 1830 4304 1991 4388; x_wconf 82' lang='lat' dir='ltr'><strong>significat:</strong></span> <span class='ocrx_word' id='word_1_295' title='bbox 2013 4305 2050 4362; x_wconf 83' lang='lat' dir='ltr'><strong>aut</strong></span> 
     </span>
     <span class='ocr_line' id='line_1_33' title="bbox 701 4400 2050 4491; baseline -0.004 -20"><span class='ocrx_word' id='word_1_296' title='bbox 701 4410 738 4472; x_wconf 90' lang='lat' dir='ltr'><strong>ab</strong></span> <span class='ocrx_word' id='word_1_297' title='bbox 763 4409 821 4472; x_wconf 89' lang='lat' dir='ltr'><strong>alio</strong></span> <span class='ocrx_word' id='word_1_298' title='bbox 845 4409 1020 4474; x_wconf 88' lang='lat' dir='ltr'><strong>Sacerdote.</strong></span> <span class='ocrx_word' id='word_1_299' title='bbox 1066 4407 1235 4471; x_wconf 89' lang='lat' dir='ltr'><strong>Verisimile</strong></span> <span class='ocrx_word' id='word_1_300' title='bbox 1265 4408 1359 4491; x_wconf 83' lang='lat' dir='ltr'><strong>igitur</strong></span> <span class='ocrx_word' id='word_1_301' title='bbox 1386 4410 1508 4472; x_wconf 90' lang='lat' dir='ltr'><strong>omnino</strong></span> <span class='ocrx_word' id='word_1_302' title='bbox 1531 4417 1578 4473; x_wconf 93' lang='lat' dir='ltr'><strong>est</strong></span> <span class='ocrx_word' id='word_1_303' title='bbox 1601 4406 1736 4472; x_wconf 90' lang='lat' dir='ltr'><strong>eamdem</strong></span> <span class='ocrx_word' id='word_1_304' title='bbox 1759 4408 1789 4468; x_wconf 92' lang='lat' dir='ltr'><strong>in</strong></span> <span class='ocrx_word' id='word_1_305' title='bbox 1809 4404 1988 4486; x_wconf 80' lang='lat' dir='ltr'><strong>Aethiopica</strong></span> <span class='ocrx_word' id='word_1_306' title='bbox 2003 4400 2050 4464; x_wconf 86' lang='lat' dir='ltr'><strong>llo·</strong></span> 
     </span>
     <span class='ocr_line' id='line_1_34' title="bbox 702 4499 2050 4589; baseline -0.009 -17"><span class='ocrx_word' id='word_1_307' title='bbox 702 4510 806 4587; x_wconf 88' lang='lat' dir='ltr'><strong>clesia,</strong></span> <span class='ocrx_word' id='word_1_308' title='bbox 834 4526 870 4570; x_wconf 90' lang='lat' dir='ltr'><strong>ac</strong></span> <span class='ocrx_word' id='word_1_309' title='bbox 892 4510 923 4570; x_wconf 94' lang='lat' dir='ltr'><strong>in</strong></span> <span class='ocrx_word' id='word_1_310' title='bbox 933 4507 1140 4571; x_wconf 86' lang='lat' dir='ltr'><strong>Alexandrina</strong></span> <span class='ocrx_word' id='word_1_311' title='bbox 1154 4508 1220 4589; x_wconf 88' lang='lat' dir='ltr'><strong>ejus</strong></span> <span class='ocrx_word' id='word_1_312' title='bbox 1239 4516 1334 4570; x_wconf 89' lang='lat' dir='ltr'><strong>matre</strong></span> <span class='ocrx_word' id='word_1_313' title='bbox 1350 4507 1445 4571; x_wconf 89' lang='lat' dir='ltr'><strong>luisse</strong></span> <span class='ocrx_word' id='word_1_314' title='bbox 1461 4508 1660 4589; x_wconf 87' lang='lat' dir='ltr'><strong>disciplinam,</strong></span> <span class='ocrx_word' id='word_1_315' title='bbox 1683 4508 1763 4570; x_wconf 90' lang='lat' dir='ltr'><strong>circa</strong></span> <span class='ocrx_word' id='word_1_316' title='bbox 1775 4505 1855 4567; x_wconf 93' lang='lat' dir='ltr'><strong>illius</strong></span> <span class='ocrx_word' id='word_1_317' title='bbox 1866 4499 2050 4566; x_wconf 84' lang='lat' dir='ltr'><strong>Absolutionis</strong></span> 
     </span>
     <span class='ocr_line' id='line_1_35' title="bbox 701 4603 2050 4689; baseline -0.004 -20"><span class='ocrx_word' id='word_1_318' title='bbox 701 4610 983 4688; x_wconf 90' lang='lat' dir='ltr'><strong>pronuntiationem.</strong></span> <span class='ocrx_word' id='word_1_319' title='bbox 1027 4607 1103 4669; x_wconf 89' lang='lat' dir='ltr'><strong>Nam</strong></span> <span class='ocrx_word' id='word_1_320' title='bbox 1125 4609 1152 4670; x_wconf 92' lang='lat' dir='ltr'><strong>si</strong></span> <span class='ocrx_word' id='word_1_321' title='bbox 1174 4616 1207 4670; x_wconf 92' lang='lat' dir='ltr'><strong>ut</strong></span> <span class='ocrx_word' id='word_1_322' title='bbox 1229 4607 1339 4669; x_wconf 91' lang='lat' dir='ltr'><strong>alicubi</strong></span> <span class='ocrx_word' id='word_1_323' title='bbox 1364 4608 1461 4671; x_wconf 92' lang='lat' dir='ltr'><strong>voluit</strong></span> <span class='ocrx_word' id='word_1_324' title='bbox 1482 4606 1644 4688; x_wconf 85' lang='lat' dir='ltr'><strong>Ludolius,</strong></span> <span class='ocrx_word' id='word_1_325' title='bbox 1673 4625 1730 4689; x_wconf 90' lang='lat' dir='ltr'><strong>per</strong></span> <span class='ocrx_word' id='word_1_326' title='bbox 1758 4603 2050 4684; x_wconf 72' lang='lat' dir='ltr'><strong>sent-Presbytero</strong></span> 
     </span>
     <span class='ocr_line' id='line_1_36' title="bbox 702 4699 2050 4789; baseline -0.004 -20"><span class='ocrx_word' id='word_1_327' title='bbox 702 4705 914 4789; x_wconf 80' lang='lat' dir='ltr'><strong>intelligendus</strong></span> <span class='ocrx_word' id='word_1_328' title='bbox 945 4714 993 4770; x_wconf 89' lang='lat' dir='ltr'><strong>est</strong></span> <span class='ocrx_word' id='word_1_329' title='bbox 1014 4707 1184 4785; x_wconf 89' lang='lat' dir='ltr'><strong>Diaconos,</strong></span> <span class='ocrx_word' id='word_1_330' title='bbox 1213 4714 1246 4769; x_wconf 90' lang='lat' dir='ltr'><strong>ut</strong></span> <span class='ocrx_word' id='word_1_331' title='bbox 1275 4725 1332 4788; x_wconf 93' lang='lat' dir='ltr'><strong>per</strong></span> <span class='ocrx_word' id='word_1_332' title='bbox 1361 4706 1654 4782; x_wconf 79' lang='lat' dir='ltr'><strong>senti-Diaconum,</strong></span> <span class='ocrx_word' id='word_1_333' title='bbox 1684 4704 1910 4779; x_wconf 78' lang='lat' dir='ltr'><strong>subdiaconus,</strong></span> <span class='ocrx_word' id='word_1_334' title='bbox 1940 4699 2050 4781; x_wconf 77' lang='lat' dir='ltr'><strong>sequitur</strong></span> 
     </span>
     <span class='ocr_line' id='line_1_37' title="bbox 704 4795 2050 4888; baseline -0.007 -20"><span class='ocrx_word' id='word_1_335' title='bbox 704 4805 878 4868; x_wconf 91' lang='lat' dir='ltr'><strong>Orationem</strong></span> <span class='ocrx_word' id='word_1_336' title='bbox 901 4805 1110 4869; x_wconf 81' lang='lat' dir='ltr'><strong>Absolutionis</strong></span> <span class='ocrx_word' id='word_1_337' title='bbox 1134 4807 1323 4887; x_wconf 90' lang='lat' dir='ltr'><strong>pronuntiari</strong></span> <span class='ocrx_word' id='word_1_338' title='bbox 1344 4826 1363 4870; x_wconf 91' lang='lat' dir='ltr'><strong>a</strong></span> <span class='ocrx_word' id='word_1_339' title='bbox 1384 4806 1530 4885; x_wconf 70' lang='lat' dir='ltr'><strong>marono,</strong></span> <span class='ocrx_word' id='word_1_340' title='bbox 1554 4807 1635 4888; x_wconf 86' lang='lat' dir='ltr'><strong>quod</strong></span> <span class='ocrx_word' id='word_1_341' title='bbox 1660 4803 1906 4869; x_wconf 88' lang='lat' dir='ltr'><strong>absurdissimum</strong></span> <span class='ocrx_word' id='word_1_342' title='bbox 1928 4808 1960 4863; x_wconf 91' lang='lat' dir='ltr'><strong>et</strong></span> <span class='ocrx_word' id='word_1_343' title='bbox 1980 4795 2050 4860; x_wconf 85' lang='lat' dir='ltr'><strong>disei-</strong></span> 
     </span>
     <span class='ocr_line' id='line_1_38' title="bbox 703 4892 2049 4987; baseline -0.008 -21"><span class='ocrx_word' id='word_1_344' title='bbox 703 4904 805 4987; x_wconf 92' lang='lat' dir='ltr'><strong>plinae</strong></span> <span class='ocrx_word' id='word_1_345' title='bbox 828 4908 1010 4968; x_wconf 89' lang='lat' dir='ltr'><strong>contrarium</strong></span> <span class='ocrx_word' id='word_1_346' title='bbox 1032 4912 1089 4970; x_wconf 88' lang='lat' dir='ltr'><strong>est.</strong></span> <span class='ocrx_word' id='word_1_347' title='bbox 1135 4905 1279 4978; x_wconf 76' lang='lat' dir='ltr'><strong>Quamvis</strong></span> <span class='ocrx_word' id='word_1_348' title='bbox 1302 4908 1381 4969; x_wconf 91' lang='lat' dir='ltr'><strong>enim</strong></span> <span class='ocrx_word' id='word_1_349' title='bbox 1402 4907 1478 4969; x_wconf 90' lang='lat' dir='ltr'><strong>haec</strong></span> <span class='ocrx_word' id='word_1_350' title='bbox 1501 4907 1598 4969; x_wconf 93' lang='lat' dir='ltr'><strong>oratio</strong></span> <span class='ocrx_word' id='word_1_351' title='bbox 1619 4903 1828 4968; x_wconf 78' lang='lat' dir='ltr'><strong>Absolutionis</strong></span> <span class='ocrx_word' id='word_1_352' title='bbox 1850 4892 2049 4964; x_wconf 88' lang='lat' dir='ltr'><strong>sacramentals</strong></span> 
     </span>
     <span class='ocr_line' id='line_1_39' title="bbox 703 4992 2050 5090; baseline -0.006 -26"><span class='ocrx_word' id='word_1_353' title='bbox 703 5005 851 5067; x_wconf 88' lang='lat' dir='ltr'><strong>rationem</strong></span> <span class='ocrx_word' id='word_1_354' title='bbox 872 5005 985 5068; x_wconf 89' lang='lat' dir='ltr'><strong>babere</strong></span> <span class='ocrx_word' id='word_1_355' title='bbox 1008 5022 1070 5068; x_wconf 92' lang='lat' dir='ltr'><strong>non</strong></span> <span class='ocrx_word' id='word_1_356' title='bbox 1091 5005 1199 5087; x_wconf 93' lang='lat' dir='ltr'><strong>possit,</strong></span> <span class='ocrx_word' id='word_1_357' title='bbox 1221 5022 1282 5067; x_wconf 92' lang='lat' dir='ltr'><strong>non</strong></span> <span class='ocrx_word' id='word_1_358' title='bbox 1305 5005 1387 5086; x_wconf 86' lang='lat' dir='ltr'><strong>quod</strong></span> <span class='ocrx_word' id='word_1_359' title='bbox 1409 5006 1619 5090; x_wconf 91' lang='lat' dir='ltr'><strong>deprecatoria</strong></span> <span class='ocrx_word' id='word_1_360' title='bbox 1641 5012 1699 5085; x_wconf 91' lang='lat' dir='ltr'><strong>est,</strong></span> <span class='ocrx_word' id='word_1_361' title='bbox 1722 5019 1827 5068; x_wconf 88' lang='lat' dir='ltr'><strong>omnes</strong></span> <span class='ocrx_word' id='word_1_362' title='bbox 1849 5000 1930 5064; x_wconf 88' lang='lat' dir='ltr'><strong>enim</strong></span> <span class='ocrx_word' id='word_1_363' title='bbox 1939 4992 2050 5062; x_wconf 84' lang='lat' dir='ltr'><strong>Absolu-</strong></span> 
     </span>
    </p>
   </div>
   <div class='ocr_carea' id='block_1_7' title="bbox 0 0 2274 6034">
    <p class='ocr_par' dir='ltr' id='par_1_7' title="bbox 0 0 2274 6034">
     <span class='ocr_line' id='line_1_40' title="bbox 0 0 2274 6034; baseline 0 0"><span class='ocrx_word' id='word_1_364' title='bbox 0 0 2274 6034; x_wconf 95' lang='lat' dir='ltr'><strong> </strong></span> 
     </span>
    </p>
   </div>
  </div>
 </body>
</html>
