4525 6034
714 559 769 634 48
1235 572 1594 656 LITURGIA

820 750 1007 825 Diaconos.
1046 755 1276 831 Attendamus.

819 884 979 979 Populus.
1017 890 1136 963 Amen.

817 1029 994 1101 Sacerdos
1019 1027 1093 1097 alto
1118 1049 1204 1098 ooce
1228 1030 1369 1123 sipaoas
1395 1037 1448 1102 ter
1474 1055 1607 1126 corpas.

817 1162 861 1235 Et
886 1162 971 1235 hunc
997 1185 1117 1259 panem
1144 1161 1287 1257 quidem.
1312 1161 1416 1236 faciat
1440 1188 1563 1263 corpus
1592 1163 1722 1241 Christi.

816 1296 977 1390 Populus.
1016 1296 1136 1369 Amen.

816 1429 1000 1519 Sacerdos,
1027 1435 1168 1526 sipaaas
1195 1436 1250 1501 ter
1275 1435 1480 1526 sanquinem.
1513 1432 1557 1506 Et
1582 1434 1669 1510 huno
1694 1435 1835 1509 calicem
1860 1436 1958 1513 faciat
1982 1466 2060 1539 quo-

705 1570 778 1641 =que
805 1553 999 1642 sanguinem
1025 1549 1207 1643 pretiosum
1233 1552 1419 1620 testamenti
1444 1553 1535 1622 novi

814 1682 974 1777 Popalas.
1017 1682 1136 1753 Amen.

814 1816 997 1888 Sacerdos.
1035 1814 1196 1908 Ejusdem
1221 1816 1373 1907 Domini,
1399 1817 1478 1905 Dei,
1511 1817 1698 1895 Salvatoris
1731 1832 1765 1895 et
1798 1822 1906 1919 Regis
1932 1830 2061 1900 omnium

708 1943 859 2007 nostrum
884 1933 967 2006 lesu
994 1930 1125 2005 Christi.

812 2066 973 2159 Populus.
1015 2066 1135 2138 Amen

812 2201 995 2272 Sacerdos.
1034 2197 1080 2270 Ut
1114 2201 1180 2272 sint
1213 2198 1310 2273 nohis
1351 2200 1521 2295 omnibus,
1554 2205 1610 2299 qui
1645 2228 1685 2276 ea
1723 2213 1913 2304 percepturi
1949 2234 2060 2305 sumus,

708 2317 798 2390 utilia
825 2317 868 2389 ad
894 2316 1106 2390 obtinendam
1132 2316 1231 2389 fidem
1258 2321 1329 2389 sine
1357 2318 1588 2414 disputatione,
1615 2325 1784 2395 caritatem
1812 2324 1940 2423 absque
1954 2326 2059 2424 hypo·

707 2436 798 2526 crisi,
822 2436 1014 2530 patientiam
1030 2433 1226 2530 perfectam,
1253 2457 1345 2530 spem
1378 2436 1517 2528 firmam,
1550 2436 1711 2528 fiduciam,
1738 2447 1987 2536 protectionem,
2005 2468 2082 2519 sa-⁴

707 2553 886 2641 nationem,
913 2552 1081 2643 gaudium,
1108 2560 1143 2623 et
1168 2553 1424 2623 renovationem
1451 2557 1592 2645 ammae,
1619 2560 1772 2652 corporis
1800 2567 1834 2628 et
1860 2563 2000 2655 spiritus,
2024 2562 2061 2633 ad

704 2668 846 2758 gloriam
871 2672 1013 2740 nominis
1038 2671 1086 2740 tui
1112 2670 1229 2758 sancti.
1257 2667 1299 2738 ad
1326 2672 1519 2742 societatem
1545 2667 1678 2742 beatam
1711 2675 1802 2745 vitae
1835 2686 2008 2771 aeternae,
2032 2688 2061 2750 et

702 2783 971 2881 incorruptibilis,
998 2795 1032 2857 et
1058 2785 1102 2856 ad
1127 2786 1354 2857 remissionem
1381 2797 1604 2881 peccatorum.

806 2918 968 3012 Populos.
1010 2917 1104 2991 Sicut
1130 2930 1204 2991 erat
1231 2928 1293 2991 eto.

805 3052 990 3124 Sacerdos.
1030 3050 1076 3123 Ut
1100 3055 1135 3123 in
1159 3051 1226 3124 hoc
1252 3055 1337 3124 sieut
1363 3063 1397 3124 et
1422 3053 1622 3127 inomnibus
1642 3053 1743 3128 rebus
1761 3055 1975 3149 glorificetur,
1999 3059 2059 3133 he-

604 3190 613 3203 ‘
704 3168 876 3242 nedicatur
905 3181 940 3242 et
969 3168 1150 3242 extollatur
1179 3191 1301 3242 nomen
1333 3180 1424 3242 tuum
1454 3192 1628 3262 magnum,
1660 3175 1924 3268 sanctissimum,
1957 3166 2058 3248 vene-

702 3286 838 3379 randum
866 3298 899 3358 et
924 3284 1147 3379 benedictum,
1173 3308 1248 3358 cum
1280 3286 1361 3358 lesu
1390 3286 1535 3378 Christo,
1561 3284 1646 3359 Filio
1682 3298 1738 3361 tuo
1767 3288 1899 3380 dilecto,
1927 3303 1960 3364 et
1983 3292 2059 3388 Spi-

700 3405 764 3473 ritu
791 3414 917 3478 sancto.

805 3535 988 3608 Sacerdos.
1029 3534 1104 3609 Pax
1129 3535 1291 3609 omnibus.

804 3670 965 3762 Papulas.
1004 3669 1150 3743 Etcum
1176 3669 1301 3766 Spiritu
1327 3681 1394 3742 tuo.

803 3802 985 3875 Sacerdos.
1025 3806 1148 3877 lterum
1176 3806 1302 3897 gratias
1330 3825 1468 3899 agamus
1494 3806 1570 3878 Deo
1597 3807 1814 3902 omnipotenti
1840 3816 1904 3878 etc.

803 3937 952 4032 Relipao
973 3940 1125 4033 peteuda
1151 3945 1230 4011 saut
1255 3923 1487 4034 ea'Litarpia
1505 3938 1641 4009 Basilii.

1096 4249 1218 4322 Oratio
1242 4252 1427 4343 fractionis
1453 4248 1500 4319 aa
1529 4250 1678 4322 Patrem.

798 4474 892 4546 Deus
920 4477 976 4568 qui
1006 4470 1223 4570 praeelegisti
1254 4493 1318 4545 nos
1354 4473 1398 4545 ad
1431 4473 1623 4567 dignitatem
1656 4473 1817 4564 liliorum,
1852 4496 1913 4569 per
1948 4473 2056 4545 lesum

695 4588 865 4663 Christum
898 4592 1075 4664 Dominum
1107 4600 1275 4677 uostmm,
1308 4612 1370 4686 per
1403 4588 1646 4687 beneplacitum
1678 4590 1858 4663 voluntatis
1890 4599 1984 4678 tuae,
2018 4585 2058 4659 ad

695 4706 839 4799 gloriam
866 4716 901 4778 et
924 4704 1055 4778 laudem
1081 4708 1209 4798 gotiae
1235 4716 1321 4795 tuae,
1349 4730 1446 4801 quam
1472 4706 1612 4800 largitus
1639 4729 1677 4779 es
1697 4706 1794 4779 nohis
1820 4729 1883 4803 per
1908 4705 2056 4777 dilectum

696 4834 798 4915 tuum,
825 4847 887 4922 per
914 4822 1126 4920 quemfacta
1154 4834 1206 4897 est
1231 4823 1329 4897 uobis
1356 4822 1465 4914 salus,
1499 4835 1533 4896 et
1558 4845 1620 4922 per
1648 4826 1741 4916 cujus
1767 4825 1950 4918 pretiosmn
1976 4843 2056 4894 san-

695 4944 830 5033 guinem
856 4939 932 5012 data
958 4951 1011 5014 est
1034 4937 1132 5012 uobis
1159 4943 1312 5013 remissio
1339 4949 1569 5036 peccatorum:
1595 4943 1722 5033 gratias
1743 4943 1871 5033 agiurus
1885 4939 1955 5029 tibi,
1981 4939 2055 5010 Do-

696 5062 794 5144 mine,
821 5057 913 5130 Deus
940 5056 1041 5129 Pater
1069 5059 1296 5153 omnipotens,
1332 5057 1420 5152 quod
1445 5078 1509 5130 uos
1534 5056 1656 5131 leceris
1684 5056 1814 5150 dignos,
1841 5078 1904 5132 nos
1930 5078 2055 5151 pecea-
