4525 6034
567 569 619 644 Ab
642 567 849 646 Llllllilildbl
867 565 1059 645 carricati
1077 568 1108 645 S.
1128 567 1272 645 BASlLIl.
1528 568 1601 644 tat

238 757 340 821 stianis
362 753 496 817 Arabico
519 754 650 834 scriptis.
673 754 768 835 ilujus
780 754 978 834 synonymiae
993 751 1146 830 rationes,
1168 751 1299 816 tortasse
1317 753 1494 835 ingeniosae
1508 756 1605 838 magis

236 875 320 939 mam
344 872 437 917 verae
460 854 630 935 excogitari
652 860 796 935 possunt,
825 871 903 933 quae
925 860 959 915 ut
980 853 1011 914 in
1032 852 1180 935 ejusmodi
1203 852 1407 934 conjectaneis
1429 853 1607 935 frequenter

235 954 374 1019 accidere
396 952 490 1029 solet,
519 970 581 1015 non
602 970 674 1016 raro
696 953 832 1015 veritatis
855 952 1008 1032 hostibus,
1044 970 1152 1014 causas
1182 951 1268 1015 leues
1300 952 1421 1034 quidem
1444 962 1475 1016 et
1497 953 1604 1032 nullas,

234 1055 288 1118 sed
311 1052 421 1135 quibus
443 1052 554 1115 incauti
576 1052 710 1115 lectores
732 1052 831 1130 decipi
854 1060 998 1132 possunt,
1020 1051 1170 1134 praebent
1191 1052 1229 1115 ad
1258 1051 1425 1133 aliquarum
1453 1054 1606 1137 insignio·

232 1172 297 1215 rum
320 1153 492 1215 orationum
515 1154 693 1215 sententiam
716 1151 1017 1216 circumveniendam.
1068 1149 1128 1215 Sed
1151 1152 1228 1214 ratio
1251 1170 1325 1214 vera
1347 1151 1434 1235 hujus
1457 1160 1517 1215 tam
1539 1151 1606 1215 sre-

232 1252 352 1336 quentis
375 1253 536 1334 synonymi
557 1253 774 1334 simplicissima
805 1260 870 1314 est:
914 1249 1068 1332 Coptitae,
1098 1260 1131 1314 ut
1160 1251 1231 1315 alibi
1259 1252 1442 1333 explicatum
1470 1259 1535 1331 est,
1564 1252 1606 1314 ita

230 1361 367 1417 veterem
389 1353 521 1434 linguam
543 1353 760 1434 Aegyptiacam
783 1351 931 1429 retinent,
953 1359 986 1414 ut
1008 1370 1074 1415 eam
1095 1351 1194 1414 multis
1222 1351 1378 1414 vocabulis
1398 1352 1523 1415 Graecis
1544 1351 1605 1415 mi-

231 1453 385 1530 scuerint,
408 1452 588 1533 praesertim
610 1451 858 1531 Ecclesiasticis,
888 1469 966 1532 quae
989 1468 1082 1532 saepe
1104 1468 1161 1532 per
1183 1451 1257 1513 alias
1279 1450 1423 1534 vulgares
1455 1450 1606 1533 explicata

231 1558 311 1615 sunt.
335 1552 379 1614 lta
401 1554 592 1615 retinuerunt
614 1569 708 1614 voces
731 1540 841 1633 ἅγιος,
864 1540 1034 1634 ἂμιᾶζειυ,
1065 1557 1095 1613 et
1118 1549 1225 1613 multas
1248 1549 1339 1627 alias;
1368 1550 1424 1614 sed
1453 1569 1520 1613 curn
1549 1551 1606 1613 ad-

234 1651 313 1714 ditae
337 1659 442 1714 essent
462 1651 671 1734 Aegyptiacae
694 1644 825 1731 ἐθουαβ
847 1660 878 1714 et
898 1650 1033 1729 rooudo,
1064 1668 1190 1730 quarum
1212 1657 1278 1712 erat
1299 1649 1346 1713 vis
1377 1650 1499 1730 eadem,
1523 1650 1606 1715 dra-

231 1751 287 1814 bes
308 1759 454 1832 utrasque
467 1759 637 1830 verterunt,
662 1751 831 1814 atrocibus
853 1767 915 1813 non
936 1749 1026 1829 plane
1042 1738 1253 1827 ἰσοδυνυὲμοις
1267 1758 1498 1831 expresserunt,
1523 1750 1605 1832 quod

231 1852 385 1931 interpres
407 1851 557 1914 Maronita
578 1852 630 1933 qui
653 1850 691 1912 ad
711 1851 931 1933 Aegyptiacum
954 1849 1111 1930 exemplar
1131 1866 1194 1912 non
1217 1850 1360 1937 attendit,
1381 1850 1488 1912 imitari
1511 1868 1608 1912 cona-

233 1958 280 2012 tus
304 1957 374 2028 est,
399 1949 455 2012 sed
477 1969 575 2031 neque
599 1950 743 2029 feliciter,
768 1969 868 2031 neque
890 1939 1076 2014 necessario.
1108 1949 1140 2013 Si
1162 1957 1289 2030 utraque
1312 1966 1373 2011 vox
1392 1967 1430 2013 eo
1445 1949 1514 2013 loco
1529 1951 1607 2012 verti

233 2049 342 2130 debet,
366 2050 474 2112 melius
498 2052 706 2132 exprimentur
727 2053 758 2112 in
780 2049 859 2112 bunc
884 2049 1022 2129 modum,
1051 2049 1193 2124 heredia,
1221 2050 1379 2129 roncaliae
1406 2057 1436 2112 et
1460 2069 1608 2112 cormecrc

232 2152 299 2227 illc,
321 2137 366 2212 τὰ
386 2143 582 2236 repossidere
604 2149 730 2213 scilicet.

641 2374 646 2383 ·
728 2355 851 2427 Oratio
878 2354 1113 2427 mactationis.
1658 2362 1689 2414 Ρ.
1707 2363 1733 2414 3.
1751 2362 1767 2414 t.
1786 2362 1831 2416 at.

325 2531 458 2609 lusionis
481 2551 528 2607 est
551 2550 581 2605 et
603 2544 757 2605 notissima
780 2543 811 2605 in
832 2542 1023 2625 Aegyptiaco
1050 2543 1109 2604 ritu
1135 2540 1211 2603 baec
1244 2541 1363 2623 Oratio,
1391 2543 1477 2625 cujus
1506 2543 1609 2607 tittdus
1657 2551 1726 2614 datu
1743 2555 1869 2626 rigmucm
1886 2551 1936 2606 cb·

234 2647 370 2710 inedita
392 2645 560 2708 blaronitae
584 2644 725 2707 versione
748 2652 909 2724 corruptus
932 2650 995 2705 est:
1024 2644 1115 2704 vertit
1143 2642 1223 2705 enim
1245 2641 1421 2705 Orationem
1444 2644 1609 2725 Gloriyicc-
1622 2639 1723 2695 rotano.

235 2748 325 2809 domm
352 2746 425 2825 filii,
455 2763 495 2806 ex
522 2744 631 2808 vitiosa
659 2744 744 2806 vocis
774 2741 925 2805 Arabicae
956 2742 1166 2823 punctationo:
1196 2760 1265 2805 cum
1293 2742 1470 2806 uertendum
1499 2746 1539 2808 sit
1566 2764 1607 2809 ex

235 2844 363 2927 Coptico
387 2844 494 2906 Oratio
515 2843 713 2905 absolutionis
732 2843 803 2923 titii,
825 2843 883 2905 boc
906 2849 969 2920 est,
993 2861 1071 2924 quae
1094 2841 1132 2904 ad
1155 2840 1245 2905 silium
1268 2842 1416 2925 dirigitur.
1439 2842 1508 2925 lpsa
1530 2847 1609 2908 enim

239 2946 330 3007 totius
354 2944 499 3007 orationis
522 2943 619 3005 series
641 2941 714 3004 satis
737 2942 885 3020 ostendit,
908 2942 1019 3004 nullam
1041 2944 1071 3004 in
1094 2961 1131 3004 ea
1154 2936 1346 3025 δοξολομίαν
1367 2945 1526 3024 contineri,
1554 2946 1609 3008 sed

238 3064 307 3108 esse
330 3045 497 3120 orationem
519 3059 576 3124 pro
599 3040 761 3105 obtinenda
783 3042 961 3105 remissione
984 3049 1198 3122 peccatorum:
1222 3043 1300 3105 unde
1322 3042 1528 3106 Absolutionis
1549 3063 1610 3108 no-

235 3163 304 3208 men
327 3144 487 3206 deductum
510 3149 572 3204 est:
600 3149 631 3204 et
659 3160 722 3203 vox
751 3140 876 3223 Coptica
904 3141 1124 3205 absolutionem
1154 3142 1313 3224 significat.
1365 3144 1413 3207 Ex
1440 3143 1609 3208 Collatione
1653 3186 1654 3191 κ

237 3264 303 3308 cum
326 3243 444 3306 Graeca
466 3242 567 3304 Basilii
590 3249 621 3304 et
642 3240 755 3316 Marci,
777 3242 850 3303 satis
873 3249 1000 3323 apparet
1019 3248 1179 3322 utramque
1202 3260 1243 3304 ex
1264 3242 1370 3306 eodem
1393 3243 1476 3307 tonte
1502 3244 1610 3325 prodi-

236 3347 336 3423 visse,
359 3342 493 3425 quamvis
516 3359 554 3404 eo
577 3339 646 3404 loco
667 3340 765 3402 biatus
786 3341 817 3403 in
840 3340 958 3403 Graeco
987 3342 1073 3404 istius
1104 3341 1288 3424 exemplari,
1318 3349 1433 3405 textum
1461 3345 1609 3406 intertur-

116 3458 118 3461 ·
236 3446 296 3509 bet.
343 3443 440 3506 Habet
462 3449 560 3503 autem
584 3438 655 3503 illud
679 3441 833 3524 singulare
863 3440 1020 3504 Ecclesiae
1048 3439 1193 3522 Copticae
1221 3442 1394 3522 disciplina,
1424 3444 1505 3524 quod
1532 3444 1608 3507 haec

236 3544 337 3606 oratio
360 3560 422 3605 non
443 3543 587 3604 recitatur
610 3559 626 3602 a
650 3539 815 3603 Sacerdote
837 3557 925 3603 sacra
947 3540 1096 3620 iaciente,
1124 3542 1181 3605 sed
1203 3541 1240 3604 ab
1270 3543 1347 3622 alio,
1377 3544 1442 3605 sive
1469 3545 1495 3606 is
1524 3543 1610 3607 adsi·

235 3652 321 3706 stens
344 3642 400 3719 sit,
423 3648 454 3703 ut
483 3641 590 3721 aliquis
617 3639 795 3722 plerumque
825 3640 882 3702 boc
910 3641 1075 3703 ministerio
1102 3640 1254 3724 iungitur,
1282 3661 1349 3704 cum
1379 3645 1466 3705 unica
1495 3651 1609 3705 tanturn

235 3760 295 3805 mio
320 3740 371 3803 die
393 3740 530 3823 Liturgia
552 3740 739 3804 celebretur:
763 3740 812 3801 vel
835 3739 915 3820 quod
936 3740 1123 3821 trequentius
1146 3749 1210 3821 est,
1233 3741 1270 3803 ab
1289 3742 1529 3806 Arclrimandrita
1553 3762 1609 3806 seu

235 3843 427 3925 llegumeno.
472 3839 604 3921 Cyrillus
626 3837 794 3901 Patriarcha
817 3838 894 3901 iilius
917 3838 1041 3902 Laklald
1064 3841 1094 3902 in
1110 3840 1378 3906 constitutionibus
1394 3842 1607 3924 synodalibus,

235 3943 315 4004 inter
343 3939 403 4002 alia
431 3938 599 4023 llegumeni
632 3957 758 4000 munera
787 3947 929 4001 recenset
948 3941 1005 4018 jas
1028 3942 1254 4020 pronunciandi
1281 3941 1497 4005 absolmmmmn
1518 3962 1611 4024 super

236 4042 435 4105 Sacerdotem
456 4059 550 4103 sacro
570 4039 742 4119 facientem
785 4037 964 4102 Abulbircat
995 4039 1026 4100 in
1055 4040 1192 4120 Epitomo
1221 4045 1477 4104 caeremoniarum
1505 4041 1609 4104 Litur-

235 4143 315 4225 giae.
362 4139 398 4201 Si
418 4139 501 4201 adsit
520 4137 674 4202 Sacerdos
696 4139 795 4216 alter,
817 4142 869 4221 pai
889 4140 979 4201 simui
999 4141 1165 4216 ministret,
1194 4141 1271 4221 tepet
1297 4160 1388 4222 super
1412 4141 1609 4204 Sacerdotem

236 4250 265 4303 et
285 4240 475 4314 Diacmmm,
497 4240 663 4301 orationem
684 4238 900 4301 demuma:
923 4240 953 4301 ai
972 4259 1033 4300 mon
1054 4240 1150 4315 adsit,
1169 4241 1384 4320 pronuneicbit
1405 4262 1473 4304 eum
1490 4241 1608 4303 Sacer-

235 4341 293 4403 dos
316 4338 473 4401 celebrans
491 4356 551 4417 pro
571 4357 620 4415 ee,
643 4347 674 4400 et
692 4358 784 4418 saper
804 4339 994 4402 Oiccmmm:
1015 4340 1068 4420 qai
1077 4348 1251 4420 prosmmtm
1267 4342 1342 4402 erit:
1363 4341 1515 4404 Sacerdos
1532 4362 1607 4404 vero

235 4439 350 4501 emtus
373 4439 402 4498 si
422 4436 606 4498 Patrictaba
626 4437 776 4516 odim,
797 4440 862 4518 ipse
883 4438 1106 4501 Absolutionem
1123 4440 1351 4519 pronunciabit,
1380 4460 1471 4520 super
1490 4440 1608 4502 Sacer-

236 4539 338 4600 dotem
360 4544 391 4598 et
409 4536 598 4599 Diaconum:
619 4544 708 4617 ctpae
728 4538 773 4599 ita
792 4537 888 4616 saciet
907 4537 1076 4618 Episcopus
1097 4540 1130 4601 ire
1152 4540 1224 4601 rede
1236 4520 1310 4604 'mm
1356 4538 1506 4602 Observat
1527 4539 1607 4603 idem

238 4645 345 4717 autor,
370 4634 564 4699 Sacerdotem
587 4642 618 4697 et
639 4636 822 4715 Diaconum,
843 4638 1046 4718 prostratione
1068 4657 1124 4702 seu
1150 4647 1307 4703 metanoea
1338 4640 1434 4720 laeta,
1464 4659 1498 4703 se
1526 4640 1607 4703 invi-

237 4756 305 4800 cem
327 4735 478 4813 salutare,
500 4741 606 4815 postea
628 4734 817 4798 descendere
839 4736 915 4799 inira
945 4737 1059 4819 gradus
1089 4738 1208 4820 altaris,
1238 4739 1338 4821 ibique
1367 4740 1477 4804 sedere
1508 4741 1606 4822 capite

238 4835 276 4900 ad
298 4843 413 4899 terram
433 4851 531 4914 usque
553 4832 717 4915 inclinato,
739 4835 809 4898 dum
831 4837 975 4899 recitatur
996 4835 1167 4902 Absolutio.
1212 4838 1374 4903 Continuat
1400 4840 1535 4905 eamdem
1557 4840 1607 4904 di-

239 4935 398 5017 sciplinam
429 4931 549 4995 Gabriel
577 4933 768 5014 Patriarcba,
796 4933 955 5017 additque,
982 4936 1099 4998 interea
1125 4937 1196 4999 dum
1224 4939 1345 5019 lepide,
1379 4941 1607 5005 circumstantes

238 5032 438 5112 Sacerdotes,
460 5032 615 5096 Diocmeor
636 5044 665 5097 et
685 5054 801 5098 omnm
823 5032 958 5113 Οἱυνυυι,
979 5037 1093 5100 demto
1115 5044 1146 5099 et
1165 5037 1309 5102 inclinato
1331 5040 1430 5122 capite
1451 5060 1528 5121 eme,
1550 5062 1608 5106 as-
