4525 6034
421 641 424 647 .
518 564 1275 648 uosrsunn-ouuuua
1444 685 1445 688 Ὺ
1504 573 1649 646 397γ

320 752 508 824 Diaconos.
561 751 655 826 Unus
681 752 791 826 Pater.

320 867 505 940 madeo.
558 869 692 942 Gratias
719 872 848 961 agimus
874 867 951 955 tibi,
983 882 1017 943 et
1042 871 1213 943 laudamus
1239 882 1293 962 te,
1327 874 1421 947 Deus
1448 884 1581 947 creator

215 995 349 1072 nosmr,
383 988 437 1080 qui
474 1006 608 1081 semper
638 984 681 1056 de
714 983 821 1058 salute
862 995 975 1058 nosne
1009 989 1186 1077 sollicitae,
1220 990 1255 1057 in
1289 988 1441 1062 omnibns
1472 1012 1580 1084 genus

216 1111 364 1192 acetrum
391 1100 618 1198 magnificasti,
646 1112 679 1174 et
706 1105 853 1189 ornasti3
878 1124 965 1175 nune
991 1107 1089 1176 etiam
1115 1126 1178 1177 nos
1197 1102 1317 1196 dignos
1343 1105 1446 1194 effice,
1473 1117 1509 1179 ut
1535 1131 1581 1179 ex

216 1217 418 1312 pinguedine
446 1216 563 1290 domus
599 1228 693 1306 tuae,
720 1218 900 1292 secundum
928 1222 1069 1294 animam
1097 1222 1353 1316 impinguemur:
1388 1244 1451 1318 per
1481 1221 1580 1298 ddem

217 1331 392 1408 alimoniae
416 1332 503 1406 illius
531 1332 708 1429 spiritualis
735 1333 777 1407 ab
804 1337 884 1427 igne
909 1333 1100 1427 liberemur,
1126 1347 1160 1408 et
1184 1339 1217 1406 in
1241 1335 1363 1409 lumine
1389 1347 1446 1412 tuo
1472 1361 1581 1435 prae-

184 1499 191 1508 ·
217 1446 310 1521 claro
336 1450 507 1538 laetemur,
534 1459 569 1521 et
594 1449 793 1541 erudiemus,
819 1449 1071 1547 referamuaque
1096 1451 1156 1524 tibi
1181 1450 1322 1543 laudem,
1348 1463 1411 1525 etc.

318 1565 480 1659 Populum.
531 1567 652 1638 Amen.

319 1681 505 1753 Diaconos.
558 1682 649 1753 Post.

319 1796 502 1868 Sacerdos.
555 1796 606 1867 Te
632 1796 713 1868 Jesu
742 1793 873 1878 GhrIste
898 1797 990 1870 Deus
1007 1802 1254 1892 cognoscimus,
1274 1810 1308 1870 te
1322 1799 1524 1888 confitemur,
1546 1813 1579 1873 te

216 1910 400 2000 laudamus,
425 1913 586 2010 quodper
601 1924 634 1984 te
651 1913 726 1985 Deo
741 1907 1085 2005 parietinarum,
1105 1925 1137 1988 et
1155 1913 1220 1988 fide
1232 1926 1325 1990 recta
1344 1915 1435 1990 ditati
1454 1939 1579 2006 sumus,

216 2050 405 2125 corpusque
428 2038 463 2099 et
484 2031 680 2121 sauguinem
704 2039 794 2104 tunm
814 2028 941 2104 edimus
960 2041 994 2102 et
1012 2030 1164 2106 bibimus.
1208 2031 1449 2106 Adoratiouem
1462 2054 1579 2104 veram

216 2141 275 2215 tibi
289 2143 467 2235 odernam,
483 2166 696 2240 amoremque
705 2154 794 2215 mum
806 2166 890 2237 erga
904 2145 1055 2230 bomirres
1069 2147 1295 2244 deprecamur.
1322 2147 1468 2221 benedic
1487 2150 1579 2221 dex-

215 2268 286 2330 tera
313 2269 369 2331 tua
396 2260 546 2353 panesa
573 2270 607 2331 et
633 2260 769 2333 brachio
801 2269 860 2333 tuo
893 2261 1033 2336 excelso
1059 2263 1218 2360 populum
1243 2274 1333 2336 tuum
1360 2274 1395 2336 et
1420 2263 1579 2336 baeredi-
1631 2281 1636 2288 “
1738 2243 1741 2254 ’

216 2382 317 2446 tatem
342 2384 449 2466 mam,
482 2375 612 2448 custodi
644 2376 721 2450 illos
753 2399 815 2473 per
841 2400 974 2450 crucem
1001 2389 1090 2451 tuam
1117 2382 1309 2467 victricem,
1336 2389 1370 2452 et
1395 2379 1579 2453 referemus

214 2488 273 2562 tibi
299 2491 440 2584 gloriam
467 2502 501 2563 et
524 2492 669 2583 laudem,
695 2504 729 2565 et
754 2493 830 2572 Deo
856 2498 1000 2586 genitori
1033 2506 1111 2588 tuo,
1139 2506 1172 2567 et
1199 2497 1334 2593 Spiritui
1367 2507 1484 2570 saneto
1510 2506 1578 2584 tuo,

214 2627 301 2680 nuuc
328 2617 362 2680 et
387 2630 530 2705 semper,
559 2619 591 2681 et
617 2608 812 2697 insaecula
837 2609 1056 2688 saeculorum.

316 2723 478 2817 Pcputm
530 2724 651 2800 Amen
872 2726 1060 2802 mmmm.
1112 2728 1261 2808 &nodio
1286 2730 1437 2804 Domine.

187 2863 192 2893 ι
318 2838 502 2913 Qudne.
553 2841 647 2913 Dens
674 2842 730 2935 qui
754 2862 817 2915 noa
845 2839 999 2935 dignatum
1025 2865 1064 2917 es
1090 2851 1152 2915 etc.

334 3556 408 3646 uu
449 3554 791 3648 coronentur
833 3551 1006 3648 uosrs
1051 3555 1454 3649 eun-curura

489 3879 494 3892 .
558 3774 1233 3896 ousttntiitlo.

302 4082 403 4161 Musis
436 4095 610 4176 Barcepbae
637 4095 757 4158 nomine
785 4093 920 4176 Liturgia
956 4100 1039 4155 extat
1070 4093 1100 4154 in
1131 4093 1267 4155 omnibus
1296 4110 1391 4174 prope
1420 4094 1575 4158 codicibus

212 4199 354 4281 Syrorum
376 4196 596 4276 moabitarum,
628 4197 708 4261 inter
737 4214 813 4279 quos
836 4196 1030 4259 celeberrima
1061 4204 1109 4258 est
1137 4196 1217 4258 illius
1246 4197 1405 4273 memoria,
1435 4204 1575 4279 tanquam
1673 4231 1676 4236 ·

211 4299 336 4382 insignis
360 4316 400 4360 ex
421 4296 539 4359 illorum
559 4296 697 4360 Ecclesia
719 4296 877 4378 Theologi.
913 4296 942 4358 is
964 4303 1012 4357 est
1035 4297 1120 4378 cujus
1144 4312 1221 4375 opus
1245 4294 1282 4357 de
1304 4294 1447 4358 Paradiso
1469 4296 1575 4359 Latine

211 4399 425 4478 interpretatus
448 4402 496 4458 est
516 4396 563 4458 vir
585 4395 775 4459 doctissimus
804 4394 1087 4473 undecentesimo,
1110 4414 1188 4476 quae
1210 4396 1311 4457 versio
1340 4398 1465 4475 primurn
1494 4397 1574 4476 typis

211 4496 402 4559 Plautiuianis
424 4495 515 4573 edita,
537 4497 568 4558 in
589 4494 802 4558 bibliothecam
824 4496 943 4557 Patrum
966 4495 1109 4557 annulata
1131 4502 1187 4557 est
1240 4493 1300 4557 Sed
1322 4495 1389 4576 quis
1412 4493 1501 4556 suerit
1523 4501 1575 4557 aut

212 4595 331 4678 quando
354 4595 464 4658 vixerit
485 4595 599 4672 Moses,
622 4612 722 4677 neque
744 4594 846 4658 docuit
868 4611 925 4656 uos
946 4591 1075 4673 blasius,
1105 4611 1206 4675 neque
1235 4592 1354 4655 aliunde
1382 4602 1467 4656 certo
1494 4595 1574 4656 scire

211 4696 371 4776 potuimus.
416 4694 537 4758 Vixisse
559 4694 641 4756 illum
663 4694 715 4757 diu
736 4702 805 4756 ante
827 4693 1005 4774 Dionysium
1032 4693 1178 4756 barsalibi
1200 4693 1391 4774 perspicuum
1414 4700 1477 4772 est,
1508 4711 1576 4755 cnm

211 4797 237 4857 is
260 4797 291 4858 in
314 4794 536 4858 Commentario
559 4812 614 4857 suo
637 4793 674 4856 ad
696 4801 823 4874 quatuor
844 4792 1011 4875 Evangelio
1035 4801 1067 4856 et
1088 4792 1175 4871 alibi,
1206 4791 1283 4854 iliius
1311 4792 1481 4854 testimonia
1510 4788 1577 4852 ire-

211 4901 339 4973 quenter
361 4893 490 4956 reserat:
513 4902 545 4956 ut
568 4894 656 4957 etiam
676 4893 825 4975 juniorem
848 4890 941 4955 fuisse
962 4890 1076 4953 lacobo
1099 4890 1275 4969 Edesseno,
1307 4898 1338 4953 et
1361 4889 1457 4952 altero
1481 4888 1577 4952 Seru·

210 4992 299 5070 gensi
322 5011 362 5054 ex
385 5010 423 5055 eo
446 4992 600 5073 probatur,
624 4991 704 5073 quod
727 4992 845 5055 illorum
867 4993 1032 5055 sententias
1055 4990 1168 5053 referat
1180 4990 1286 5052 eodem
1306 4991 1337 5051 in
1353 5008 1458 5071 opere.
1481 4989 1576 5052 Valde

210 5098 308 5154 autem
330 5091 529 5156 hallucinatus
552 5100 600 5156 est
620 5093 744 5173 Masius,
767 5090 836 5154 dum
865 5090 947 5153 illum
974 5108 1034 5154 non
1066 5090 1158 5172 longe
1179 5097 1249 5172 post
1268 5089 1414 5152 loannem
1437 5088 1574 5170 Chryso-

1293 5191 1372 5267 53*
