<?xml version="1.0" encoding="UTF-8"?>
<!DOCTYPE html PUBLIC "-//W3C//DTD XHTML 1.0 Transitional//EN"
    "http://www.w3.org/TR/xhtml1/DTD/xhtml1-transitional.dtd">
<html xmlns="http://www.w3.org/1999/xhtml" xml:lang="en" lang="en">
 <head>
  <title>
</title>
<meta http-equiv="Content-Type" content="text/html;charset=utf-8" />
  <meta name='ocr-system' content='tesseract 3.04.00' />
  <meta name='ocr-capabilities' content='ocr_page ocr_carea ocr_par ocr_line ocrx_word'/>
</head>
<body>
  <div class='ocr_page' id='page_1' title='image "./liturgiarumorie00unkngoog/liturgiarumorie00unkngoog_0996.png"; bbox 0 0 4525 6034; ppageno 0'>
   <div class='ocr_carea' id='block_1_1' title="bbox 696 531 1555 612">
    <p class='ocr_par' dir='ltr' id='par_1_1' title="bbox 696 531 1555 612">
     <span class='ocr_line' id='line_1_1' title="bbox 696 531 1555 612; baseline 0.001 -4"><span class='ocrx_word' id='word_1_1' title='bbox 696 531 774 609; x_wconf 78' lang='lat'>286</span> <span class='ocrx_word' id='word_1_2' title='bbox 1199 533 1555 612; x_wconf 78' lang='lat' dir='ltr'>tironotn</span> 
     </span>
    </p>
   </div>
   <div class='ocr_carea' id='block_1_2' title="bbox 696 718 2050 1281">
    <p class='ocr_par' dir='ltr' id='par_1_2' title="bbox 696 718 2050 913">
     <span class='ocr_line' id='line_1_2' title="bbox 696 718 2050 819; baseline 0.002 -26"><span class='ocrx_word' id='word_1_3' title='bbox 696 744 808 797; x_wconf 87' lang='lat' dir='ltr'>ramus</span> <span class='ocrx_word' id='word_1_4' title='bbox 834 720 892 794; x_wconf 87' lang='lat' dir='ltr'>tibi</span> <span class='ocrx_word' id='word_1_5' title='bbox 908 719 1061 813; x_wconf 83' lang='lat' dir='ltr'>gloriam,</span> <span class='ocrx_word' id='word_1_6' title='bbox 1088 731 1122 792; x_wconf 87' lang='lat' dir='ltr'>et</span> <span class='ocrx_word' id='word_1_7' title='bbox 1134 719 1264 792; x_wconf 86' lang='lat' dir='ltr'>landem</span> <span class='ocrx_word' id='word_1_8' title='bbox 1291 718 1452 816; x_wconf 89' lang='lat' dir='ltr'>simulque</span> <span class='ocrx_word' id='word_1_9' title='bbox 1476 724 1646 815; x_wconf 79' lang='lat' dir='ltr'>unigenito</span> <span class='ocrx_word' id='word_1_10' title='bbox 1672 722 1756 796; x_wconf 88' lang='lat' dir='ltr'>Filio</span> <span class='ocrx_word' id='word_1_11' title='bbox 1773 732 1841 811; x_wconf 88' lang='lat' dir='ltr'>tuo,</span> <span class='ocrx_word' id='word_1_12' title='bbox 1868 732 1903 794; x_wconf 89' lang='lat' dir='ltr'>et</span> <span class='ocrx_word' id='word_1_13' title='bbox 1921 721 2050 819; x_wconf 80' lang='lat' dir='ltr'>Spiritui</span> 
     </span>
     <span class='ocr_line' id='line_1_3' title="bbox 696 835 1177 913; baseline -0.012 0"><span class='ocrx_word' id='word_1_14' title='bbox 696 849 754 913; x_wconf 91' lang='lat' dir='ltr'>tuo</span> <span class='ocrx_word' id='word_1_15' title='bbox 781 840 989 913; x_wconf 88' lang='lat' dir='ltr'>sanctissimo</span> <span class='ocrx_word' id='word_1_16' title='bbox 1016 847 1050 910; x_wconf 88' lang='lat' dir='ltr'>st</span> <span class='ocrx_word' id='word_1_17' title='bbox 1075 835 1177 910; x_wconf 92' lang='lat' dir='ltr'>bono.</span> 
     </span>
    </p>

    <p class='ocr_par' dir='ltr' id='par_1_3' title="bbox 800 951 1421 1027">
     <span class='ocr_line' id='line_1_4' title="bbox 800 951 1421 1027; baseline -0.002 -1"><span class='ocrx_word' id='word_1_18' title='bbox 800 954 983 1026; x_wconf 77' lang='lat' dir='ltr'>Sacerdos.</span> <span class='ocrx_word' id='word_1_19' title='bbox 1036 951 1110 1025; x_wconf 82' lang='lat' dir='ltr'>Pax</span> <span class='ocrx_word' id='word_1_20' title='bbox 1137 954 1235 1027; x_wconf 88' lang='lat' dir='ltr'>vobis</span> <span class='ocrx_word' id='word_1_21' title='bbox 1262 954 1421 1027; x_wconf 88' lang='lat' dir='ltr'>omnibns.</span> 
     </span>
    </p>

    <p class='ocr_par' dir='ltr' id='par_1_4' title="bbox 800 1066 1391 1166">
     <span class='ocr_line' id='line_1_5' title="bbox 800 1066 1391 1166; baseline 0 -25"><span class='ocrx_word' id='word_1_22' title='bbox 800 1070 960 1164; x_wconf 78' lang='lat' dir='ltr'>Populos.</span> <span class='ocrx_word' id='word_1_23' title='bbox 1012 1066 1056 1140; x_wconf 77' lang='lat' dir='ltr'>m</span> <span class='ocrx_word' id='word_1_24' title='bbox 1081 1092 1156 1142; x_wconf 90' lang='lat' dir='ltr'>cum</span> <span class='ocrx_word' id='word_1_25' title='bbox 1182 1072 1298 1166; x_wconf 88' lang='lat' dir='ltr'>spiritu</span> <span class='ocrx_word' id='word_1_26' title='bbox 1324 1080 1391 1142; x_wconf 88' lang='lat' dir='ltr'>tuo.</span> 
     </span>
    </p>

    <p class='ocr_par' dir='ltr' id='par_1_5' title="bbox 800 1185 1254 1281">
     <span class='ocr_line' id='line_1_6' title="bbox 800 1185 1254 1281; baseline -0.004 -23"><span class='ocrx_word' id='word_1_27' title='bbox 800 1187 986 1260; x_wconf 80' lang='lat' dir='ltr'>Diaconos.</span> <span class='ocrx_word' id='word_1_28' title='bbox 1013 1185 1101 1258; x_wconf 89' lang='lat' dir='ltr'>Date</span> <span class='ocrx_word' id='word_1_29' title='bbox 1126 1208 1254 1281; x_wconf 90' lang='lat' dir='ltr'>pacem.</span> 
     </span>
    </p>
   </div>
   <div class='ocr_carea' id='block_1_3' title="bbox 676 1302 1695 1514">
    <p class='ocr_par' dir='ltr' id='par_1_6' title="bbox 676 1302 1695 1514">
     <span class='ocr_line' id='line_1_7' title="bbox 676 1302 1337 1416; baseline 0 -43"><span class='ocrx_word' id='word_1_30' title='bbox 676 1413 677 1416; x_wconf 8' lang='grc' dir='ltr'><strong>Ἴ</strong></span> <span class='ocrx_word' id='word_1_31' title='bbox 797 1302 957 1396; x_wconf 76' lang='lat' dir='ltr'>Populos.</span> <span class='ocrx_word' id='word_1_32' title='bbox 1010 1303 1160 1394; x_wconf 84' lang='lat' dir='ltr'>Dignare</span> <span class='ocrx_word' id='word_1_33' title='bbox 1185 1303 1337 1374; x_wconf 91' lang='lat' dir='ltr'>Domine.</span> 
     </span>
     <span class='ocr_line' id='line_1_8' title="bbox 799 1417 1695 1514; baseline -0.001 -23"><span class='ocrx_word' id='word_1_34' title='bbox 799 1421 986 1491; x_wconf 80' lang='lat' dir='ltr'>Diaconos.</span> <span class='ocrx_word' id='word_1_35' title='bbox 1039 1417 1158 1514; x_wconf 84' lang='lat' dir='ltr'>Capita</span> <span class='ocrx_word' id='word_1_36' title='bbox 1184 1440 1298 1491; x_wconf 88' lang='lat' dir='ltr'>eoram</span> <span class='ocrx_word' id='word_1_37' title='bbox 1323 1417 1467 1492; x_wconf 90' lang='lat' dir='ltr'>Domino</span> <span class='ocrx_word' id='word_1_38' title='bbox 1493 1418 1695 1492; x_wconf 83' lang='lat' dir='ltr'><strong>inclinemus.</strong></span> 
     </span>
    </p>
   </div>
   <div class='ocr_carea' id='block_1_4' title="bbox 694 1533 2051 5113">
    <p class='ocr_par' dir='ltr' id='par_1_7' title="bbox 800 1533 1377 1629">
     <span class='ocr_line' id='line_1_9' title="bbox 800 1533 1377 1629; baseline 0.002 -24"><span class='ocrx_word' id='word_1_39' title='bbox 800 1534 959 1629; x_wconf 79' lang='lat' dir='ltr'>Populos.</span> <span class='ocrx_word' id='word_1_40' title='bbox 1013 1533 1139 1607; x_wconf 85' lang='lat' dir='ltr'>Coram</span> <span class='ocrx_word' id='word_1_41' title='bbox 1166 1545 1199 1606; x_wconf 88' lang='lat' dir='ltr'>te</span> <span class='ocrx_word' id='word_1_42' title='bbox 1224 1534 1377 1607; x_wconf 88' lang='lat' dir='ltr'>Domino.</span> 
     </span>
    </p>

    <p class='ocr_par' dir='ltr' id='par_1_8' title="bbox 694 1648 2049 2443">
     <span class='ocr_line' id='line_1_10' title="bbox 799 1648 2049 1744; baseline 0.001 -22"><span class='ocrx_word' id='word_1_43' title='bbox 799 1650 982 1723; x_wconf 76' lang='lat' dir='ltr'>Sacerdos.</span> <span class='ocrx_word' id='word_1_44' title='bbox 1034 1649 1178 1722; x_wconf 89' lang='lat' dir='ltr'>Domino</span> <span class='ocrx_word' id='word_1_45' title='bbox 1195 1653 1249 1744; x_wconf 89' lang='lat' dir='ltr'>qui</span> <span class='ocrx_word' id='word_1_46' title='bbox 1268 1650 1360 1723; x_wconf 89' lang='lat' dir='ltr'>solus</span> <span class='ocrx_word' id='word_1_47' title='bbox 1386 1650 1493 1723; x_wconf 91' lang='lat' dir='ltr'>bonus</span> <span class='ocrx_word' id='word_1_48' title='bbox 1520 1672 1570 1739; x_wconf 91' lang='lat' dir='ltr'>es,</span> <span class='ocrx_word' id='word_1_49' title='bbox 1596 1659 1631 1722; x_wconf 90' lang='lat' dir='ltr'>et</span> <span class='ocrx_word' id='word_1_50' title='bbox 1644 1648 1739 1723; x_wconf 87' lang='lat' dir='ltr'>dives</span> <span class='ocrx_word' id='word_1_51' title='bbox 1759 1649 1929 1739; x_wconf 87' lang='lat' dir='ltr'>donorum,</span> <span class='ocrx_word' id='word_1_52' title='bbox 1955 1650 2049 1725; x_wconf 81' lang='lat' dir='ltr'>fons-</span> 
     </span>
     <span class='ocr_line' id='line_1_11' title="bbox 697 1751 2049 1863; baseline 0.001 -25"><span class='ocrx_word' id='word_1_53' title='bbox 697 1789 761 1862; x_wconf 81' lang='lat' dir='ltr'>que</span> <span class='ocrx_word' id='word_1_54' title='bbox 786 1765 973 1840; x_wconf 89' lang='lat' dir='ltr'>uberrimus</span> <span class='ocrx_word' id='word_1_55' title='bbox 1006 1767 1149 1838; x_wconf 89' lang='lat' dir='ltr'>omnium</span> <span class='ocrx_word' id='word_1_56' title='bbox 1175 1765 1454 1854; x_wconf 79' lang='lat' dir='ltr'>benedictionum,</span> <span class='ocrx_word' id='word_1_57' title='bbox 1494 1765 1626 1838; x_wconf 88' lang='lat' dir='ltr'>demitte</span> <span class='ocrx_word' id='word_1_58' title='bbox 1662 1765 1832 1840; x_wconf 86' lang='lat' dir='ltr'>dexteram</span> <span class='ocrx_word' id='word_1_59' title='bbox 1865 1751 1968 1839; x_wconf 77' lang='lat' dir='ltr'>nram&#39;</span> <span class='ocrx_word' id='word_1_60' title='bbox 1988 1790 2049 1863; x_wconf 91' lang='lat' dir='ltr'>po-</span> 
     </span>
     <span class='ocr_line' id='line_1_12' title="bbox 695 1882 2049 1978; baseline 0.002 -24"><span class='ocrx_word' id='word_1_61' title='bbox 695 1892 835 1972; x_wconf 84' lang='lat' dir='ltr'>tentem,</span> <span class='ocrx_word' id='word_1_62' title='bbox 875 1894 909 1955; x_wconf 90' lang='lat' dir='ltr'>et</span> <span class='ocrx_word' id='word_1_63' title='bbox 941 1882 1083 1957; x_wconf 78' lang='lat' dir='ltr'>benedic</span> <span class='ocrx_word' id='word_1_64' title='bbox 1118 1885 1215 1975; x_wconf 78' lang='lat' dir='ltr'>agnis</span> <span class='ocrx_word' id='word_1_65' title='bbox 1249 1904 1396 1978; x_wconf 85' lang='lat' dir='ltr'>pascuae</span> <span class='ocrx_word' id='word_1_66' title='bbox 1429 1891 1522 1971; x_wconf 86' lang='lat' dir='ltr'>tuae,</span> <span class='ocrx_word' id='word_1_67' title='bbox 1557 1885 1612 1977; x_wconf 89' lang='lat' dir='ltr'>qui</span> <span class='ocrx_word' id='word_1_68' title='bbox 1644 1904 1756 1954; x_wconf 88' lang='lat' dir='ltr'>coram</span> <span class='ocrx_word' id='word_1_69' title='bbox 1791 1886 1968 1976; x_wconf 87' lang='lat' dir='ltr'>majestate</span> <span class='ocrx_word' id='word_1_70' title='bbox 2002 1894 2049 1956; x_wconf 82' lang='lat' dir='ltr'>tra</span> 
     </span>
     <span class='ocr_line' id='line_1_13' title="bbox 694 1987 2049 2095; baseline 0 -24"><span class='ocrx_word' id='word_1_71' title='bbox 694 1999 906 2087; x_wconf 83' lang='lat' dir='ltr'>inclinantur,</span> <span class='ocrx_word' id='word_1_72' title='bbox 934 1997 1123 2071; x_wconf 82' lang='lat' dir='ltr'>concedens</span> <span class='ocrx_word' id='word_1_73' title='bbox 1150 1997 1213 2070; x_wconf 90' lang='lat' dir='ltr'>iilis</span> <span class='ocrx_word' id='word_1_74' title='bbox 1246 2000 1473 2072; x_wconf 83' lang='lat' dir='ltr'>remissionem</span> <span class='ocrx_word' id='word_1_75' title='bbox 1509 2019 1623 2070; x_wconf 90' lang='lat' dir='ltr'>eorum</span> <span class='ocrx_word' id='word_1_76' title='bbox 1658 2020 1743 2093; x_wconf 88' lang='lat' dir='ltr'>qnae</span> <span class='ocrx_word' id='word_1_77' title='bbox 1775 1987 1884 2095; x_wconf 88' lang='lat' dir='ltr'>iniquo</span> <span class='ocrx_word' id='word_1_78' title='bbox 1912 2023 1933 2071; x_wconf 92' lang='lat' dir='ltr'>a</span> <span class='ocrx_word' id='word_1_79' title='bbox 1959 1998 2049 2071; x_wconf 86' lang='lat' dir='ltr'>nobis</span> 
     </span>
     <span class='ocr_line' id='line_1_14' title="bbox 696 2113 2049 2211; baseline -0.001 -24"><span class='ocrx_word' id='word_1_80' title='bbox 696 2119 875 2189; x_wconf 90' lang='lat' dir='ltr'>commissa</span> <span class='ocrx_word' id='word_1_81' title='bbox 902 2124 993 2207; x_wconf 86' lang='lat' dir='ltr'>sunt,</span> <span class='ocrx_word' id='word_1_82' title='bbox 1018 2125 1054 2186; x_wconf 90' lang='lat' dir='ltr'>ut</span> <span class='ocrx_word' id='word_1_83' title='bbox 1078 2137 1153 2186; x_wconf 91' lang='lat' dir='ltr'>cnm</span> <span class='ocrx_word' id='word_1_84' title='bbox 1178 2118 1320 2210; x_wconf 88' lang='lat' dir='ltr'>puritate</span> <span class='ocrx_word' id='word_1_85' title='bbox 1348 2117 1476 2186; x_wconf 91' lang='lat' dir='ltr'>animae</span> <span class='ocrx_word' id='word_1_86' title='bbox 1502 2123 1537 2186; x_wconf 90' lang='lat' dir='ltr'>et</span> <span class='ocrx_word' id='word_1_87' title='bbox 1561 2119 1713 2211; x_wconf 88' lang='lat' dir='ltr'>corporis</span> <span class='ocrx_word' id='word_1_88' title='bbox 1729 2118 1894 2202; x_wconf 86' lang='lat' dir='ltr'>castitate,</span> <span class='ocrx_word' id='word_1_89' title='bbox 1921 2113 2049 2186; x_wconf 82' lang='lat' dir='ltr'>resera-</span> 
     </span>
     <span class='ocr_line' id='line_1_15' title="bbox 694 2229 2049 2323; baseline -0.001 -19"><span class='ocrx_word' id='word_1_90' title='bbox 694 2255 769 2305; x_wconf 92' lang='lat' dir='ltr'>mus</span> <span class='ocrx_word' id='word_1_91' title='bbox 796 2232 854 2304; x_wconf 89' lang='lat' dir='ltr'>tibi</span> <span class='ocrx_word' id='word_1_92' title='bbox 886 2232 1028 2323; x_wconf 84' lang='lat' dir='ltr'>gloriam</span> <span class='ocrx_word' id='word_1_93' title='bbox 1062 2247 1137 2303; x_wconf 91' lang='lat' dir='ltr'>cum</span> <span class='ocrx_word' id='word_1_94' title='bbox 1171 2253 1260 2303; x_wconf 88' lang='lat' dir='ltr'>voco</span> <span class='ocrx_word' id='word_1_95' title='bbox 1293 2233 1474 2323; x_wconf 82' lang='lat' dir='ltr'>gratiarum</span> <span class='ocrx_word' id='word_1_96' title='bbox 1507 2233 1667 2322; x_wconf 87' lang='lat' dir='ltr'>actionis,</span> <span class='ocrx_word' id='word_1_97' title='bbox 1702 2240 1736 2302; x_wconf 92' lang='lat' dir='ltr'>et</span> <span class='ocrx_word' id='word_1_98' title='bbox 1767 2233 1937 2323; x_wconf 84' lang='lat' dir='ltr'>unigenito</span> <span class='ocrx_word' id='word_1_99' title='bbox 1972 2229 2049 2303; x_wconf 84' lang='lat' dir='ltr'>Filio</span> 
     </span>
     <span class='ocr_line' id='line_1_16' title="bbox 696 2348 1329 2443; baseline -0.006 -21"><span class='ocrx_word' id='word_1_100' title='bbox 696 2358 771 2440; x_wconf 80' lang='lat' dir='ltr'>bro,</span> <span class='ocrx_word' id='word_1_101' title='bbox 799 2357 833 2420; x_wconf 96' lang='lat' dir='ltr'>et</span> <span class='ocrx_word' id='word_1_102' title='bbox 858 2348 992 2443; x_wconf 90' lang='lat' dir='ltr'>Spiritui</span> <span class='ocrx_word' id='word_1_103' title='bbox 1019 2355 1135 2420; x_wconf 86' lang='lat' dir='ltr'>sancto</span> <span class='ocrx_word' id='word_1_104' title='bbox 1163 2356 1239 2435; x_wconf 89' lang='lat' dir='ltr'>tuo,</span> <span class='ocrx_word' id='word_1_105' title='bbox 1266 2357 1329 2418; x_wconf 88' lang='lat' dir='ltr'>ete.</span> 
     </span>
    </p>

    <p class='ocr_par' dir='ltr' id='par_1_9' title="bbox 800 2463 1131 2559">
     <span class='ocr_line' id='line_1_17' title="bbox 800 2463 1131 2559; baseline -0.003 -25"><span class='ocrx_word' id='word_1_106' title='bbox 800 2463 960 2559; x_wconf 74' lang='lat' dir='ltr'>Populos.</span> <span class='ocrx_word' id='word_1_107' title='bbox 1014 2465 1131 2538; x_wconf 82' lang='lat' dir='ltr'>Amen.</span> 
     </span>
    </p>

    <p class='ocr_par' dir='ltr' id='par_1_10' title="bbox 696 2577 2051 4297">
     <span class='ocr_line' id='line_1_18' title="bbox 799 2577 2050 2675; baseline -0.001 -22"><span class='ocrx_word' id='word_1_108' title='bbox 799 2581 983 2653; x_wconf 79' lang='lat' dir='ltr'>Sacerdos.</span> <span class='ocrx_word' id='word_1_109' title='bbox 1035 2581 1127 2651; x_wconf 90' lang='lat' dir='ltr'>Deus</span> <span class='ocrx_word' id='word_1_110' title='bbox 1158 2578 1516 2675; x_wconf 87' lang='lat' dir='ltr'>incomprehensibilis,</span> <span class='ocrx_word' id='word_1_111' title='bbox 1558 2591 1592 2651; x_wconf 86' lang='lat' dir='ltr'>et</span> <span class='ocrx_word' id='word_1_112' title='bbox 1626 2577 1798 2652; x_wconf 77' lang='lat' dir='ltr'>ineffabibs</span> <span class='ocrx_word' id='word_1_113' title='bbox 1838 2584 1935 2673; x_wconf 89' lang='lat' dir='ltr'>cnjus</span> <span class='ocrx_word' id='word_1_114' title='bbox 1976 2600 2050 2671; x_wconf 78' lang='lat' dir='ltr'>erga</span> 
     </span>
     <span class='ocr_line' id='line_1_19' title="bbox 696 2694 2051 2792; baseline -0.001 -25"><span class='ocrx_word' id='word_1_115' title='bbox 696 2696 847 2770; x_wconf 90' lang='lat' dir='ltr'>bomines</span> <span class='ocrx_word' id='word_1_116' title='bbox 875 2719 1015 2770; x_wconf 89' lang='lat' dir='ltr'>amora</span> <span class='ocrx_word' id='word_1_117' title='bbox 1050 2698 1212 2768; x_wconf 89' lang='lat' dir='ltr'>creaturis</span> <span class='ocrx_word' id='word_1_118' title='bbox 1238 2698 1302 2769; x_wconf 94' lang='lat' dir='ltr'>tuis</span> <span class='ocrx_word' id='word_1_119' title='bbox 1329 2694 1561 2792; x_wconf 84' lang='lat' dir='ltr'>comprehendi</span> <span class='ocrx_word' id='word_1_120' title='bbox 1595 2717 1661 2767; x_wconf 90' lang='lat' dir='ltr'>non</span> <span class='ocrx_word' id='word_1_121' title='bbox 1688 2705 1816 2792; x_wconf 89' lang='lat' dir='ltr'>potest,</span> <span class='ocrx_word' id='word_1_122' title='bbox 1850 2699 1972 2791; x_wconf 87' lang='lat' dir='ltr'>quique</span> <span class='ocrx_word' id='word_1_123' title='bbox 1997 2716 2051 2792; x_wconf 87' lang='lat' dir='ltr'>per</span> 
     </span>
     <span class='ocr_line' id='line_1_20' title="bbox 696 2810 2050 2904; baseline -0.001 -20"><span class='ocrx_word' id='word_1_124' title='bbox 696 2817 928 2885; x_wconf 77' lang='lat' dir='ltr'>miserationes</span> <span class='ocrx_word' id='word_1_125' title='bbox 955 2822 1028 2885; x_wconf 89' lang='lat' dir='ltr'>tuas</span> <span class='ocrx_word' id='word_1_126' title='bbox 1061 2822 1233 2901; x_wconf 88' lang='lat' dir='ltr'>aeternas,</span> <span class='ocrx_word' id='word_1_127' title='bbox 1259 2814 1462 2904; x_wconf 82' lang='lat' dir='ltr'>unigenitum</span> <span class='ocrx_word' id='word_1_128' title='bbox 1495 2810 1613 2883; x_wconf 82' lang='lat' dir='ltr'>Filimn</span> <span class='ocrx_word' id='word_1_129' title='bbox 1645 2821 1735 2885; x_wconf 83' lang='grc' dir='ltr'>ιιιιιιιι</span> <span class='ocrx_word' id='word_1_130' title='bbox 1766 2814 1884 2883; x_wconf 89' lang='lat' dir='ltr'>misisti</span> <span class='ocrx_word' id='word_1_131' title='bbox 1917 2810 1961 2882; x_wconf 80' lang='lat' dir='ltr'>ad</span> <span class='ocrx_word' id='word_1_132' title='bbox 1994 2834 2050 2884; x_wconf 89' lang='lat' dir='ltr'>sn-</span> 
     </span>
     <span class='ocr_line' id='line_1_21' title="bbox 696 2925 2051 3022; baseline 0 -24"><span class='ocrx_word' id='word_1_133' title='bbox 696 2926 798 3000; x_wconf 89' lang='lat' dir='ltr'>lutem</span> <span class='ocrx_word' id='word_1_134' title='bbox 822 2930 983 3017; x_wconf 86' lang='lat' dir='ltr'>universi,</span> <span class='ocrx_word' id='word_1_135' title='bbox 1009 2937 1046 2999; x_wconf 94' lang='grc' dir='ltr'>ιιι</span> <span class='ocrx_word' id='word_1_136' title='bbox 1071 2949 1172 3000; x_wconf 89' lang='lat' dir='ltr'>ovem</span> <span class='ocrx_word' id='word_1_137' title='bbox 1199 2949 1286 3022; x_wconf 77' lang='lat' dir='ltr'>quae</span> <span class='ocrx_word' id='word_1_138' title='bbox 1311 2926 1478 3001; x_wconf 80' lang='lat' dir='ltr'>ceciderat</span> <span class='ocrx_word' id='word_1_139' title='bbox 1509 2937 1543 2999; x_wconf 85' lang='lat' dir='ltr'>et</span> <span class='ocrx_word' id='word_1_140' title='bbox 1568 2925 1802 3014; x_wconf 86' lang='lat' dir='ltr'>oberraverat,</span> <span class='ocrx_word' id='word_1_141' title='bbox 1835 2950 1856 2998; x_wconf 93' lang='lat' dir='ltr'>a</span> <span class='ocrx_word' id='word_1_142' title='bbox 1880 2926 2051 3000; x_wconf 85' lang='lat' dir='ltr'>familiari-</span> 
     </span>
     <span class='ocr_line' id='line_1_22' title="bbox 696 3042 2049 3140; baseline -0.001 -24"><span class='ocrx_word' id='word_1_143' title='bbox 696 3054 765 3116; x_wconf 87' lang='lat' dir='ltr'>tate</span> <span class='ocrx_word' id='word_1_144' title='bbox 790 3043 901 3132; x_wconf 88' lang='lat' dir='ltr'>beata,</span> <span class='ocrx_word' id='word_1_145' title='bbox 928 3042 1129 3133; x_wconf 82' lang='lat' dir='ltr'>reduceres3</span> <span class='ocrx_word' id='word_1_146' title='bbox 1164 3065 1207 3114; x_wconf 88' lang='lat' dir='ltr'>ne</span> <span class='ocrx_word' id='word_1_147' title='bbox 1234 3065 1317 3136; x_wconf 83' lang='lat' dir='ltr'>ergo</span> <span class='ocrx_word' id='word_1_148' title='bbox 1343 3043 1487 3117; x_wconf 88' lang='lat' dir='ltr'>Domine</span> <span class='ocrx_word' id='word_1_149' title='bbox 1520 3047 1682 3140; x_wconf 87' lang='lat' dir='ltr'>respicias</span> <span class='ocrx_word' id='word_1_150' title='bbox 1716 3042 1948 3139; x_wconf 77' lang='lat' dir='ltr'>turpitudinem</span> <span class='ocrx_word' id='word_1_151' title='bbox 1977 3064 2049 3115; x_wconf 89' lang='lat' dir='ltr'>ser-</span> 
     </span>
     <span class='ocr_line' id='line_1_23' title="bbox 696 3158 2050 3255; baseline -0.001 -23"><span class='ocrx_word' id='word_1_152' title='bbox 696 3183 816 3233; x_wconf 89' lang='lat' dir='ltr'>vorum</span> <span class='ocrx_word' id='word_1_153' title='bbox 850 3158 1063 3248; x_wconf 88' lang='lat' dir='ltr'>odiosorum,</span> <span class='ocrx_word' id='word_1_154' title='bbox 1095 3169 1129 3231; x_wconf 90' lang='lat' dir='ltr'>et</span> <span class='ocrx_word' id='word_1_155' title='bbox 1160 3158 1318 3255; x_wconf 88' lang='lat' dir='ltr'>populum</span> <span class='ocrx_word' id='word_1_156' title='bbox 1356 3170 1444 3233; x_wconf 89' lang='lat' dir='ltr'>tunm</span> <span class='ocrx_word' id='word_1_157' title='bbox 1477 3163 1586 3253; x_wconf 84' lang='lat' dir='ltr'>gratia</span> <span class='ocrx_word' id='word_1_158' title='bbox 1625 3171 1660 3232; x_wconf 86' lang='lat' dir='ltr'>et</span> <span class='ocrx_word' id='word_1_159' title='bbox 1697 3158 1960 3233; x_wconf 78' lang='lat' dir='ltr'>miserationibus</span> <span class='ocrx_word' id='word_1_160' title='bbox 1994 3160 2050 3230; x_wconf 87' lang='lat' dir='ltr'>tois</span> 
     </span>
     <span class='ocr_line' id='line_1_24' title="bbox 696 3273 2050 3375; baseline -0.001 -28"><span class='ocrx_word' id='word_1_161' title='bbox 696 3280 824 3373; x_wconf 79' lang='lat' dir='ltr'>prives,</span> <span class='ocrx_word' id='word_1_162' title='bbox 852 3285 908 3348; x_wconf 88' lang='lat' dir='ltr'>aut</span> <span class='ocrx_word' id='word_1_163' title='bbox 935 3286 1068 3352; x_wconf 71' lang='lat' dir='ltr'>aveins</span> <span class='ocrx_word' id='word_1_164' title='bbox 1094 3273 1214 3346; x_wconf 73' lang='lat' dir='ltr'>iaciens</span> <span class='ocrx_word' id='word_1_165' title='bbox 1240 3286 1329 3347; x_wconf 91' lang='lat' dir='ltr'>tuam</span> <span class='ocrx_word' id='word_1_166' title='bbox 1357 3302 1377 3350; x_wconf 90' lang='lat' dir='ltr'>a</span> <span class='ocrx_word' id='word_1_167' title='bbox 1409 3275 1506 3351; x_wconf 92' lang='lat' dir='ltr'>nobis</span> <span class='ocrx_word' id='word_1_168' title='bbox 1532 3276 1595 3347; x_wconf 90' lang='lat' dir='ltr'>hoc</span> <span class='ocrx_word' id='word_1_169' title='bbox 1620 3287 1789 3375; x_wconf 86' lang='lat' dir='ltr'>tempore,</span> <span class='ocrx_word' id='word_1_170' title='bbox 1816 3297 1882 3372; x_wconf 87' lang='lat' dir='ltr'>quo</span> <span class='ocrx_word' id='word_1_171' title='bbox 1909 3275 1969 3347; x_wconf 83' lang='lat' dir='ltr'>n&#39;bi</span> <span class='ocrx_word' id='word_1_172' title='bbox 1994 3296 2050 3346; x_wconf 85' lang='lat' dir='ltr'>so-</span> 
     </span>
     <span class='ocr_line' id='line_1_25' title="bbox 698 3389 2050 3466; baseline -0.002 -3"><span class='ocrx_word' id='word_1_173' title='bbox 698 3392 855 3464; x_wconf 88' lang='lat' dir='ltr'>crificium</span> <span class='ocrx_word' id='word_1_174' title='bbox 888 3389 1035 3463; x_wconf 87' lang='lat' dir='ltr'>terribile</span> <span class='ocrx_word' id='word_1_175' title='bbox 1069 3401 1104 3463; x_wconf 90' lang='lat' dir='ltr'>et</span> <span class='ocrx_word' id='word_1_176' title='bbox 1135 3393 1337 3464; x_wconf 91' lang='lat' dir='ltr'>incruentum</span> <span class='ocrx_word' id='word_1_177' title='bbox 1369 3390 1546 3465; x_wconf 82' lang='lat' dir='ltr'>oderimus.</span> <span class='ocrx_word' id='word_1_178' title='bbox 1597 3393 1675 3466; x_wconf 93' lang='lat' dir='ltr'>Non</span> <span class='ocrx_word' id='word_1_179' title='bbox 1717 3395 1804 3464; x_wconf 87' lang='lat' dir='ltr'>enirn</span> <span class='ocrx_word' id='word_1_180' title='bbox 1838 3390 2050 3464; x_wconf 79' lang='lat' dir='ltr'>abundandae</span> 
     </span>
     <span class='ocr_line' id='line_1_26' title="bbox 697 3506 2051 3604; baseline -0.001 -25"><span class='ocrx_word' id='word_1_181' title='bbox 697 3506 860 3582; x_wconf 89' lang='lat' dir='ltr'>bonorum</span> <span class='ocrx_word' id='word_1_182' title='bbox 887 3529 1024 3603; x_wconf 91' lang='lat' dir='ltr'>operum</span> <span class='ocrx_word' id='word_1_183' title='bbox 1052 3506 1267 3596; x_wconf 79' lang='lat' dir='ltr'>confidentes,</span> <span class='ocrx_word' id='word_1_184' title='bbox 1294 3509 1451 3582; x_wconf 89' lang='lat' dir='ltr'>audemus</span> <span class='ocrx_word' id='word_1_185' title='bbox 1477 3519 1621 3582; x_wconf 85' lang='lat' dir='ltr'>tractare</span> <span class='ocrx_word' id='word_1_186' title='bbox 1650 3511 1809 3604; x_wconf 79' lang='lat' dir='ltr'>mysteria</span> <span class='ocrx_word' id='word_1_187' title='bbox 1840 3519 1895 3581; x_wconf 88' lang='lat' dir='ltr'>tna</span> <span class='ocrx_word' id='word_1_188' title='bbox 1931 3516 2051 3592; x_wconf 85' lang='lat' dir='ltr'>sancta,</span> 
     </span>
     <span class='ocr_line' id='line_1_27' title="bbox 699 3622 2049 3722; baseline -0.003 -26"><span class='ocrx_word' id='word_1_189' title='bbox 699 3624 761 3696; x_wconf 89' lang='lat' dir='ltr'>sod</span> <span class='ocrx_word' id='word_1_190' title='bbox 786 3622 988 3696; x_wconf 88' lang='lat' dir='ltr'>multitudine</span> <span class='ocrx_word' id='word_1_191' title='bbox 1014 3622 1261 3696; x_wconf 88' lang='lat' dir='ltr'>misericordiae</span> <span class='ocrx_word' id='word_1_192' title='bbox 1287 3634 1364 3696; x_wconf 90' lang='lat' dir='ltr'>tuae</span> <span class='ocrx_word' id='word_1_193' title='bbox 1388 3624 1477 3713; x_wconf 86' lang='lat' dir='ltr'>freti,</span> <span class='ocrx_word' id='word_1_194' title='bbox 1504 3624 1731 3720; x_wconf 84' lang='lat' dir='ltr'>deprecamur,</span> <span class='ocrx_word' id='word_1_195' title='bbox 1758 3635 1792 3696; x_wconf 87' lang='lat' dir='ltr'>et</span> <span class='ocrx_word' id='word_1_196' title='bbox 1810 3628 1951 3722; x_wconf 86' lang='lat' dir='ltr'>petimus</span> <span class='ocrx_word' id='word_1_197' title='bbox 1976 3646 1996 3694; x_wconf 91' lang='lat' dir='ltr'>a</span> <span class='ocrx_word' id='word_1_198' title='bbox 2021 3632 2049 3692; x_wconf 86' lang='lat' dir='ltr'>te</span> 
     </span>
     <span class='ocr_line' id='line_1_28' title="bbox 697 3736 2048 3833; baseline -0.001 -21"><span class='ocrx_word' id='word_1_199' title='bbox 697 3740 850 3826; x_wconf 87' lang='lat' dir='ltr'>Domine,</span> <span class='ocrx_word' id='word_1_200' title='bbox 877 3748 1007 3811; x_wconf 90' lang='lat' dir='ltr'>utnon</span> <span class='ocrx_word' id='word_1_201' title='bbox 1034 3737 1076 3810; x_wconf 88' lang='lat' dir='ltr'>ad</span> <span class='ocrx_word' id='word_1_202' title='bbox 1102 3738 1409 3813; x_wconf 87' lang='lat' dir='ltr'>condemnationem</span> <span class='ocrx_word' id='word_1_203' title='bbox 1436 3749 1470 3811; x_wconf 93' lang='lat' dir='ltr'>et</span> <span class='ocrx_word' id='word_1_204' title='bbox 1499 3740 1726 3814; x_wconf 86' lang='lat' dir='ltr'>eonbrsionem</span> <span class='ocrx_word' id='word_1_205' title='bbox 1757 3741 1815 3813; x_wconf 85' lang='lat' dir='ltr'>bat</span> <span class='ocrx_word' id='word_1_206' title='bbox 1845 3736 1942 3812; x_wconf 90' lang='lat' dir='ltr'>nobis</span> <span class='ocrx_word' id='word_1_207' title='bbox 1973 3761 2048 3833; x_wconf 75' lang='lat' dir='ltr'>my·</span> 
     </span>
     <span class='ocr_line' id='line_1_29' title="bbox 698 3852 2049 3953; baseline -0.006 -22"><span class='ocrx_word' id='word_1_208' title='bbox 698 3860 834 3931; x_wconf 79' lang='lat' dir='ltr'>sterium</span> <span class='ocrx_word' id='word_1_209' title='bbox 865 3854 930 3927; x_wconf 93' lang='lat' dir='ltr'>hoc</span> <span class='ocrx_word' id='word_1_210' title='bbox 968 3852 1104 3943; x_wconf 85' lang='lat' dir='ltr'>salutis,</span> <span class='ocrx_word' id='word_1_211' title='bbox 1137 3854 1197 3928; x_wconf 85' lang='lat' dir='ltr'>sed</span> <span class='ocrx_word' id='word_1_212' title='bbox 1236 3856 1278 3928; x_wconf 89' lang='lat' dir='ltr'>ad</span> <span class='ocrx_word' id='word_1_213' title='bbox 1317 3859 1549 3931; x_wconf 89' lang='lat' dir='ltr'>remissionem</span> <span class='ocrx_word' id='word_1_214' title='bbox 1580 3867 1811 3953; x_wconf 87' lang='lat' dir='ltr'>peccatorum,</span> <span class='ocrx_word' id='word_1_215' title='bbox 1852 3866 1887 3927; x_wconf 91' lang='lat' dir='ltr'>et</span> <span class='ocrx_word' id='word_1_216' title='bbox 1924 3854 2049 3925; x_wconf 85' lang='lat' dir='ltr'>veniam</span> 
     </span>
     <span class='ocr_line' id='line_1_30' title="bbox 698 3973 2048 4070; baseline -0.005 -23"><span class='ocrx_word' id='word_1_217' title='bbox 698 3976 843 4047; x_wconf 90' lang='lat' dir='ltr'>omnium</span> <span class='ocrx_word' id='word_1_218' title='bbox 868 3973 1071 4065; x_wconf 88' lang='lat' dir='ltr'>iniquitatum</span> <span class='ocrx_word' id='word_1_219' title='bbox 1098 3981 1304 4045; x_wconf 87' lang='lat' dir='ltr'>nostrarum:</span> <span class='ocrx_word' id='word_1_220' title='bbox 1330 3995 1393 4070; x_wconf 93' lang='lat' dir='ltr'>per</span> <span class='ocrx_word' id='word_1_221' title='bbox 1418 3977 1559 4067; x_wconf 82' lang='lat' dir='ltr'>gratiam</span> <span class='ocrx_word' id='word_1_222' title='bbox 1583 3977 1816 4064; x_wconf 86' lang='lat' dir='ltr'>miserationis,</span> <span class='ocrx_word' id='word_1_223' title='bbox 1849 3982 1884 4044; x_wconf 89' lang='lat' dir='ltr'>et</span> <span class='ocrx_word' id='word_1_224' title='bbox 1908 3989 2048 4042; x_wconf 84' lang='lat' dir='ltr'>amorem</span> 
     </span>
     <span class='ocr_line' id='line_1_31' title="bbox 699 4087 2048 4186; baseline -0.005 -24"><span class='ocrx_word' id='word_1_225' title='bbox 699 4095 781 4182; x_wconf 82' lang='lat' dir='ltr'>erga</span> <span class='ocrx_word' id='word_1_226' title='bbox 807 4087 969 4175; x_wconf 89' lang='lat' dir='ltr'>homines,</span> <span class='ocrx_word' id='word_1_227' title='bbox 995 4088 1156 4178; x_wconf 83' lang='lat' dir='ltr'>unigeniti</span> <span class='ocrx_word' id='word_1_228' title='bbox 1183 4087 1258 4159; x_wconf 86' lang='lat' dir='ltr'>Filii</span> <span class='ocrx_word' id='word_1_229' title='bbox 1283 4092 1346 4182; x_wconf 90' lang='lat' dir='ltr'>tui,</span> <span class='ocrx_word' id='word_1_230' title='bbox 1381 4112 1455 4163; x_wconf 89' lang='lat' dir='ltr'>cum</span> <span class='ocrx_word' id='word_1_231' title='bbox 1487 4113 1552 4186; x_wconf 88' lang='lat' dir='ltr'>quo</span> <span class='ocrx_word' id='word_1_232' title='bbox 1586 4089 1730 4164; x_wconf 89' lang='lat' dir='ltr'>laudaris</span> <span class='ocrx_word' id='word_1_233' title='bbox 1762 4094 1794 4164; x_wconf 95' lang='lat' dir='ltr'>in</span> <span class='ocrx_word' id='word_1_234' title='bbox 1826 4087 1923 4163; x_wconf 89' lang='lat' dir='ltr'>coeio</span> <span class='ocrx_word' id='word_1_235' title='bbox 1956 4087 2048 4159; x_wconf 90' lang='lat' dir='ltr'>etin</span> 
     </span>
     <span class='ocr_line' id='line_1_32' title="bbox 696 4202 1383 4297; baseline 0 -19"><span class='ocrx_word' id='word_1_236' title='bbox 696 4217 800 4295; x_wconf 87' lang='lat' dir='ltr'>terra,</span> <span class='ocrx_word' id='word_1_237' title='bbox 827 4227 902 4276; x_wconf 91' lang='lat' dir='ltr'>cum</span> <span class='ocrx_word' id='word_1_238' title='bbox 928 4202 1052 4297; x_wconf 85' lang='lat' dir='ltr'>Spiritu</span> <span class='ocrx_word' id='word_1_239' title='bbox 1080 4211 1136 4275; x_wconf 90' lang='lat' dir='ltr'>tuo</span> <span class='ocrx_word' id='word_1_240' title='bbox 1164 4207 1383 4278; x_wconf 87' lang='lat' dir='ltr'>sanctissimo.</span> 
     </span>
    </p>

    <p class='ocr_par' dir='ltr' id='par_1_11' title="bbox 800 4316 1341 4394">
     <span class='ocr_line' id='line_1_33' title="bbox 800 4316 1341 4394; baseline 0.006 -3"><span class='ocrx_word' id='word_1_241' title='bbox 800 4320 987 4391; x_wconf 70' lang='lat' dir='ltr'>Dionem</span> <span class='ocrx_word' id='word_1_242' title='bbox 1015 4316 1149 4391; x_wconf 85' lang='lat' dir='ltr'>Stemus</span> <span class='ocrx_word' id='word_1_243' title='bbox 1176 4319 1341 4394; x_wconf 85' lang='lat' dir='ltr'>decenter.</span> 
     </span>
    </p>

    <p class='ocr_par' dir='ltr' id='par_1_12' title="bbox 800 4431 1274 4528">
     <span class='ocr_line' id='line_1_34' title="bbox 800 4431 1274 4528; baseline 0.002 -20"><span class='ocrx_word' id='word_1_244' title='bbox 800 4434 961 4528; x_wconf 79' lang='lat' dir='ltr'>Populos.</span> <span class='ocrx_word' id='word_1_245' title='bbox 1014 4431 1274 4509; x_wconf 87' lang='lat' dir='ltr'>Misericordiae.</span> 
     </span>
    </p>

    <p class='ocr_par' dir='ltr' id='par_1_13' title="bbox 799 4547 1224 4626">
     <span class='ocr_line' id='line_1_35' title="bbox 799 4547 1224 4626; baseline 0.007 -3"><span class='ocrx_word' id='word_1_246' title='bbox 799 4550 983 4623; x_wconf 79' lang='lat' dir='ltr'>Sacerdos.</span> <span class='ocrx_word' id='word_1_247' title='bbox 1036 4547 1176 4626; x_wconf 83' lang='lat' dir='ltr'>Caritas.</span> <span class='ocrx_word' id='word_1_248' title='bbox 1215 4555 1224 4566; x_wconf 84' lang='lat'>&#39;</span> 
     </span>
    </p>

    <p class='ocr_par' dir='ltr' id='par_1_14' title="bbox 799 4662 1390 4766">
     <span class='ocr_line' id='line_1_36' title="bbox 799 4662 1390 4766; baseline 0.007 -27"><span class='ocrx_word' id='word_1_249' title='bbox 799 4667 961 4762; x_wconf 79' lang='lat' dir='ltr'>Populus.</span> <span class='ocrx_word' id='word_1_250' title='bbox 1012 4662 1156 4739; x_wconf 87' lang='lat' dir='ltr'>Etcum</span> <span class='ocrx_word' id='word_1_251' title='bbox 1182 4673 1297 4766; x_wconf 90' lang='lat' dir='ltr'>spiritu</span> <span class='ocrx_word' id='word_1_252' title='bbox 1322 4679 1390 4743; x_wconf 87' lang='lat' dir='ltr'>tuo.</span> 
     </span>
    </p>

    <p class='ocr_par' dir='ltr' id='par_1_15' title="bbox 800 4778 1348 4861">
     <span class='ocr_line' id='line_1_37' title="bbox 800 4778 1348 4861; baseline -0.011 -4"><span class='ocrx_word' id='word_1_253' title='bbox 800 4783 983 4857; x_wconf 78' lang='lat' dir='ltr'>Sacerdos.</span> <span class='ocrx_word' id='word_1_254' title='bbox 1036 4778 1177 4857; x_wconf 88' lang='lat' dir='ltr'>Sursum</span> <span class='ocrx_word' id='word_1_255' title='bbox 1202 4786 1348 4861; x_wconf 85' lang='lat' dir='ltr'>corda..</span> 
     </span>
    </p>

    <p class='ocr_par' dir='ltr' id='par_1_16' title="bbox 801 4895 1466 4995">
     <span class='ocr_line' id='line_1_38' title="bbox 801 4895 1466 4995; baseline 0 -22"><span class='ocrx_word' id='word_1_256' title='bbox 801 4900 961 4995; x_wconf 80' lang='lat' dir='ltr'>Popotas.</span> <span class='ocrx_word' id='word_1_257' title='bbox 1015 4895 1186 4975; x_wconf 87' lang='lat' dir='ltr'>Habemus</span> <span class='ocrx_word' id='word_1_258' title='bbox 1213 4902 1255 4974; x_wconf 91' lang='lat' dir='ltr'>ad</span> <span class='ocrx_word' id='word_1_259' title='bbox 1280 4904 1466 4976; x_wconf 88' lang='lat' dir='ltr'>Dominum.</span> 
     </span>
    </p>

    <p class='ocr_par' dir='ltr' id='par_1_17' title="bbox 746 5008 1490 5113">
     <span class='ocr_line' id='line_1_39' title="bbox 746 5008 1490 5113; baseline -0.003 -21"><span class='ocrx_word' id='word_1_260' title='bbox 746 5089 748 5092; x_wconf 83' lang='lat'>.</span> <span class='ocrx_word' id='word_1_261' title='bbox 801 5017 984 5090; x_wconf 75' lang='lat' dir='ltr'>Sacerdos.</span> <span class='ocrx_word' id='word_1_262' title='bbox 1013 5008 1145 5091; x_wconf 81' lang='lat' dir='ltr'>Gratias</span> <span class='ocrx_word' id='word_1_263' title='bbox 1172 5041 1311 5113; x_wconf 83' lang='lat' dir='ltr'>agamus</span> <span class='ocrx_word' id='word_1_264' title='bbox 1336 5020 1490 5093; x_wconf 88' lang='lat' dir='ltr'>Domino.</span> 
     </span>
    </p>
   </div>
   <div class='ocr_carea' id='block_1_5' title="bbox 0 0 2270 6034">
    <p class='ocr_par' dir='ltr' id='par_1_18' title="bbox 0 0 2270 6034">
     <span class='ocr_line' id='line_1_40' title="bbox 0 0 2270 6034; baseline 0 0"><span class='ocrx_word' id='word_1_265' title='bbox 0 0 2270 6034; x_wconf 95' lang='lat' dir='ltr'> </span> 
     </span>
    </p>
   </div>
  </div>
 </body>
</html>
