4525 6034
648 577 725 651 226
1124 577 1556 657 COMMENTARIUS

648 763 736 825 aliam
758 781 829 826 esse
852 781 939 845 quam
963 781 1041 844 qnae
1063 762 1157 845 vulgo
1179 762 1238 826 illis
1261 762 1410 827 tribuitur.
1432 764 1476 827 Ea
1500 772 1548 827 ost
1569 765 1832 828 consecrationem
1855 764 1938 842 lieri,
1960 782 2024 828 uon

649 881 708 944 per
742 862 838 925 verba
873 861 1103 925 sacramentalia
1134 861 1244 924 Christi
1279 861 1414 940 Domini,
1450 862 1506 925 sed
1543 881 1601 944 per
1634 864 1858 927 invocationem
1893 864 2024 944 Spiritus

649 962 756 1024 sancti.
801 959 883 1023 Ibam
906 979 982 1024 vero
1006 960 1180 1041 opinionem
1209 960 1321 1023 frustra
1350 962 1381 1021 in
1411 961 1527 1025 erroris
1554 964 1779 1043 suspicionuem
1806 963 1913 1026 vocari
1944 980 2024 1025 eon-

649 1060 755 1140 tendit,
780 1060 850 1139 quia
872 1061 945 1123 solis
973 1060 1076 1123 verbis
1099 1059 1262 1122 Dominicis
1290 1058 1513 1122 Eucharistiam
1535 1063 1709 1125 consecrari
1735 1060 1796 1124 lide
1824 1068 1939 1125 certum
1961 1077 2024 1122 non

650 1168 708 1240 est,
732 1175 832 1240 neque
855 1158 892 1220 ab
915 1157 1055 1221 Ecclesia
1078 1158 1325 1236 determinatum,
1356 1175 1422 1219 cum
1447 1158 1596 1243 'l'beologi
1619 1179 1680 1224 non
1703 1162 1794 1242 pauci
1817 1178 1884 1223 eam
1906 1159 2025 1222 doetri-

359 1292 500 1363 ywd„
509 1274 719 1347 „mi-nam
741 1259 861 1338 impune
883 1274 1097 1339 propugnasse
1119 1259 1321 1338 reperiantur,
1344 1257 1424 1339 qnod
1447 1260 1607 1323 autoritate
1630 1259 1784 1324 Ambrosii
1806 1257 1969 1336 Catharini,
1992 1264 2025 1320 et

321 1379 379 1432 ton.
651 1356 862 1437 christophori
884 1355 923 1418 de
946 1354 1054 1436 Capite
1075 1356 1214 1418 Fontium
1236 1358 1423 1436 potissimum
1444 1358 1562 1438 prebat.
1587 1359 1661 1422 Cum
1683 1376 1759 1422 varo
1783 1375 1800 1418 a
1821 1358 1932 1420 Fausto
1947 1357 2024 1419 Nai-

648 1472 726 1517 rono
749 1454 897 1518 Maronita
921 1462 1067 1536 excerpta
1091 1454 1286 1536 quarumdam
1308 1454 1511 1538 liturgiarum
1533 1457 1627 1521 Roma
1648 1459 1836 1538 accepisset,
1863 1456 2023 1538 inquibus

649 1553 742 1615 verba
766 1551 878 1616 Christi
902 1553 1040 1632 deerant,
1063 1573 1127 1616 rem
1151 1553 1320 1616 confectam
1338 1554 1495 1637 judicavit,
1519 1564 1551 1619 et
1577 1556 1679 1619 multis
1706 1557 1782 1619 locis
1804 1563 1942 1619 testatam
1962 1572 2024 1616 vo-

646 1651 711 1713 luit.
734 1651 796 1716 lmo
820 1671 887 1715 eum
910 1653 1094 1715 Testimouia
1117 1652 1313 1715 Orientalium
1336 1653 1553 1731 Ecclesiarum,
1576 1655 1614 1718 de
1637 1674 1692 1718 sua
1715 1656 1797 1718 eirea
1819 1654 1934 1717 realem
1954 1654 2025 1716 ele-

647 1758 815 1814 mentorum
837 1753 1118 1814 transmutationem
1140 1751 1210 1829 lide,
1233 1769 1347 1814 vocare
1369 1754 1400 1814 in
1422 1754 1624 1834 suspicionem
1646 1772 1706 1816 nun
1729 1753 1914 1833 dubitasset,
1943 1752 2024 1833 quod

646 1856 714 1918 viro
737 1853 893 1918 Catholico
922 1871 982 1915 nun
1006 1852 1223 1931 conveniebat,
1252 1850 1304 1913 illo
1334 1855 1499 1935 praecipue
1526 1861 1705 1937 argumento
1735 1852 1896 1917 nonnullas
1924 1853 2024 1930 impu-

646 1956 761 2038 gnavit,
784 1952 865 2034 quod
888 1951 991 2015 verbis
1013 1952 1178 2014 Dominicis
1201 1952 1461 2015 consecrationem
1482 1952 1566 2031 lieri,
1590 1961 1713 2016 autores
1736 1952 1882 2016 Actorum
1905 1950 2023 2013 illorum

646 2059 859 2135 agnoscerent.
882 2050 915 2113 ln
938 2051 989 2113 illa
1012 2058 1111 2114 autem
1134 2048 1271 2113 doctrina
1294 2057 1406 2112 certam
1430 2059 1535 2115 exure
1558 2053 1702 2115 censebat
1724 2051 1933 2135 suggestionis
1962 2065 2023 2110 no-

645 2159 715 2231 tam,
739 2150 821 2233 quod
844 2149 1015 2213 Orientales
1039 2168 1105 2211 eam
1126 2147 1323 2211 luvocatione
1353 2150 1448 2212 saneti
1480 2150 1610 2232 Spiritus
1641 2151 1725 2229 lieri,
1754 2168 1817 2222 non
1838 2150 1898 2213 illis
1920 2147 2022 2211 verbis

646 2250 819 2314 crederent.
864 2249 940 2313 Cum
961 2266 1037 2312 vero
1060 2248 1111 2310 illa
1135 2247 1173 2310 de
1196 2246 1299 2311 verbis
1321 2250 1555 2313 consecratoriis
1578 2251 1717 2331 quaestio
1746 2249 1841 2313 ardua
1869 2255 1900 2310 et
1922 2247 2022 2310 multis

647 2349 868 2412 dtuculutihus
890 2347 1056 2429 implicata,
1086 2353 1229 2427 quantum
1251 2346 1289 2408 ad
1318 2347 1451 2418 Graecos
1474 2353 1625 2431 pertinet,
1653 2351 1759 2431 paucis
1786 2348 1934 2430 explicari
1961 2363 2024 2407 non

646 2452 754 2530 possit,
778 2448 816 2511 de
839 2467 875 2510 ea
898 2454 1008 2529 agetur
1029 2448 1060 2508 in
1082 2446 1231 2529 singulari
1253 2445 1483 2511 Dissertatiune.
1506 2448 1562 2511 llic
1583 2466 1658 2512 vero
1682 2466 1760 2529 quae
1775 2447 1813 2511 ad
1828 2444 2022 2510 Orientalium

647 2547 812 2609 doctrinam
835 2544 873 2608 de
895 2545 1089 2610 luvocatione
1111 2545 1207 2608 sancti
1232 2545 1361 2624 Spiritus
1384 2547 1592 2628 explicandam
1622 2548 1796 2611 neccssaria
1826 2552 1915 2623 sunt,
1947 2544 2021 2606 bre-

645 2646 726 2707 viler
746 2642 923 2708 referemus.

341 2727 559 2828 'descendum
573 2736 634 2802 opi·
735 2743 922 2814 Graecorum
949 2743 1069 2824 quidem
1098 2741 1168 2820 iila,
1199 2749 1232 2804 ut
1259 2749 1386 2822 vocant,
1414 2743 1550 2807 haeresis
1578 2762 1647 2807 cnm
1675 2743 1869 2807 luvocatione
1892 2741 2022 2823 Spiritus

321 2814 569 2915 ”¹⁰f'd⁰'¹²¹¹‘“¹⁶'
582 2838 634 2875 '¹⁰¹¹
647 2844 744 2908 saneti
764 2843 918 2925 liturgica
940 2842 1110 2905 affinitatem
1139 2840 1250 2903 nubam
1278 2840 1383 2904 babet:
1413 2842 1655 2923 quandoquidem
1684 2843 1828 2906 orationis
1855 2841 1937 2904 illins
1964 2859 2022 2903 an-

320 2910 440 2970 ⁹⁹¹⁸¹⁰⁰‘'
646 2944 831 3025 liquissimus
860 2959 934 3005 usus
963 2949 1025 3020 est,
1055 2941 1093 3003 ab
1122 2940 1308 3021 Apostolicis
1341 2959 1438 3024 usque
1465 2941 1573 3004 ductus
1602 2941 1804 3024 temporibus,
1834 2959 1935 3021 neque
1964 2958 2022 3020 per

646 3062 742 3107 annos
772 3042 853 3104 mille
875 3040 1023 3103 ducentos
1052 3047 1082 3103 et
1111 3039 1249 3121 amplius,
1279 3040 1437 3121 quisquam
1464 3042 1496 3103 in
1529 3060 1566 3104 ea
1595 3058 1732 3103 errorem
1769 3039 2021 3122 deprehenderat

645 3141 735 3205 Primi
758 3141 840 3204 litem
863 3159 988 3203 movere
1010 3147 1180 3220 coeperunt
1201 3140 1231 3200 in
1255 3139 1392 3219 Graecia,
1414 3140 1513 3203 Latini
1536 3139 1655 3221 quidam
1679 3139 1840 3223 Theologi,
1864 3157 1942 3219 quos
1964 3139 2022 3201 Ni·

645 3240 750 3304 eolaus
774 3239 928 3303 Cabasilas
951 3238 1087 3302 modeste
1110 3236 1263 3317 refutavit,
1285 3238 1450 3321 Liturgiam
1472 3239 1630 3303 Ecclesiae
1652 3258 1726 3303 suaa
1748 3240 1786 3302 ab
1816 3239 1936 3301 illorum
1958 3239 2022 3301 eri-

645 3339 857 3403 minationibus
871 3338 1039 3417 vindicans,
1063 3346 1094 3401 et
1116 3357 1185 3401 eum
1205 3338 1313 3401 Latino
1331 3338 1456 3402 Canonc
1478 3337 1642 3402 conciliare
1663 3346 1818 3421 satagens,
1840 3355 1941 3418 neque
1958 3337 2022 3400 La-

645 3440 725 3502 tinos
749 3456 905 3501 accusans.
931 3437 1003 3500 lnde
1026 3456 1125 3518 usque
1147 3437 1185 3500 ad
1208 3435 1362 3518 Synodum
1384 3438 1587 3501 Florentinum
1609 3437 1648 3500 de
1669 3438 1722 3501 illo
1744 3445 1921 3521 argumento
1944 3454 2023 3499 con·

645 3539 797 3602 troversia
819 3537 901 3599 nulla
930 3536 999 3612 iuit;
1023 3554 1152 3618 cumque
1178 3536 1337 3600 Ferrariaa
1367 3545 1398 3599 et
1419 3536 1591 3600 Florentiae
1613 3555 1669 3617 per
1698 3554 1794 3600 anuos
1824 3553 1921 3617 prope
1943 3535 2021 3598 duos

645 3644 744 3699 aetum
767 3643 851 3699 esset
873 3636 903 3697 in
927 3634 1225 3719 Congregationibus
1249 3635 1287 3699 de
1310 3637 1512 3699 Processionc
1536 3636 1665 3718 Spiritus
1688 3636 1802 3715 saneti,
1830 3634 1869 3699 de
1891 3635 2021 3716 haymo,

645 3735 684 3797 de
705 3734 837 3797 Primatu
858 3736 967 3816 Papae,
991 3734 1029 3797 de
1051 3735 1243 3816 Purgatorio,
1273 3743 1304 3798 et
1326 3735 1391 3798 aliis
1419 3734 1576 3798 doetrinae
1606 3735 1771 3816 capitibus,
1801 3752 1880 3814 quae
1909 3734 2022 3797 Eccle-

645 3835 757 3897 siarum
779 3833 919 3897 divisioni
942 3853 1063 3897 causam
1085 3834 1243 3913 dederant,
1266 3835 1378 3916 etjam
1399 3834 1563 3897 Decretum
1591 3835 1711 3898 unionis
1740 3834 1897 3914 utriusque
1926 3832 2021 3914 partis

645 3950 798 3995 consensu
820 3935 965 4014 scriptum
985 3933 1103 4010 luisset,
1127 3934 1230 4015 coepit
1243 3931 1376 3996 loannes
1400 3934 1439 3996 de
1455 3934 1685 3996 turrecremata
1707 3931 1841 3996 Graecos
1864 3947 2021 4009 accusare,

646 4031 728 4114 quud
751 4032 853 4095 verbis
877 4031 989 4095 Christi
1010 4031 1234 4096 lanceationem
1257 4034 1495 4115 conjungerent,
1526 4051 1604 4113 quae
1631 4032 1752 4096 illorum
1780 4031 1940 4094 efficaciam
1961 4029 2022 4092 de-

643 4140 764 4195 struere
786 4132 957 4194 videbatur.
1001 4131 1199 4214 Negaveruut
1221 4132 1341 4211 Graeci,
1364 4133 1425 4195 ulla
1447 4151 1493 4212 se,
1518 4151 1597 4213 quae
1624 4131 1789 4194 verborum
1821 4129 1933 4194 Christi
1959 4129 2021 4190 mm

644 4239 676 4294 et
698 4231 874 4314 dignitatem
896 4232 1096 4312 imminueret,
1119 4232 1263 4312 opinione
1286 4233 1396 4308 teneri;
1420 4231 1644 4296 invocationem
1666 4230 1762 4293 sancti
1785 4228 1916 4310 Spiritus
1938 4227 2020 4290 anti-

645 4330 744 4410 quitus
768 4350 785 4393 a
808 4333 920 4393 sanctis
943 4331 1081 4393 Patribus
1104 4329 1253 4409 traditam,
1282 4330 1469 4394 solummodo
1500 4349 1626 4394 servare
1648 4348 1701 4407 se,
1732 4328 1770 4391 de
1799 4346 1858 4408 qua
1886 4328 2020 4407 suspicio

644 4428 725 4491 nulla
749 4448 819 4493 esse
841 4439 957 4511 posset,
982 4432 1053 4512 quin
1081 4439 1246 4493 vocaretur
1271 4431 1359 4493 simul
1386 4432 1418 4492 in
1446 4429 1566 4493 dubium
1593 4429 1712 4491 illorum
1741 4426 1817 4490 fides
1846 4434 1877 4489 et
1898 4425 2022 4508 religio,

645 4546 723 4609 quos
753 4528 909 4607 Ecclesia,
938 4538 971 4592 ut
1001 4532 1163 4611 magistros
1194 4547 1316 4611 semper
1344 4530 1491 4594 coluerat.
1535 4529 1656 4591 Interea
1678 4525 1842 4590 Bessarion
1865 4544 1932 4588 eum
1952 4526 2021 4589 aliis

644 4629 778 4708 quinque
801 4629 973 4710 Episcopis,
996 4630 1168 4692 inconsulto
1197 4627 1370 4691 Patriareba
1400 4636 1431 4691 et
1456 4628 1583 4709 reliquis
1609 4622 1821 4702 Antistitibus,
1848 4642 1915 4687 eam
1943 4641 2022 4704 pro-

643 4729 808 4792 fessionem
830 4729 933 4808 edidit,
957 4749 1035 4813 quae
1051 4731 1302 4792 Turreerematae
1324 4729 1491 4791 rationibus
1514 4725 1713 4810 congruebat
1734 4724 1868 4787 loannes
1890 4722 2021 4785 Palaeo-

641 4829 733 4911 logus
763 4836 794 4891 ct
823 4828 967 4910 Episcopi
989 4829 1123 4892 Marcum
1145 4826 1319 4909 Ephesium,
1349 4829 1401 4907 qui
1422 4826 1553 4889 nondum
1575 4825 1783 4889 secessionem
1795 4821 1921 4901 iecerat,
1943 4821 2021 4884 bor-

634 4927 697 4988 ·tati
719 4934 788 4989 sunt
811 4928 848 4991 ad
870 4928 1027 4991 Ecclesiae
1050 4946 1123 4991 suae
1154 4927 1319 4989 doctrinam
1348 4928 1454 5010 paucis
1484 4924 1713 5008 exponendam,
1740 4922 1822 5004 qnod
1850 4921 1901 4983 illo
1932 4920 2018 4983 brevi

643 5026 759 5107 scripto
781 5029 941 5108 praestitit,
964 5047 1025 5109 quo
1048 5027 1180 5109 probare
1203 5043 1371 5109 aggressus
1395 5033 1452 5106 est,
1475 5042 1537 5091 nen
1559 5024 1633 5089 solis
1646 5023 1748 5087 verbis
1772 5020 1945 5098 dominicis,
1959 5016 2017 5081 aed
