4525 6034
378 1448 467 1502 Lectio
477 1447 579 1517 publiea
588 1445 670 1500 Acto-

362 1554 418 1588 rum
428 1536 570 1589 Electionis
582 1542 608 1589 et
619 1532 671 1586 Or-

362 1620 506 1675 dicationis.

693 487 840 627 406)
1079 552 1154 629 DE
1205 548 1717 628 PATRIARCHA‘

684 751 719 813 et
746 740 878 813 Ordinis
900 737 1083 840 'Monastici
1110 738 1259 832 dignitati
1284 738 1448 830 tribuitur,
1473 749 1509 810 ut
1532 736 1799 812 Arcbimandrita
1824 735 2044 811 Absolutionis

685 860 868 930 orationem
894 858 1097 952 pronunciet.
1150 855 1259 927 Etiam
1286 855 1350 927 elia
1377 877 1510 951 qnoque
1535 857 1621 927 ratio
1647 853 1743 949 bajus
1771 853 1961 948 disciplinae
1979 852 2044 940 icit,

685 971 773 1068 quod
799 995 873 1046 cum
899 972 991 1044 multi
1017 970 1230 1044 Patriarchae
1258 973 1394 1043 assumti
1419 970 1542 1053 fuerint
1574 994 1621 1043 ex
1654 971 1774 1045 eodem
1807 970 2045 1060 coenobio,in

684 1112 750 1183 quo
778 1088 839 1162 sub
871 1089 957 1161 illius
990 1087 1279 1160 Arcbimandritae
1314 1084 1503 1159 obedientia
1535 1085 1718 1175 vivebant,
1755 1086 1819 1159 boc
1850 1093 2045 1181 postremum

683 1202 873 1279 humilitatis
906 1204 1138 1278 documentum
1172 1203 1253 1276 dare
1288 1203 1472 1292 voluerint,
1503 1215 1540 1276 ut
1573 1203 1614 1276 ab
1651 1207 1733 1299 ipsis
1765 1200 2044 1290 benedicerentur,

684 1344 769 1418 quos
795 1321 893 1422 paulo
920 1330 997 1394 ante
1023 1324 1214 1416 superiores
1241 1318 1434 1392 habuerant.

786 1434 874 1509 XCI.
901 1436 1090 1532 Antequam
1117 1457 1229 1532 porro.
1246 1436 1396 1528 Liturgia
1423 1426 1667 1526 celebraretur,
1704 1435 1822 1509 eodem
1853 1433 1954 1507 modo
1985 1456 2044 1528 quo

682 1553 912 1631 Alexandriae
939 1562 973 1624 et
998 1551 1142 1626 Calliroe
1173 1554 1244 1626 lieri
1279 1550 1431 1643 solebat,
1462 1549 1637 1644 legebatur
1670 1574 1717 1623 ex
1741 1550 1898 1629 Ambone
1925 1552 2046 1622 instru-

684 1681 830 1743 mentum
856 1668 1028 1742 electionis
1061 1680 1096 1741 et
1128 1668 1267 1741 alterum
1303 1667 1545 1742 Ordinationis:
1579 1679 1718 1763 utraque
1748 1668 1880 1760 lingua,
1913 1667 2045 1763 Coptica

684 1787 824 1874 scilicet,
851 1795 950 1880 atque
967 1784 1134 1882 Arabica.
1162 1783 1246 1858 Cum
1272 1807 1376 1881 porro
1402 1783 1480 1856 illae
1506 1784 1626 1856 literae
1652 1788 1686 1856 in
1719 1783 1876 1856 Ecclesia
1904 1782 2046 1857 Arabica

683 1902 890 1997 legebantur,
918 1900 1142 1974 decedebatur
1177 1899 1219 1972 ab
1246 1904 1452 1987 inveterato,
1489 1908 1523 1971 et
1554 1922 1660 1996 usque
1694 1901 1736 1972 ad
1767 1899 1938 1973 sacculum
1962 1899 2045 1972 XIV.

683 2031 717 2092 et
742 2018 897 2091 fortassis
925 2016 988 2088 buc
1014 2040 1123 2113 usque
1148 2027 1364 2107 conservato,
1390 2037 1453 2092 usu
1479 2015 1566 2090 illius
1592 2016 1786 2111 Ecclesiae,
1819 2021 1855 2087 in
1884 2039 1948 2112 qua
1972 2015 2047 2090 riht

683 2137 817 2209 omnino
843 2136 908 2206 nisi
936 2131 1075 2228 Coptica
1100 2131 1289 2226 legebatur,
1315 2156 1390 2204 cum
1416 2135 1450 2204 in
1477 2132 1549 2205 aliis
1575 2132 1751 2223 Ecclesiis,
1777 2132 2044 2226 Evangeliorum,

608 2277 611 2289 ·
681 2249 919 2348 Epistularum,
946 2257 980 2319 et
1006 2247 1145 2320 abarum
1172 2251 1407 2345 seripturarum
1434 2247 1596 2323 lectiones
1623 2248 1772 2323 Arabica
1796 2250 1928 2340 fierent,
1954 2261 2045 2346 post-

391 4469 515 4523 licuerat
528 4469 593 4521 hacc
605 4471 668 4522 sim·

359 4556 420 4623 pler
437 4557 604 4608 caeremonia.

410 4934 475 4988 Eiet.
497 4932 568 4986 Patr.
593 4931 668 4984 Alex.

376 5037 401 5089 p.
420 5020 483 5074 502.
502 5019 564 5071 526.

682 2391 781 2462 mam
805 2365 968 2461 Copticae
993 2364 1154 2437 lectiones
1179 2376 1447 2460 praecesserant.
1491 2365 1552 2437 De
1592 2388 1633 2437 ea
1676 2365 1916 2439 consuetudine
1959 2370 2045 2440 testis

679 2480 888 2569 Abulbircat,
915 2481 1106 2576 etquidem
1132 2480 1196 2552 alii.
1247 2480 1355 2553 Porro
1380 2483 1435 2572 jus
1461 2481 1560 2569 illud,
1586 2481 1675 2577 qnod
1700 2493 1779 2579 post
1810 2481 2046 2556 blebamcdana

680 2608 854 2693 tempora,
894 2595 1068 2669 stabditum
1105 2600 1138 2668 in
1172 2595 1326 2670 Ecclesia
1368 2597 1555 2671 Jacobitica
1587 2599 1818 2693 Alexandrina
1843 2602 2045 2695 reperimus,

681 2723 939 2809 constanterque
966 2713 1198 2802 observatum,
1234 2737 1255 2785 a
1288 2720 1398 2787 veteri
1426 2714 1519 2802 ,nulla
1547 2715 1718 2811 disciplina
1752 2727 1858 2790 ortum
1895 2715 2044 2789 babuisse

679 2830 862 2902 verisimile
894 2829 1037 2903 videtur.
1091 2830 1253 2917 Quamvis
1289 2833 1377 2902 enim
1415 2854 1537 2925 magna
1570 2842 1662 2905 esset
1699 2834 1734 2903 in
1770 2842 1842 2904 tota
1883 2830 2044 2922 Ecclesia,

680 2948 827 3017 maxime
852 2968 937 3019 vero
965 2949 998 3017 in
1024 2947 1205 3042 Aegypto,
1230 2945 1287 3019 ubi
1313 2945 1413 3020 multa
1440 2947 1541 3024 millia
1566 2946 1805 3021 Monacborum
1837 2960 1953 3042 erant,
1979 2950 2046 3022 Or-

681 3061 765 3134 dinis
792 3062 968 3136 Monastici
995 3062 1150 3155 dignitas,
1173 3065 1229 3155 jus
1256 3072 1366 3136 mmen
1392 3064 1436 3136 ad
1470 3063 1668 3138 electionem
1691 3063 1941 3161 Episcoporum
1970 3065 2043 3138 uul-

680 3178 747 3252 lum
773 3178 958 3252 habebant:
985 3200 1063 3251 nam
1088 3182 1175 3251 inter
1200 3178 1323 3253 Laicos
1349 3180 1617 3255 numerabantur.
1668 3178 1752 3253 Cum
1777 3202 1863 3252 vero
1892 3180 2044 3253 celeber·

679 3297 798 3367 rimum
836 3294 1076 3368 Monasterium
1123 3296 1159 3368 S.
1203 3284 1344 3368 Macarii
1390 3297 1563 3389 Beniamin
1605 3295 1797 3370 Patriarcba
1837 3310 2043 3393 occupasset,

679 3409 877 3507 haeresique
903 3434 985 3485 suae
1012 3411 1208 3502 addixisset,
1235 3423 1269 3485 et
1295 3435 1341 3485 ex
1367 3435 1409 3485 eo
1435 3424 1591 3510 tanquam
1616 3413 1770 3487 rediviva
1796 3413 1959 3510 prodierit
1982 3411 2043 3502 ills,

681 3537 846 3624 caputque
872 3528 933 3602 sub
961 3527 1130 3604 Arabibus
1166 3529 1286 3602 efferre
1318 3534 1488 3626 coeperit,
1519 3530 1701 3604 verisimile
1736 3534 1868 3603 omnino
1908 3541 1975 3618 est,
2006 3551 2042 3600 ea

682 3647 863 3718 occasione
890 3643 1024 3735 lactutrn,
1051 3656 1087 3718 ut
1111 3644 1284 3720 Monacbis
1311 3648 1366 3742 qui
1392 3649 1484 3719 vitae
1517 3650 1698 3743 asperitate
1720 3650 1791 3739 jam
1816 3645 2041 3732 commendati,

681 3757 850 3833 habebant
861 3771 1038 3856 praeterea
1050 3761 1182 3834 laudem
1197 3785 1266 3834 non
1283 3761 1485 3836 mediocrem
1506 3771 1727 3836 conservatae
1743 3748 1950 3835 Jacobiticae
1962 3760 2042 3849 lidci,

678 3877 734 3966 jus
760 3874 963 3949 tribueretur
989 3878 1181 3969 suffragium
1206 3877 1334 3950 ferendi
1359 3875 1672 3951 inPatriarcbarum
1692 3878 1867 3969 electione,
1896 3877 2041 3953 subscri-

681 3990 783 4074 bendi
809 3990 979 4065 electionis
1007 3994 1174 4084 Decretis,
1201 3993 1400 4089 tandemque
1426 3993 1631 4091 approbandi
1657 3993 1854 4068 electionem
1881 3990 2039 4088 et0rdi·

681 4111 869 4199 nationem,
896 4108 972 4181 dum
997 4110 1173 4183 tenebatur
1198 4131 1308 4188 novus
1332 4112 1483 4187 Antiates
1510 4110 1554 4183 ad
1579 4093 1736 4184 sanctum
1750 4110 1935 4183 Macarium
1960 4130 2038 4205 pro·

681 4225 795 4315 ficisci,
822 4225 932 4323 ibique
964 4227 1184 4323 proclamari,
1220 4238 1254 4306 et
1287 4249 1385 4302 secra
1417 4226 1541 4302 facere.
1593 4226 1667 4300 Nec
1694 4224 1757 4298 alia
1783 4230 1919 4300 omnino
1944 4245 2038 4298 causa

680 4339 776 4436 hujus
803 4343 1050 4416 consuetudinis
1075 4342 1171 4415 nobis
1198 4348 1352 4416 occurrit.

784 4458 887 4531 XCII.
940 4460 1047 4532 Porro
1072 4482 1142 4532 non
1168 4470 1220 4534 est
1245 4482 1304 4533 cur
1331 4463 1502 4555 quisquam
1527 4462 1694 4532 existimet
1718 4460 1840 4541 nudam
1864 4475 2037 4533 caeremo-

681 4578 769 4647 niam
795 4572 911 4665 luisse,
938 4598 1014 4646 eam
1041 4598 1138 4670 quam
1172 4578 1387 4672 exposuimus
1419 4580 1453 4648 in
1479 4575 1514 4649 S.
1545 4574 1684 4648 Macarii
1714 4573 1867 4648 Ecclesia
1899 4571 2036 4648 Procla-

681 4694 875 4765 mationem:
915 4689 1060 4764 babebat
1091 4694 1179 4764 enim
1212 4691 1441 4787 probationem
1479 4692 1654 4787 quamdam
1689 4703 1724 4765 et
1763 4692 2036 4765 confirmationem

681 4805 873 4898 Electionis‚
900 4817 934 4879 et
950 4829 1104 4898 examen,
1130 4811 1221 4880 utita
1247 4807 1406 4901 dicamus,
1431 4808 1509 4884 fidei
1533 4807 1757 4899 Patriarcbae,
1785 4810 1873 4905 quod
1898 4808 2035 4901 maign-

681 4921 743 4997 bus
770 4922 932 5020 exemplis
960 4923 1088 4998 duobus
1114 4923 1324 4998 manifestum
1350 4935 1413 5016 est,
1441 4923 1607 4998 Gabrielis
1627 4923 1684 4997 filii
1697 4922 2034 5000 Tarichatriarcbae

681 5038 786 5113 LXX.
815 5050 848 5112 et
874 5044 1081 5117 successoris
1108 5045 1181 5135 ejus
1207 5038 1386 5116 Michaelis.
1438 5041 1490 5115 Illi
1515 5040 1559 5115 ob
1578 5036 1687 5113 addita
1703 5041 1866 5138 quaedam
1889 5040 2033 5116 verbain
