4525 6034
764 576 816 652 m
837 574 1044 651 ιοοοοοοι
1058 539 1251 651 coruom
1266 574 1297 651 s.
1317 574 1462 651 hisnu.
1726 575 1798 649 195

294 768 434 845 prid
444 761 596 826 endum
626 760 813 823 Glossarium
840 760 871 821 in
900 777 978 822 voce
1010 754 1259 837 καταπέτασμα.
1311 758 1487 841 Respondet
1515 759 1592 822 haec
1621 760 1718 827 orabo
1744 738 1811 837 illi?
1926 822 1932 829 .
2047 760 2076 811 ί·
2174 744 2180 751 ’

276 882 510 969 quae
530 861 561 922 in
591 858 800 943 chrysostomi
828 859 964 943 liturgia
994 858 1104 923 dicitur
1131 845 1246 943 πρώτη
1271 855 1338 922 τῶν
1366 855 1502 937 πιστῶν,
1525 859 1633 922 Primo
1651 860 1806 940 fideliam
1962 876 1984 929 ;.
2006 904 2028 931 ,,
2052 922 2055 929 ,
2077 900 2095 925 ,ι
2108 904 2127 921 ..
2157 854 2174 921 ι’.
2198 908 2202 913 .
2228 858 2233 865 ’
2260 888 2261 891 “

266 973 476 1070 quja
522 968 591 1022 tunc
621 959 679 1022 soli
706 960 828 1038 fideles,
864 958 924 1021 hoc
951 968 998 1021 est
1027 958 1187 1021 Christiani
1216 959 1267 1039 qui
1295 958 1507 1040 mysteriorum
1535 958 1700 1041 participes
1731 977 1800 1023 esse
1828 950 1886 1057 gir,
1965 1018 1970 1031 ,
2004 1026 2010 1047 ι
2105 1020 2114 1033 ,

266 1096 345 1176 ΡΟ
356 1068 585 1134 terant,
608 1060 639 1121 in
666 1059 807 1121 Ecclesia
837 1065 940 1137 erant,
969 1059 1075 1140 ejectis
1107 1057 1335 1121 Catechumeuis
1366 1064 1398 1121 et
1424 1057 1658 1121 Poenitentibus.
1700 1057 1801 1121 Aliam

266 1173 520 1252 efflant
548 1157 651 1220 titulus
683 1158 742 1220 iste
770 1154 1020 1239 significationem
1052 1157 1158 1235 habet,
1188 1175 1256 1219 nam
1283 1150 1524 1236 καταπέτασμα
1553 1163 1681 1219 vocatur
1709 1159 1811 1220 etism.

268 1270 529 1350 ,eluto
551 1258 642 1335 illud,
664 1257 747 1338 quod
768 1244 896 1340 εἰληιόν
918 1257 1027 1321 Gracci
1049 1266 1175 1334 vocant,
1199 1276 1258 1339 quo
1282 1257 1399 1320 scilicet
1420 1257 1528 1320 Discus
1551 1265 1582 1320 et
1604 1255 1690 1319 Calin
1712 1255 1800 1319 simul

272 1365 582 1452 ,aguntum
606 1356 806 1437 etcorporati
828 1357 1002 1421 Latinorum
1025 1357 1214 1439 aliquatenus
1235 1356 1414 1437 respondet,-
1433 1356 1512 1420 illius
1525 1357 1713 1438 potissimum
1728 1355 1798 1419 for-

277 1482 451 1549 mae
518 1459 674 1538 anhquae,
697 1474 757 1537 quo
780 1463 812 1518 et
834 1457 946 1520 Patena
968 1465 1000 1519 et
1023 1456 1110 1520 Calin
1132 1456 1324 1540 tegebantur,
1347 1473 1435 1537 quam
1450 1454 1639 1518 Canthusiani
1661 1456 1799 1518 retinue-

282 1568 502 1646 ‹¹1⁰⁸-
553 1556 637 1619 Tunc
661 1557 829 1618 enimcum
853 1554 958 1620 Oratio
980 1554 1048 1620 cmi
1062 1547 1358 1635 καταπετάσματος
1372 1557 1599 1635 pronunciatur,
1621 1574 1709 1619 sacra
1731 1575 1800 1619 mu-

290 1677 490 1740 ‚era
512 1702 522 1733 ‚
546 1674 626 1736 quae
648 1656 746 1743 statim
768 1663 859 1736 atque
883 1655 1020 1736 deposita
1044 1657 1075 1718 in
1098 1656 1185 1719 altari
1207 1655 1328 1718 fuerant
1349 1657 1408 1717 islo
1436 1654 1506 1717 velo
1533 1655 1731 1737 tegebantur,
1761 1674 1798 1719 eo

300 1759 546 1837 sublato
574 1755 726 1843 Sacerdos
757 1753 934 1838 detegebat:
964 1755 1045 1836 quod
1072 1757 1103 1818 in
1130 1754 1257 1818 Graecis
1284 1755 1428 1838 liturgiis
1457 1755 1566 1818 dicitur
1593 1747 1734 1834 ἐξαπλοῖ
1761 1743 1800 1817 τά

311 1840 562 1939 rii-mm.

897 2059 1018 2131 Oratio
1041 2083 1109 2154 pro
1136 2060 1245 2148 Pace,
1271 2065 1335 2131 etc.
1847 2093 1879 2147 ν.
1897 2093 1923 2145 a.
1942 2104 1965 2146 ο
1983 2093 2025 2145 ro.

500 2230 601 2312 Sans
625 2268 666 2310 ex
689 2247 775 2328 hujus
797 2247 943 2310 orationis
967 2254 1110 2310 contextu
1133 2255 1261 2328 apparet
1282 2246 1447 2310 desumtam
1470 2266 1535 2311 eam
1558 2265 1628 2311 esse
1656 2266 1696 2310 cx
1719 2246 1800 2309 anti-
1848 2264 1976 2319 bratonis
2001 2283 2049 2333 pm
2066 2266 2121 2320 tte-

340 2363 451 2424 quo
511 2347 579 2410 Ritu
603 2346 827 2426 Alexandrino,
851 2365 938 2428 quem
962 2346 1080 2410 Graeca
1102 2353 1323 2428 repraesentat.
1368 2346 1445 2410 Tota
1467 2347 1584 2410 scilicet
1606 2345 1683 2409 haec
1701 2347 1798 2409 oratio
1812 2352 1888 2423 gibus
1911 2353 2010 2406 tornae
2032 2352 2121 2405 ‹tiver-

343 2446 545 2511 Graece
567 2450 684 2533 legitur
706 2454 737 2509 et
760 2448 868 2510 eodem
890 2446 1013 2525 ordine,
1037 2447 1142 2526 paucis
1165 2447 1284 2509 mutatis
1307 2446 1337 2509 in
1360 2445 1473 2510 Codice
1495 2446 1606 2528 Regio:
1630 2464 1687 2527 pro
1710 2464 1799 2527 pace,
1813 2454 1866 2493 ⁸⁸⁰·

343 2559 443 2621 pro
497 2547 664 2625 Ecclesia,
687 2545 790 2629 Rege,
812 2546 1020 2627 Principibus,
1043 2545 1141 2625 Papa,
1164 2544 1223 2609 hoo
1246 2552 1294 2608 est
1308 2545 1481 2609 Patriarcha
1495 2544 1714 2623 Alexandrino,
1739 2554 1798 2610 etc.

348 2630 468 2704 Γόν
517 2641 657 2725 βασιλέα
678 2645 855 2727 simpliciter
884 2647 1025 2709 nominat.
1071 2644 1104 2707 ln
1127 2645 1221 2708 lllarci
1248 2645 1392 2726 Liturgia.
1442 2634 1509 2729 Τήν
1535 2638 1709 2726 βασιλείαν
1737 2642 1800 2708 τοῦ

344 2733 400 2799 do
408 2729 551 2807 ύλον
571 2761 634 2807 σον
656 2733 907 2819 ’άνέδικαίωσας
927 2730 1118 2825 βασιλεύειν
1139 2737 1197 2807 ε’πὶ
1218 2740 1278 2829 τῆς
1299 2740 1374 2828 γῆς,
1398 2737 1431 2805 ἐν
1452 2735 1563 2832 εἰρήνη
1583 2740 1639 2807 καὶ
1667 2732 1801 2830 άνάρείρ

344 2834 438 2900 καὶ
507 2830 703 2927 ηαληνάτητὶ
732 2831 946 2927 διαφάλαξον
966 2831 1025 2929 την
1059 2833 1215 2907 ταπεινάν
1236 2839 1293 2905 καὶ
1320 2831 1481 2926 iterantis,
1510 2840 1567 2907 nel
1588 2831 1799 2930 φιλόχριστον

343 2923 527 3002 πόλιν
551 2929 670 3028 ταύτην
697 2940 800 3027 ῥῦσαι
828 2931 929 3028 αὐτην
962 2931 981 3006 ὁ
1009 2929 1100 3020 θεάς,
1130 2931 1190 3027 άφ’
1218 2934 1346 3027 ἡμερῶν
1373 2939 1534 3029 πονηρῶν,
1563 2950 1622 3006 etc.
1666 2942 1801 3022 ltcpmm

343 3041 513 3100 serm·
535 3045 577 3103 tui
597 3060 684 3122 prtem
705 3044 738 3104 in
760 3050 845 3104 terra
866 3061 998 3122 regnare
1010 3045 1128 3122 justum
1151 3044 1309 3117 commisti,
1335 3044 1368 3103 in
1390 3060 1471 3121 pace
1494 3047 1524 3102 ct
1548 3040 1743 3119 tortitudine,
1773 3046 1803 3101 ct

333 3127 544 3201 justitia
564 3148 594 3202 ct
614 3142 829 3222 honoratimtc
843 3150 1034 3206 contramuto.
1079 3141 1226 3203 Hmnitcm
1239 3149 1269 3203 et
1280 3141 1508 3203 misericordem
1519 3146 1549 3202 et
1561 3137 1676 3201 Christi
1689 3157 1801 3200 oman-

339 3230 442 3291 ‘tm
500 3243 661 3303 civitaten
682 3243 792 3316 tamn,
814 3240 911 3303 libero
932 3240 1060 3303 Domine
1081 3261 1103 3303 ο
1123 3241 1231 3303 diebus
1251 3241 1349 3305 matis.
1384 3238 1427 3303 lta
1442 3241 1534 3303 vertit
1553 3240 1714 3321 interpres,
1737 3255 1801 3301 non

333 3323 522 3401 Plane
543 3349 699 3404 accurate:
722 3340 828 3422 Neque
852 3341 949 3418 enim,
972 3348 1114 3422 quantum
1132 3340 1271 3421 judicare
1285 3357 1461 3420 possumus,
1486 3340 1523 3403 ad
1538 3337 1707 3402 Christiana
1720 3345 1800 3400 tem-

330 3430 490 3496 lora
532 3440 605 3502 haec
627 3442 723 3504 oratio
745 3442 891 3521 pertinet,
914 3441 970 3502 sed
993 3440 1030 3503 ad
1052 3440 1203 3503 infelicem
1221 3440 1283 3522 jam
1298 3439 1436 3502 Arabum
1448 3438 1637 3503 dominorum
1659 3438 1800 3520 tyranni-

325 3511 488 3637 deno..
555 3538 672 3621 Quippe
695 3539 807 3621 legitur
828 3539 860 3600 in
881 3539 1017 3621 liturgia
1040 3538 1250 3621 Chrysostomi
1272 3527 1355 3623 ὑπὲρ
1377 3532 1539 3626 σωτηρίας
1565 3533 1631 3601 τῶν
1657 3524 1799 3619 εὐσεβε-

319 3620 560 3698 ⁰2·th
585 3633 641 3700 καὶ
669 3624 908 3722 eroposeiam
935 3632 1100 3717 βασιλέων
1129 3627 1230 3723 ἡμῶν.
1274 3638 1339 3700 Pro
1366 3639 1463 3700 sclatc
1487 3640 1696 3718 piissimontm
1723 3645 1754 3700 ct
1779 3657 1801 3700 ο

331 3730 445 3818 ΞΟ
523 3738 733 3799 custoditorum
754 3736 974 3817 Imperatorum
994 3745 1189 3799 nostrorum:
1211 3744 1243 3799 et
1264 3738 1295 3798 in
1316 3735 1474 3801 Basiliana.
1504 3722 1687 3822 Μνὴσθητι
1706 3726 1799 3824 κύριε

298 3810 439 3872 “⁰⁹
477 3824 750 3916 εάσεβεοτάτων
759 3830 815 3898 καὶ
826 3823 1033 3900 πιστοτάτων
1046 3826 1314 3920 ἦμῶνβασιλέωνε
1328 3837 1394 3898 etin
1404 3854 1442 3899 co
1456 3836 1622 3919 exemplari
1637 3837 1718 3919 quod
1730 3856 1801 3901 ser-

281 3903 523 4042 qul·
542 3937 571 3997 in
593 3936 779 3999 Bibliotheca
802 3937 907 4019 Regia.
951 3927 1046 4024 Ὑπὲρ
1068 3931 1243 4022 σωτηρίας,
1265 3927 1412 4021 κράτους,
1433 3932 1537 4021 νικῆς,
1559 3932 1615 3998 καὶ
1642 3934 1801 4022 διαμονῆς

299 4011 430 4064 ‘¹³²'
517 4023 761 4114 εὐσεβεστάτων
782 4031 838 4099 καὶ
859 4031 1078 4123 φιλοχράστων
1099 4027 1191 4120 ἡμῶν
1211 4029 1383 4118 βασιλέων.
1427 4035 1491 4098 Pro
1518 4038 1629 4112 sotice,
1659 4038 1801 4112 victorio,

268 4099 580 4211 μαθηται,
603 4139 832 4199 cmrseroationc
850 4140 1059 4217 piissimomrm
1080 4144 1111 4198 ct
1132 4135 1247 4198 Christi
1266 4135 1662 4216 amantumlmperatormm
1675 4142 1801 4197 nostro-

265 4275 325 4344 N⁸¹
468 4252 518 4286 e
542 4254 618 4316 quae
640 4234 767 4299 formula
789 4245 929 4317 quantum
953 4256 970 4299 a
992 4237 1086 4300 blarci
1110 4236 1227 4299 Graeca
1258 4234 1379 4298 diversa
1413 4238 1469 4316 sit,
1498 4251 1587 4297 nemo
1614 4253 1677 4297 non
1707 4231 1799 4298 videt.

267 4379 291 4440 s.
333 4310 463 4377 “¹
529 4334 558 4395 in
580 4336 684 4416 primis
707 4335 810 4398 verbis
832 4338 1010 4419 agnoscitur
1031 4334 1198 4415 infidelem,
1227 4352 1289 4398 nou
1317 4334 1516 4398 Christianum
1544 4336 1712 4416 principem
1742 4333 1800 4396 de-

283 4398 432 4543 Ιῗῖἱ
443 4435 561 4510 uri,
584 4453 652 4496 cum
675 4432 714 4497 de
737 4453 774 4498 eo
797 4433 923 4515 dicitur,
945 4453 1031 4517 quem
1045 4437 1131 4514 justo
1144 4436 1265 4515 jndicio
1287 4441 1440 4514 τάρταρον
1454 4435 1800 4514 bcnctmromreprmrc

268 4501 326 4640 ”a
355 4514 560 4598 “taa
605 4533 684 4596 Nihil
706 4533 755 4596 hic
785 4534 822 4597 ad
852 4535 970 4598 laudem
1000 4534 1078 4597 illius
1113 4534 1200 4612 lidei,
1231 4552 1308 4614 quae
1337 4541 1434 4596 tamen
1463 4551 1615 4616 nunquam
1644 4534 1800 4612 omittitur,

303 4604 551 4739 rssties
580 4634 619 4697 de
649 4633 826 4697 Christianis
857 4635 1091 4716 lmperatoribus
1121 4634 1215 4696 verba
1245 4633 1326 4698 liunt.
1371 4633 1501 4696 Accedit
1528 4634 1616 4715 etiam
1645 4633 1799 4714 sequentis

284 4700 576 4840 ⁰?tionts
600 4731 713 4797 torma:
738 4754 805 4797 narn
829 4734 867 4798 de
889 4733 965 4798 urbe
981 4733 1037 4796 sub
1060 4732 1238 4796 Christianis
1255 4733 1509 4815 lmperatoribus,
1532 4732 1656 4795 liberum
1669 4731 1799 4796 habente

291 4803 312 4855 η
348 4800 526 4893 ¹⁸³8
546 4832 714 4917 Religionis
736 4834 975 4916 professionem,
998 4851 1148 4915 nunquam
1170 4834 1226 4896 ista
1249 4834 1344 4896 verba
1366 4839 1549 4913 usurpantur
1556 4853 1565 4908 ;
1588 4831 1719 4894 alllictae
1743 4851 1801 4896 au-

311 4898 450 5003 w'f*
517 4940 547 4994 et
567 4934 623 4996 sub
645 4934 808 4997 Barbarica
831 4933 989 5017 tyrannide
1016 4933 1149 5017 gementi
1180 4929 1336 5018 ταπεινῆς
1362 4928 1418 4995 καὶ
1440 4925 1600 5016 iterantis,
1629 4931 1749 4995 mmtta
1771 4940 1802 4995 et

445 5032 614 5096 evolatis
634 5036 754 5098 nomina
777 5036 904 5097 inanime
927 5035 1124 5111 conveniunt3
1147 5031 1216 5096 talis
1239 5033 1316 5095 enim
1337 5031 1394 5096 luit
1415 5038 1485 5096 tunc
1497 5031 1701 5096 Alexandriae
1721 5051 1798 5096 con-

417 5136 585 5213 ῗῦιιιωι
1542 5150 1588 5224 41
