4525 6034
711 570 787 646 346
964 612 971 621 =
1094 571 1695 652 DEPATRIARGHA

709 769 824 832 contra
858 783 1064 835 communem
1104 761 1281 834 Ecclesiae
1320 761 1525 859 disciplinam
1569 759 1792 838 ordinationes
1838 767 2060 864 celebrassent,

709 899 844 971 quarum
871 877 1026 951 validitas
1053 883 1172 951 vocam
1197 883 1231 950 in
1257 865 1399 951 dubium
1414 886 1555 975 poterat.
1607 877 1651 951 Et
1677 903 1759 953 sane
1774 907 1888 979 panum
1902 887 2060 959 commode

707 996 857 1065 sensisse
884 993 926 1066 de
952 994 1016 1067 illis
1042 995 1282 1085 Nestorianos,
1309 1005 1471 1069 testantur
1495 995 1600 1067 Maris
1628 1006 1662 1068 et
1694 1001 1837 1090 Amrus,
1877 1005 1931 1097 qui
1963 1001 2059 1075 Jaco-

706 1104 784 1179 bum
810 1107 1019 1184 Baradaeum
1045 1112 1229 1208 simplicem
1255 1112 1464 1185 sacerdotem
1490 1110 1595 1185 luisse
1620 1111 1784 1187 scribunt:
1811 1116 1982 1190 ordinasse
2009 1129 2059 1189 ta-

705 1245 784 1295 men
808 1223 999 1323 Episcopos
1025 1237 1060 1300 et
1092 1222 1287 1303 sacerdotes
1322 1229 1375 1302 bis
1405 1227 1559 1301 millenos
1594 1238 1628 1300 ct
1662 1230 1810 1326 amphus.
1863 1232 1979 1328 Neque
2001 1256 2060 1304 uu-
2089 1226 2108 1284 ‘·
2216 1212 2217 1217 ¹

707 1362 803 1434 qnam
829 1350 1004 1416 tenuenmt
1028 1344 1270 1417 Antiochenam
1298 1342 1499 1417 cathedram
1524 1343 1604 1439 Syri
1630 1343 1822 1436 lacobitae‚
1854 1359 1891 1420 ut
1915 1348 2059 1421 Meuan-

704 1454 832 1529 drinam
858 1458 1040 1554 Aegyptii,
1075 1464 1120 1533 ita
1156 1472 1192 1533 ut
1221 1460 1330 1534 nullus
1361 1464 1394 1532 in
1420 1484 1463 1533 ea
1500 1468 1593 1533 esset
1625 1459 1841 1535 Ortbodoxus
1874 1463 2059 1561 Episcopus.

704 1570 792 1645 Nam
804 1573 1047 1648 Antiochenam
1061 1574 1322 1649 Patriarchatum
1337 1575 1401 1648 huc
1416 1598 1522 1671 usque
1536 1573 1663 1670 absque
1676 1580 1915 1675 interruptione
1930 1603 2059 1653 sucees-

705 1691 827 1777 sionis,
854 1688 1040 1763 Orthodoxi
1067 1692 1294 1781 obtinuerunt3
1322 1714 1426 1789 saepe
1451 1716 1538 1766 vero
1565 1701 1599 1765 et
1624 1692 1677 1764 din
1705 1693 1832 1790 absque
1845 1696 2058 1770 lacobitarum

704 1803 914 1894 Paniareha,
941 1805 1025 1879 haec
1051 1811 1208 1905 primaria
1236 1809 1334 1883 sedes
1360 1809 1430 1881 fuit

807 1921 864 1994 lV.
890 1922 1042 2015 Longius
1070 1924 1177 1997 adhue
1203 1923 1300 1999 abest
1327 1924 1368 1997 ab
1395 1924 1481 1999 illius
1514 1945 1581 1997 non
1614 1926 1815 2021 interruptae
1851 1929 2058 2001 successionis

424 2032 584 2132 ¹nassonia·
609 2041 690 2140 auro
703 2041 941 2133 praerogativa
982 2039 1257 2114 Nestorianorum
1304 2044 1498 2114 communio.
1565 2043 1725 2129 Quamvis
1767 2048 1855 2116 enim
1900 2042 2060 2116 Nestorius

397 2124 691 2268 fflsffl‘ffl
705 2153 1090 2251 Constantinopohtanae
1115 2156 1291 2231 Ecclesiae
1316 2168 1504 2254 praeesset,
1540 2180 1626 2253 quae
1663 2182 1709 2230 ex
1745 2159 1924 2255 privilegio
1956 2160 2058 2232 Patri-

704 2270 845 2345 archahs
879 2270 968 2344 lacta
1000 2272 1126 2364 fuerat,
1159 2298 1233 2347 cum
1268 2286 1376 2347 tamen
1412 2274 1571 2367 dignitate
1604 2273 1764 2371 spoliatus
1798 2285 1832 2348 et
1862 2279 1899 2346 in
1934 2275 2057 2351 exilium

701 2386 816 2484 pulsus
844 2398 912 2476 est,
938 2392 1102 2462 neminem
1129 2395 1185 2486 qui
1220 2416 1240 2464 a
1276 2395 1346 2466 suis
1381 2393 1454 2484 ejus
1487 2390 1582 2479 loco,
1618 2391 1736 2464 saltem
1770 2402 1948 2487 postquam
1981 2391 2057 2467 diem

702 2525 797 2577 suum
824 2501 916 2595 obiit,
943 2503 1208 2600 substitueretur,
1235 2518 1291 2580 aut
1317 2510 1468 2604 quamvis
1494 2507 1715 2600 illegitimam,
1743 2506 1862 2580 saltem
1890 2511 2058 2580 continua·-

701 2630 769 2690 tam
813 2618 1079 2695 Patriarcbarum
1132 2627 1379 2698 successionem
1423 2633 1594 2713 servaret,
1637 2621 1925 2719 deprehendimus.
1982 2625 2059 2697 Nam

702 2757 832 2809 omnes
845 2735 1037 2809 Nestoriani
1067 2761 1113 2811 ex
1148 2740 1302 2814 Romano
1337 2741 1481 2837 Imperio
1514 2739 1620 2836 pulsi,
1655 2739 1699 2811 ad
1732 2722 2058 2831 remammhmoa

701 2860 758 2923 aut
783 2854 817 2923 in
843 2875 960 2925 eorum
986 2858 1169 2950 provinciis
1196 2857 1296 2931 sedes
1321 2855 1474 2928 fixerunt.
1526 2855 1612 2928 Hinc
1638 2864 1716 2950 post
1742 2877 1848 2929 anuos
1873 2858 1952 2929 satis
1977 2856 2058 2928 mul-

698 2976 770 3060 tos,
803 2991 878 3042 cum
902 2968 1091 3044 Ecclesiam
1126 2972 1302 3046 Seleuciae
1328 2971 1524 3045 Parthorum
1558 2973 1777 3062 invasissent,
1817 2995 1906 3068 quae
1941 2973 2058 3067 quidem

697 3107 745 3157 ex
770 3109 877 3183 nuper
902 3091 1047 3161 instituta
1074 3088 1136 3164 sub
1163 3090 1347 3163 lustirriano
1376 3087 1539 3162 Catholici
1555 3087 1745 3189 dignitate,
1776 3110 1904 3159 novam
1938 3090 2057 3160 autori-

698 3212 799 3277 tatem
828 3217 1008 3281 consecuta
1035 3218 1123 3297 erat,
1144 3229 1220 3279 eam
1246 3229 1329 3280 suae
1358 3207 1532 3299 religionis
1560 3202 1759 3277 Cathedram
1774 3206 1965 3299 primariam
1990 3224 2058 3277 esse

697 3318 894 3412 voluertmt3
922 3332 1021 3419 atquc
1046 3322 1123 3395 inde
1148 3322 1271 3395 nullum
1297 3325 1457 3415 majorem
1484 3321 1610 3393 titulum
1635 3342 1735 3416 quam
1752 3320 1926 3391 Catholici
1941 3319 2058 3391 Selou-

698 3440 776 3508 cioc
802 3443 837 3508 et
856 3439 1095 3534 Ctesiphontis,
1122 3438 1322 3511 Patriarehis
1350 3443 1419 3512 suis
1445 3435 1630 3511 veteribus
1645 3434 1871 3509 attribuerunt.
1925 3438 1972 3513 At
1995 3438 2059 3531 ipsa

696 3556 850 3642 nominis,
876 3578 944 3629 non
961 3563 1036 3627 ante
1063 3566 1196 3629 sextum
1222 3553 1390 3629 saeculum
1417 3555 1564 3650 usurpati
1591 3558 1697 3643 ratio,
1724 3556 1805 3626 satis
1824 3574 1984 3646 magnum
2003 3561 2058 3639 est,

699 3673 848 3764 quamvis
876 3670 940 3743 alia
967 3672 1065 3744 multa
1092 3694 1161 3743 non
1188 3681 1415 3768 suppeterent,
1441 3672 1599 3743 novitatis
1618 3679 1859 3761 argumentum,
1889 3690 1955 3763 quo
1970 3668 2057 3765 plene

698 3786 893 3879 dejiciuntur
918 3787 1048 3860 illorum
1075 3791 1193 3861 summi
1218 3787 1452 3877 Patriarchae,
1484 3797 1552 3858 tum
1578 3784 1619 3858 ab
1646 3783 1720 3875 illa,
1754 3807 1850 3880 quam
1884 3783 1972 3857 lalso
2002 3781 2057 3855 sibi

697 3903 867 3975 vindicant
893 3908 1093 4001 antiquitatis
1124 3903 1247 3997 gloria:
1287 3914 1355 3976 tum
1386 3908 1484 3976 etiam
1518 3899 1559 3974 ab
1591 3905 1666 3997 ipsa
1698 3903 1885 3973 autoritatis
1919 3901 2057 3992 diguita-

697 4022 804 4115 tisque
831 4024 1086 4116 praerogativa,
1114 4043 1179 4116 qua
1205 4041 1322 4093 omnes
1350 4018 1432 4092 alias
1458 4017 1679 4115 Episcopales
1706 4017 1805 4090 sodes
1838 4018 1905 4091 sibi
1936 4016 2055 4089 Nesto-

696 4140 781 4208 riani
807 4135 1035 4228 subjecerrmt,
1064 4148 1120 4210 aut
1147 4135 1313 4229 subjicere
1340 4139 1448 4208 conati
1475 4143 1557 4208 sont

800 4253 842 4325 V.
871 4254 1001 4350 Quippe
1031 4275 1130 4326 nemo
1166 4256 1201 4325 in
1234 4252 1416 4345 originibus
1450 4250 1698 4324 Ecclesiasticis
1732 4249 1947 4322 mediocriter
1977 4270 2080 4345 ver-³

425 4370 549 4426 cienena
571 4373 682 4438 tinnitos
695 4381 785 4443 satus
818 4374 966 4463 ignorat,
1002 4368 1165 4443 Catholici
1191 4369 1383 4461 dignitatem
1409 4377 1443 4440 et
1464 4366 1728 4460 jurisdictionem
1751 4366 1969 4439 Patriarohali
1992 4368 2053 4437 mi-

371 4458 681 4600 Jrffgffuffifflffl
694 4509 810 4560 norem
843 4486 964 4574 luisse,
1001 4490 1153 4582 quanwm
1184 4483 1514 4580 Metropohtanorum
1546 4483 1696 4557 ordinem
1731 4482 1962 4556 antecelleret:
1994 4493 2054 4554 turn

371 4646 423 4686 non
441 4641 480 4686 ,a
497 4634 629 4687 vetmnor.
694 4615 792 4676 extra
817 4602 1061 4676 Antiochenam
1087 4601 1367 4690 Patriarchatum,
1392 4599 1501 4673 nullos
1526 4599 1632 4672 fuisse
1659 4600 1822 4692 ejusmodi
1858 4597 2053 4673 Catlrohcos.

693 4719 789 4792 Unde
816 4722 897 4791 satis
924 4717 1132 4791 manifestum
1159 4729 1226 4809 est,
1253 4718 1493 4808 Nestorianos,
1521 4719 1575 4812 qui
1603 4736 1719 4788 omnes
1737 4726 1828 4788 retro
1845 4739 1928 4789 suae
1948 4724 2054 4787 sectae

693 4835 924 4925 Patriarchae,
967 4834 1160 4908 Catholicos
1195 4833 1381 4930 appellatos
1422 4837 1608 4929 reperiunt,
1639 4830 1762 4904 lrustra
1801 4829 1990 4915 laborasse,
2023 4833 2054 4897 ut

694 4956 944 5027 successionem
980 4974 1095 5024 eorum
1121 4951 1164 5023 ad
1190 4948 1375 5046 Apostolos
1410 4972 1516 5045 usque
1549 4958 1806 5045 promoverent,
1842 4948 1992 5044 quamvis
2023 4939 2053 5011 id

695 5076 805 5144 conati
831 5070 953 5143 luerint
977 5071 1082 5143 Maris
1108 5070 1298 5143 Salomonis
1325 5067 1430 5160 lilius,
1457 5079 1491 5141 et
1517 5070 1573 5164 qui
1599 5090 1674 5139 eum
1700 5068 1734 5138 in
1759 5065 1937 5161 Epitomen
1952 5059 2050 5132 rede-

693 5191 743 5282 git
767 5190 892 5266 Amrus
918 5186 1064 5261 Nathaci
1093 5187 1195 5279 lilius,
1229 5186 1290 5261 sed
1324 5208 1463 5283 prorsus
1498 5183 1684 5258 inlehciter.
1742 5181 1860 5277 Neque
1893 5182 1979 5253 enim
2009 5194 2051 5247 ex
