<?xml version="1.0" encoding="UTF-8"?>
<!DOCTYPE html PUBLIC "-//W3C//DTD XHTML 1.0 Transitional//EN"
    "http://www.w3.org/TR/xhtml1/DTD/xhtml1-transitional.dtd">
<html xmlns="http://www.w3.org/1999/xhtml" xml:lang="en" lang="en">
 <head>
  <title>
</title>
<meta http-equiv="Content-Type" content="text/html;charset=utf-8" />
  <meta name='ocr-system' content='tesseract 3.04.00' />
  <meta name='ocr-capabilities' content='ocr_page ocr_carea ocr_par ocr_line ocrx_word'/>
</head>
<body>
  <div class='ocr_page' id='page_1' title='image "./liturgiarumorie00unkngoog/liturgiarumorie00unkngoog_0632.png"; bbox 0 0 4525 6034; ppageno 0'>
   <div class='ocr_carea' id='block_1_1' title="bbox 684 572 1932 652">
    <p class='ocr_par' dir='ltr' id='par_1_1' title="bbox 684 572 1932 652">
     <span class='ocr_line' id='line_1_1' title="bbox 684 572 1932 652; baseline 0.002 -4"><span class='ocrx_word' id='word_1_1' title='bbox 684 575 762 649; x_wconf 87' lang='grc'>468</span> <span class='ocrx_word' id='word_1_2' title='bbox 815 572 1124 651; x_wconf 77' lang='lat' dir='ltr'>oesntvtttotus</span> <span class='ocrx_word' id='word_1_3' title='bbox 1138 574 1191 650; x_wconf 81' lang='lat' dir='ltr'>AD</span> <span class='ocrx_word' id='word_1_4' title='bbox 1208 572 1387 650; x_wconf 76' lang='lat' dir='ltr'><strong>OFFICIUM</strong></span> <span class='ocrx_word' id='word_1_5' title='bbox 1403 573 1527 652; x_wconf 75' lang='lat' dir='ltr'>ouum.</span> <span class='ocrx_word' id='word_1_6' title='bbox 1544 575 1653 651; x_wconf 81' lang='lat' dir='ltr'><strong>PATR.</strong></span> <span class='ocrx_word' id='word_1_7' title='bbox 1670 573 1932 651; x_wconf 78' lang='lat' dir='ltr'>ttutmutttttt.</span> 
     </span>
    </p>
   </div>
   <div class='ocr_carea' id='block_1_2' title="bbox 358 754 2054 4109">
    <p class='ocr_par' dir='ltr' id='par_1_2' title="bbox 684 754 2041 1234">
     <span class='ocr_line' id='line_1_2' title="bbox 685 754 2037 842; baseline 0.002 -22"><span class='ocrx_word' id='word_1_8' title='bbox 685 758 781 839; x_wconf 87' lang='lat' dir='ltr'>magis</span> <span class='ocrx_word' id='word_1_9' title='bbox 805 757 842 819; x_wconf 88' lang='lat' dir='ltr'>ad</span> <span class='ocrx_word' id='word_1_10' title='bbox 871 773 1058 818; x_wconf 89' lang='lat' dir='ltr'>communem</span> <span class='ocrx_word' id='word_1_11' title='bbox 1081 754 1319 820; x_wconf 86' lang='lat' dir='ltr'>Christianorum</span> <span class='ocrx_word' id='word_1_12' title='bbox 1343 755 1531 838; x_wconf 86' lang='lat' dir='ltr'>Coptitarum</span> <span class='ocrx_word' id='word_1_13' title='bbox 1559 777 1625 822; x_wconf 88' lang='lat' dir='ltr'>rem</span> <span class='ocrx_word' id='word_1_14' title='bbox 1653 756 1843 842; x_wconf 69' lang='lat' dir='ltr'>pertinebat,</span> <span class='ocrx_word' id='word_1_15' title='bbox 1874 776 1956 839; x_wconf 88' lang='lat' dir='ltr'>quarn</span> <span class='ocrx_word' id='word_1_16' title='bbox 1982 760 2037 841; x_wconf 85' lang='lat' dir='ltr'>ejus</span> 
     </span>
     <span class='ocr_line' id='line_1_3' title="bbox 685 854 2040 938; baseline 0.001 -19"><span class='ocrx_word' id='word_1_17' title='bbox 685 857 871 938; x_wconf 80' lang='lat' dir='ltr'>designatio,</span> <span class='ocrx_word' id='word_1_18' title='bbox 896 857 947 935; x_wconf 90' lang='lat' dir='ltr'>qui</span> <span class='ocrx_word' id='word_1_19' title='bbox 970 854 1099 916; x_wconf 91' lang='lat' dir='ltr'>omnium</span> <span class='ocrx_word' id='word_1_20' title='bbox 1122 856 1210 918; x_wconf 88' lang='lat' dir='ltr'>Pater</span> <span class='ocrx_word' id='word_1_21' title='bbox 1233 865 1264 918; x_wconf 87' lang='lat' dir='ltr'>et</span> <span class='ocrx_word' id='word_1_22' title='bbox 1285 874 1445 937; x_wconf 87' lang='lat' dir='ltr'>supremus</span> <span class='ocrx_word' id='word_1_23' title='bbox 1469 874 1625 921; x_wconf 87' lang='lat' dir='ltr'>sacrorum</span> <span class='ocrx_word' id='word_1_24' title='bbox 1649 859 1817 938; x_wconf 88' lang='lat' dir='ltr'>interpres,</span> <span class='ocrx_word' id='word_1_25' title='bbox 1841 875 2040 938; x_wconf 81' lang='lat' dir='ltr'>causarumque</span> 
     </span>
     <span class='ocr_line' id='line_1_4' title="bbox 684 951 2040 1038; baseline 0.001 -20"><span class='ocrx_word' id='word_1_26' title='bbox 684 955 965 1019; x_wconf 88' lang='lat' dir='ltr'>Ecclesiasticarum</span> <span class='ocrx_word' id='word_1_27' title='bbox 983 951 1080 1035; x_wconf 85' lang='lat' dir='ltr'>judex</span> <span class='ocrx_word' id='word_1_28' title='bbox 1102 971 1173 1016; x_wconf 88' lang='lat' dir='ltr'>esse</span> <span class='ocrx_word' id='word_1_29' title='bbox 1195 953 1329 1018; x_wconf 86' lang='lat' dir='ltr'>deberet.</span> <span class='ocrx_word' id='word_1_30' title='bbox 1373 955 1456 1017; x_wconf 91' lang='lat' dir='ltr'>lllam</span> <span class='ocrx_word' id='word_1_31' title='bbox 1479 974 1600 1038; x_wconf 90' lang='lat' dir='ltr'>quoque</span> <span class='ocrx_word' id='word_1_32' title='bbox 1622 966 1724 1021; x_wconf 89' lang='lat' dir='ltr'>notam</span> <span class='ocrx_word' id='word_1_33' title='bbox 1746 955 1883 1019; x_wconf 92' lang='lat' dir='ltr'>omnibus</span> <span class='ocrx_word' id='word_1_34' title='bbox 1906 974 1969 1020; x_wconf 89' lang='lat' dir='ltr'>esse</span> <span class='ocrx_word' id='word_1_35' title='bbox 1989 975 2040 1020; x_wconf 86' lang='lat' dir='ltr'>vo-</span> 
     </span>
     <span class='ocr_line' id='line_1_5' title="bbox 685 1051 2041 1139; baseline 0 -22"><span class='ocrx_word' id='word_1_36' title='bbox 685 1056 824 1132; x_wconf 90' lang='lat' dir='ltr'>luerunt,</span> <span class='ocrx_word' id='word_1_37' title='bbox 854 1053 910 1116; x_wconf 91' lang='lat' dir='ltr'>sed</span> <span class='ocrx_word' id='word_1_38' title='bbox 939 1052 1039 1114; x_wconf 88' lang='lat' dir='ltr'>veteri</span> <span class='ocrx_word' id='word_1_39' title='bbox 1069 1051 1226 1133; x_wconf 82' lang='lat' dir='ltr'>disciplina</span> <span class='ocrx_word' id='word_1_40' title='bbox 1255 1062 1394 1132; x_wconf 86' lang='lat' dir='ltr'>servata,</span> <span class='ocrx_word' id='word_1_41' title='bbox 1425 1073 1483 1135; x_wconf 91' lang='lat' dir='ltr'>per</span> <span class='ocrx_word' id='word_1_42' title='bbox 1505 1056 1785 1137; x_wconf 76' lang='lat' dir='ltr'>interpretationem</span> <span class='ocrx_word' id='word_1_43' title='bbox 1806 1055 1908 1139; x_wconf 85' lang='lat' dir='ltr'>bngua</span> <span class='ocrx_word' id='word_1_44' title='bbox 1927 1056 2041 1138; x_wconf 82' lang='lat' dir='ltr'>vulgari,</span> 
     </span>
     <span class='ocr_line' id='line_1_6' title="bbox 685 1150 1546 1234; baseline 0.005 -19"><span class='ocrx_word' id='word_1_45' title='bbox 685 1153 759 1215; x_wconf 87' lang='lat' dir='ltr'>satis</span> <span class='ocrx_word' id='word_1_46' title='bbox 781 1153 898 1215; x_wconf 88' lang='lat' dir='ltr'>utilitati</span> <span class='ocrx_word' id='word_1_47' title='bbox 920 1150 1018 1233; x_wconf 84' lang='lat' dir='ltr'>plebis</span> <span class='ocrx_word' id='word_1_48' title='bbox 1041 1152 1210 1214; x_wconf 90' lang='lat' dir='ltr'>consultum</span> <span class='ocrx_word' id='word_1_49' title='bbox 1233 1170 1304 1215; x_wconf 89' lang='lat' dir='ltr'>esse</span> <span class='ocrx_word' id='word_1_50' title='bbox 1322 1153 1546 1234; x_wconf 87' lang='lat' dir='ltr'>judicaverunt.</span> 
     </span>
    </p>

    <p class='ocr_par' dir='ltr' id='par_1_3' title="bbox 683 1250 2047 1928">
     <span class='ocr_line' id='line_1_7' title="bbox 773 1250 2043 1335; baseline 0.002 -22"><span class='ocrx_word' id='word_1_51' title='bbox 773 1252 857 1324; x_wconf 86' lang='lat' dir='ltr'>Quae</span> <span class='ocrx_word' id='word_1_52' title='bbox 880 1258 1076 1331; x_wconf 87' lang='lat' dir='ltr'>superessent</span> <span class='ocrx_word' id='word_1_53' title='bbox 1100 1250 1302 1326; x_wconf 87' lang='lat' dir='ltr'>observanda,</span> <span class='ocrx_word' id='word_1_54' title='bbox 1325 1271 1392 1314; x_wconf 94' lang='lat' dir='ltr'>cum</span> <span class='ocrx_word' id='word_1_55' title='bbox 1414 1271 1475 1315; x_wconf 92' lang='lat' dir='ltr'>non</span> <span class='ocrx_word' id='word_1_56' title='bbox 1486 1253 1701 1317; x_wconf 84' lang='lat' dir='ltr'>Alexandrinis</span> <span class='ocrx_word' id='word_1_57' title='bbox 1723 1251 1889 1335; x_wconf 83' lang='lat' dir='ltr'>singularia</span> <span class='ocrx_word' id='word_1_58' title='bbox 1910 1254 1975 1328; x_wconf 90' lang='lat' dir='ltr'>sint,</span> <span class='ocrx_word' id='word_1_59' title='bbox 1995 1252 2043 1315; x_wconf 88' lang='lat' dir='ltr'>scd</span> 
     </span>
     <span class='ocr_line' id='line_1_8' title="bbox 684 1348 2044 1432; baseline 0.004 -21"><span class='ocrx_word' id='word_1_60' title='bbox 684 1350 906 1412; x_wconf 86' lang='lat' dir='ltr'>Pontificalibus</span> <span class='ocrx_word' id='word_1_61' title='bbox 930 1348 1168 1430; x_wconf 89' lang='lat' dir='ltr'>quibuscumque</span> <span class='ocrx_word' id='word_1_62' title='bbox 1191 1348 1437 1414; x_wconf 74' lang='lat' dir='ltr'>ordinationibus</span> <span class='ocrx_word' id='word_1_63' title='bbox 1461 1354 1646 1429; x_wconf 87' lang='lat' dir='ltr'>communia,</span> <span class='ocrx_word' id='word_1_64' title='bbox 1675 1352 1955 1432; x_wconf 85' lang='lat' dir='ltr'>praetermittimus,</span> <span class='ocrx_word' id='word_1_65' title='bbox 1982 1352 2044 1431; x_wconf 88' lang='lat' dir='ltr'>quia</span> 
     </span>
     <span class='ocr_line' id='line_1_9' title="bbox 683 1447 2043 1529; baseline 0.003 -19"><span class='ocrx_word' id='word_1_66' title='bbox 683 1466 740 1511; x_wconf 91' lang='lat' dir='ltr'>suo</span> <span class='ocrx_word' id='word_1_67' title='bbox 763 1449 832 1512; x_wconf 89' lang='lat' dir='ltr'>loco</span> <span class='ocrx_word' id='word_1_68' title='bbox 856 1449 1026 1511; x_wconf 86' lang='lat' dir='ltr'>accuratius</span> <span class='ocrx_word' id='word_1_69' title='bbox 1050 1447 1290 1529; x_wconf 88' lang='lat' dir='ltr'>explicabuntur.</span> <span class='ocrx_word' id='word_1_70' title='bbox 1325 1450 1371 1513; x_wconf 89' lang='lat' dir='ltr'>De</span> <span class='ocrx_word' id='word_1_71' title='bbox 1384 1453 1528 1515; x_wconf 89' lang='lat' dir='ltr'>unctione</span> <span class='ocrx_word' id='word_1_72' title='bbox 1549 1450 1739 1514; x_wconf 89' lang='lat' dir='ltr'>Patriarcbae</span> <span class='ocrx_word' id='word_1_73' title='bbox 1763 1449 1959 1513; x_wconf 79' lang='lat' dir='ltr'>Alexandrini</span> <span class='ocrx_word' id='word_1_74' title='bbox 1979 1450 2043 1514; x_wconf 90' lang='lat' dir='ltr'>nibil</span> 
     </span>
     <span class='ocr_line' id='line_1_10' title="bbox 683 1546 2045 1634; baseline 0.003 -25"><span class='ocrx_word' id='word_1_75' title='bbox 683 1548 715 1609; x_wconf 93' lang='lat' dir='ltr'>in</span> <span class='ocrx_word' id='word_1_76' title='bbox 737 1547 795 1610; x_wconf 91' lang='lat' dir='ltr'>boc</span> <span class='ocrx_word' id='word_1_77' title='bbox 818 1546 982 1611; x_wconf 86' lang='lat' dir='ltr'>Pontificali</span> <span class='ocrx_word' id='word_1_78' title='bbox 1005 1546 1233 1627; x_wconf 87' lang='lat' dir='ltr'>praescribitur,</span> <span class='ocrx_word' id='word_1_79' title='bbox 1257 1556 1288 1610; x_wconf 88' lang='lat' dir='ltr'>et</span> <span class='ocrx_word' id='word_1_80' title='bbox 1311 1566 1385 1610; x_wconf 94' lang='lat' dir='ltr'>sane</span> <span class='ocrx_word' id='word_1_81' title='bbox 1406 1550 1487 1612; x_wconf 90' lang='lat' dir='ltr'>illam</span> <span class='ocrx_word' id='word_1_82' title='bbox 1509 1551 1650 1634; x_wconf 86' lang='lat' dir='ltr'>ignorant</span> <span class='ocrx_word' id='word_1_83' title='bbox 1672 1548 1855 1624; x_wconf 88' lang='lat' dir='ltr'>Orientalos,</span> <span class='ocrx_word' id='word_1_84' title='bbox 1878 1552 2045 1613; x_wconf 85' lang='lat' dir='ltr'>nonninus</span> 
     </span>
     <span class='ocr_line' id='line_1_11' title="bbox 683 1645 2045 1728; baseline 0.002 -21"><span class='ocrx_word' id='word_1_85' title='bbox 683 1647 714 1707; x_wconf 91' lang='lat' dir='ltr'>in</span> <span class='ocrx_word' id='word_1_86' title='bbox 741 1645 961 1728; x_wconf 85' lang='lat' dir='ltr'>Episcoporum</span> <span class='ocrx_word' id='word_1_87' title='bbox 991 1663 1079 1727; x_wconf 90' lang='lat' dir='ltr'>quam</span> <span class='ocrx_word' id='word_1_88' title='bbox 1106 1647 1137 1707; x_wconf 93' lang='lat' dir='ltr'>in</span> <span class='ocrx_word' id='word_1_89' title='bbox 1165 1646 1416 1727; x_wconf 80' lang='lat' dir='ltr'>Presbyterorum</span> <span class='ocrx_word' id='word_1_90' title='bbox 1447 1648 1706 1725; x_wconf 80' lang='lat' dir='ltr'>ordinationibus,</span> <span class='ocrx_word' id='word_1_91' title='bbox 1741 1655 1776 1709; x_wconf 93' lang='lat' dir='ltr'>ut</span> <span class='ocrx_word' id='word_1_92' title='bbox 1809 1647 1911 1710; x_wconf 90' lang='lat' dir='ltr'>docuit</span> <span class='ocrx_word' id='word_1_93' title='bbox 1941 1648 2045 1728; x_wconf 88' lang='lat' dir='ltr'>pridem</span> 
     </span>
     <span class='ocr_line' id='line_1_12' title="bbox 683 1744 2047 1827; baseline 0.001 -20"><span class='ocrx_word' id='word_1_94' title='bbox 683 1744 817 1807; x_wconf 85' lang='lat' dir='ltr'>ioannes</span> <span class='ocrx_word' id='word_1_95' title='bbox 846 1745 996 1808; x_wconf 87' lang='lat' dir='ltr'>biorinus:</span> <span class='ocrx_word' id='word_1_96' title='bbox 1026 1763 1125 1825; x_wconf 86' lang='lat' dir='ltr'>neque</span> <span class='ocrx_word' id='word_1_97' title='bbox 1153 1744 1343 1809; x_wconf 86' lang='lat' dir='ltr'>Pontibcales</span> <span class='ocrx_word' id='word_1_98' title='bbox 1373 1747 1441 1810; x_wconf 88' lang='lat' dir='ltr'>libri</span> <span class='ocrx_word' id='word_1_99' title='bbox 1469 1757 1592 1810; x_wconf 89' lang='lat' dir='ltr'>veteres</span> <span class='ocrx_word' id='word_1_100' title='bbox 1623 1755 1674 1810; x_wconf 88' lang='lat' dir='ltr'>aut</span> <span class='ocrx_word' id='word_1_101' title='bbox 1697 1747 1905 1823; x_wconf 87' lang='lat' dir='ltr'>recentiores,</span> <span class='ocrx_word' id='word_1_102' title='bbox 1926 1748 2047 1827; x_wconf 74' lang='lat' dir='ltr'>Symeon</span> 
     </span>
     <span class='ocr_line' id='line_1_13' title="bbox 684 1842 2046 1928; baseline 0.003 -24"><span class='ocrx_word' id='word_1_103' title='bbox 684 1842 965 1907; x_wconf 84' lang='lat' dir='ltr'>Thessalonicensis</span> <span class='ocrx_word' id='word_1_104' title='bbox 994 1851 1045 1906; x_wconf 87' lang='lat' dir='ltr'>aut</span> <span class='ocrx_word' id='word_1_105' title='bbox 1078 1844 1127 1907; x_wconf 92' lang='lat' dir='ltr'>alii</span> <span class='ocrx_word' id='word_1_106' title='bbox 1153 1842 1233 1906; x_wconf 90' lang='lat' dir='ltr'>illius</span> <span class='ocrx_word' id='word_1_107' title='bbox 1263 1846 1475 1923; x_wconf 90' lang='lat' dir='ltr'>meminerunt,</span> <span class='ocrx_word' id='word_1_108' title='bbox 1506 1865 1633 1928; x_wconf 91' lang='lat' dir='ltr'>eamque</span> <span class='ocrx_word' id='word_1_109' title='bbox 1661 1852 1837 1926; x_wconf 88' lang='lat' dir='ltr'>usurpatam</span> <span class='ocrx_word' id='word_1_110' title='bbox 1867 1845 1935 1908; x_wconf 89' lang='lat' dir='ltr'>olim</span> <span class='ocrx_word' id='word_1_111' title='bbox 1961 1845 2046 1908; x_wconf 86' lang='lat' dir='ltr'>luisse</span> 
     </span>
    </p>

    <p class='ocr_par' dir='ltr' id='par_1_4' title="bbox 358 1940 2054 4109">
     <span class='ocr_line' id='line_1_14' title="bbox 393 1940 2047 2027; baseline 0.002 -23"><span class='ocrx_word' id='word_1_112' title='bbox 393 1940 514 1992; x_wconf 76' lang='lat' dir='ltr'>tu.6.0.</span> <span class='ocrx_word' id='word_1_113' title='bbox 528 1942 669 1994; x_wconf 48' lang='lat' dir='ltr'>talesam</span> <span class='ocrx_word' id='word_1_114' title='bbox 684 1951 778 2027; x_wconf 89' lang='lat' dir='ltr'>negat</span> <span class='ocrx_word' id='word_1_115' title='bbox 804 1943 966 2006; x_wconf 81' lang='lat' dir='ltr'>Arcudius.</span> <span class='ocrx_word' id='word_1_116' title='bbox 1010 1943 1087 2006; x_wconf 90' lang='lat' dir='ltr'>Nam</span> <span class='ocrx_word' id='word_1_117' title='bbox 1115 1942 1196 2024; x_wconf 85' lang='lat' dir='ltr'>quod</span> <span class='ocrx_word' id='word_1_118' title='bbox 1227 1942 1364 2007; x_wconf 88' lang='lat' dir='ltr'>dubitare</span> <span class='ocrx_word' id='word_1_119' title='bbox 1394 1947 1478 2007; x_wconf 87' lang='lat' dir='ltr'>visus</span> <span class='ocrx_word' id='word_1_120' title='bbox 1509 1954 1574 2023; x_wconf 91' lang='lat' dir='ltr'>est,</span> <span class='ocrx_word' id='word_1_121' title='bbox 1607 1944 1747 2007; x_wconf 88' lang='lat' dir='ltr'>inductus</span> <span class='ocrx_word' id='word_1_122' title='bbox 1777 1944 1947 2008; x_wconf 87' lang='lat' dir='ltr'>testimonio</span> <span class='ocrx_word' id='word_1_123' title='bbox 1976 1945 2047 2008; x_wconf 91' lang='lat' dir='ltr'>Jobii</span> 
     </span>
     <span class='ocr_line' id='line_1_15' title="bbox 358 2026 2046 2124; baseline -0.001 -18"><span class='ocrx_word' id='word_1_124' title='bbox 358 2026 822 2106; x_wconf 63' lang='lat' dir='ltr'>urdm.tlrercu.o.c.1.p10nachi</span> <span class='ocrx_word' id='word_1_125' title='bbox 845 2043 957 2105; x_wconf 91' lang='lat' dir='ltr'>autoris</span> <span class='ocrx_word' id='word_1_126' title='bbox 981 2042 1118 2121; x_wconf 83' lang='lat' dir='ltr'>obscuri,</span> <span class='ocrx_word' id='word_1_127' title='bbox 1149 2061 1188 2105; x_wconf 90' lang='lat' dir='ltr'>an</span> <span class='ocrx_word' id='word_1_128' title='bbox 1210 2042 1373 2124; x_wconf 89' lang='lat' dir='ltr'>aliquando</span> <span class='ocrx_word' id='word_1_129' title='bbox 1394 2063 1467 2107; x_wconf 92' lang='lat' dir='ltr'>usus</span> <span class='ocrx_word' id='word_1_130' title='bbox 1490 2043 1567 2107; x_wconf 92' lang='lat' dir='ltr'>illius</span> <span class='ocrx_word' id='word_1_131' title='bbox 1596 2044 1704 2121; x_wconf 90' lang='lat' dir='ltr'>luerit,</span> <span class='ocrx_word' id='word_1_132' title='bbox 1734 2044 1857 2105; x_wconf 88' lang='lat' dir='ltr'>nimium</span> <span class='ocrx_word' id='word_1_133' title='bbox 1879 2043 1921 2105; x_wconf 89' lang='lat' dir='ltr'>illi</span> <span class='ocrx_word' id='word_1_134' title='bbox 1943 2043 2046 2121; x_wconf 87' lang='lat' dir='ltr'>tribuit,</span> 
     </span>
     <span class='ocr_line' id='line_1_16' title="bbox 681 2140 2045 2225; baseline -0.001 -21"><span class='ocrx_word' id='word_1_135' title='bbox 681 2143 792 2205; x_wconf 92' lang='lat' dir='ltr'>homini</span> <span class='ocrx_word' id='word_1_136' title='bbox 821 2143 961 2223; x_wconf 87' lang='lat' dir='ltr'>imperito</span> <span class='ocrx_word' id='word_1_137' title='bbox 994 2140 1067 2205; x_wconf 89' lang='lat' dir='ltr'>nibil</span> <span class='ocrx_word' id='word_1_138' title='bbox 1090 2142 1187 2204; x_wconf 90' lang='lat' dir='ltr'>minus</span> <span class='ocrx_word' id='word_1_139' title='bbox 1210 2160 1299 2222; x_wconf 86' lang='lat' dir='ltr'>quam</span> <span class='ocrx_word' id='word_1_140' title='bbox 1321 2142 1496 2225; x_wconf 70' lang='lat' dir='ltr'>theologo,</span> <span class='ocrx_word' id='word_1_141' title='bbox 1527 2151 1558 2206; x_wconf 90' lang='lat' dir='ltr'>et</span> <span class='ocrx_word' id='word_1_142' title='bbox 1586 2160 1675 2224; x_wconf 87' lang='lat' dir='ltr'>quem</span> <span class='ocrx_word' id='word_1_143' title='bbox 1697 2142 1882 2225; x_wconf 82' lang='lat' dir='ltr'>insigniores</span> <span class='ocrx_word' id='word_1_144' title='bbox 1906 2140 2045 2223; x_wconf 77' lang='lat' dir='ltr'>&#39;theologi</span> 
     </span>
     <span class='ocr_line' id='line_1_17' title="bbox 681 2240 2047 2323; baseline -0.004 -19"><span class='ocrx_word' id='word_1_145' title='bbox 681 2249 732 2304; x_wconf 90' lang='lat' dir='ltr'>aut</span> <span class='ocrx_word' id='word_1_146' title='bbox 753 2242 971 2323; x_wconf 85' lang='lat' dir='ltr'>ignoraverunt</span> <span class='ocrx_word' id='word_1_147' title='bbox 994 2247 1044 2303; x_wconf 91' lang='lat' dir='ltr'>aut</span> <span class='ocrx_word' id='word_1_148' title='bbox 1071 2248 1314 2318; x_wconf 86' lang='lat' dir='ltr'>contemserunt,</span> <span class='ocrx_word' id='word_1_149' title='bbox 1343 2259 1410 2304; x_wconf 90' lang='lat' dir='ltr'>cum</span> <span class='ocrx_word' id='word_1_150' title='bbox 1436 2242 1489 2305; x_wconf 83' lang='lat' dir='ltr'>vix</span> <span class='ocrx_word' id='word_1_151' title='bbox 1519 2260 1629 2306; x_wconf 87' lang='lat' dir='ltr'>nomen</span> <span class='ocrx_word' id='word_1_152' title='bbox 1652 2242 1719 2323; x_wconf 91' lang='lat' dir='ltr'>ejus</span> <span class='ocrx_word' id='word_1_153' title='bbox 1741 2243 1771 2303; x_wconf 92' lang='lat' dir='ltr'>in</span> <span class='ocrx_word' id='word_1_154' title='bbox 1794 2241 1914 2303; x_wconf 90' lang='lat' dir='ltr'>illorum</span> <span class='ocrx_word' id='word_1_155' title='bbox 1936 2240 2047 2319; x_wconf 89' lang='lat' dir='ltr'>scriptis</span> 
     </span>
     <span class='ocr_line' id='line_1_18' title="bbox 680 2338 2048 2421; baseline -0.003 -18"><span class='ocrx_word' id='word_1_156' title='bbox 680 2348 831 2403; x_wconf 87' lang='lat' dir='ltr'>occurrat.</span> <span class='ocrx_word' id='word_1_157' title='bbox 876 2339 970 2402; x_wconf 90' lang='lat' dir='ltr'>blulto</span> <span class='ocrx_word' id='word_1_158' title='bbox 992 2338 1135 2415; x_wconf 82' lang='lat' dir='ltr'>inferior,</span> <span class='ocrx_word' id='word_1_159' title='bbox 1166 2340 1216 2403; x_wconf 88' lang='lat' dir='ltr'>vel</span> <span class='ocrx_word' id='word_1_160' title='bbox 1239 2340 1318 2402; x_wconf 92' lang='lat' dir='ltr'>nulla</span> <span class='ocrx_word' id='word_1_161' title='bbox 1342 2343 1441 2421; x_wconf 90' lang='lat' dir='ltr'>potius</span> <span class='ocrx_word' id='word_1_162' title='bbox 1464 2340 1601 2404; x_wconf 89' lang='lat' dir='ltr'>habenda</span> <span class='ocrx_word' id='word_1_163' title='bbox 1624 2348 1671 2403; x_wconf 88' lang='lat' dir='ltr'>est</span> <span class='ocrx_word' id='word_1_164' title='bbox 1694 2340 1839 2402; x_wconf 90' lang='lat' dir='ltr'>autoritas</span> <span class='ocrx_word' id='word_1_165' title='bbox 1863 2338 2048 2420; x_wconf 88' lang='lat' dir='ltr'>perditissimi</span> 
     </span>
     <span class='ocr_line' id='line_1_19' title="bbox 591 2438 2048 2523; baseline -0.004 -20"><span class='ocrx_word' id='word_1_166' title='bbox 591 2497 601 2515; x_wconf 81' lang='grc'>,</span> <span class='ocrx_word' id='word_1_167' title='bbox 679 2439 838 2503; x_wconf 87' lang='lat' dir='ltr'>nebulonis</span> <span class='ocrx_word' id='word_1_168' title='bbox 853 2438 958 2522; x_wconf 80' lang='lat' dir='ltr'>Cyrilli</span> <span class='ocrx_word' id='word_1_169' title='bbox 979 2438 1115 2518; x_wconf 77' lang='lat' dir='ltr'>Lucanis,</span> <span class='ocrx_word' id='word_1_170' title='bbox 1140 2440 1191 2520; x_wconf 88' lang='lat' dir='ltr'>qui</span> <span class='ocrx_word' id='word_1_171' title='bbox 1214 2441 1245 2502; x_wconf 95' lang='lat' dir='ltr'>in</span> <span class='ocrx_word' id='word_1_172' title='bbox 1266 2439 1402 2521; x_wconf 85' lang='lat' dir='ltr'>Epistola</span> <span class='ocrx_word' id='word_1_173' title='bbox 1425 2440 1503 2504; x_wconf 88' lang='lat' dir='ltr'>bene</span> <span class='ocrx_word' id='word_1_174' title='bbox 1526 2441 1618 2523; x_wconf 87' lang='lat' dir='ltr'>longa</span> <span class='ocrx_word' id='word_1_175' title='bbox 1640 2439 1679 2501; x_wconf 93' lang='lat' dir='ltr'>ad</span> <span class='ocrx_word' id='word_1_176' title='bbox 1702 2441 1849 2503; x_wconf 88' lang='lat' dir='ltr'>loannem</span> <span class='ocrx_word' id='word_1_177' title='bbox 1862 2438 2048 2518; x_wconf 87' lang='lat' dir='ltr'>Utenbogar-</span> 
     </span>
     <span class='ocr_line' id='line_1_20' title="bbox 680 2536 2048 2620; baseline -0.002 -20"><span class='ocrx_word' id='word_1_178' title='bbox 680 2539 765 2617; x_wconf 90' lang='lat' dir='ltr'>dum,</span> <span class='ocrx_word' id='word_1_179' title='bbox 795 2538 984 2602; x_wconf 89' lang='lat' dir='ltr'>Patriarcbas</span> <span class='ocrx_word' id='word_1_180' title='bbox 1013 2537 1252 2601; x_wconf 83' lang='lat' dir='ltr'>Alexandrinum</span> <span class='ocrx_word' id='word_1_181' title='bbox 1282 2546 1313 2601; x_wconf 90' lang='lat' dir='ltr'>et</span> <span class='ocrx_word' id='word_1_182' title='bbox 1341 2538 1646 2620; x_wconf 76' lang='lat' dir='ltr'>Hierosolymitanum</span> <span class='ocrx_word' id='word_1_183' title='bbox 1677 2536 1845 2601; x_wconf 70' lang='lat' dir='ltr'>chrismate</span> <span class='ocrx_word' id='word_1_184' title='bbox 1877 2538 1943 2600; x_wconf 82' lang='lat' dir='ltr'>siue</span> <span class='ocrx_word' id='word_1_185' title='bbox 1969 2537 2048 2617; x_wconf 76' lang='lat' dir='ltr'>bipro</span> 
     </span>
     <span class='ocr_line' id='line_1_21' title="bbox 677 2636 2047 2722; baseline -0.004 -22"><span class='ocrx_word' id='word_1_186' title='bbox 677 2639 754 2722; x_wconf 75' lang='lat' dir='ltr'>&#39;ungi</span> <span class='ocrx_word' id='word_1_187' title='bbox 781 2637 883 2701; x_wconf 88' lang='lat' dir='ltr'>solere</span> <span class='ocrx_word' id='word_1_188' title='bbox 913 2645 1039 2701; x_wconf 89' lang='lat' dir='ltr'>testatus</span> <span class='ocrx_word' id='word_1_189' title='bbox 1070 2644 1126 2701; x_wconf 90' lang='lat' dir='ltr'>est.</span> <span class='ocrx_word' id='word_1_190' title='bbox 1172 2637 1255 2699; x_wconf 92' lang='lat' dir='ltr'>lllam</span> <span class='ocrx_word' id='word_1_191' title='bbox 1287 2637 1452 2719; x_wconf 89' lang='lat' dir='ltr'>Epistolam</span> <span class='ocrx_word' id='word_1_192' title='bbox 1483 2639 1570 2720; x_wconf 90' lang='lat' dir='ltr'>cujus</span> <span class='ocrx_word' id='word_1_193' title='bbox 1601 2636 1740 2717; x_wconf 85' lang='lat' dir='ltr'>exempla</span> <span class='ocrx_word' id='word_1_194' title='bbox 1770 2637 1821 2699; x_wconf 92' lang='lat' dir='ltr'>diu</span> <span class='ocrx_word' id='word_1_195' title='bbox 1849 2637 1931 2698; x_wconf 87' lang='lat' dir='ltr'>inter</span> <span class='ocrx_word' id='word_1_196' title='bbox 1952 2650 2047 2696; x_wconf 77' lang='lat' dir='ltr'>menits</span> 
     </span>
     <span class='ocr_line' id='line_1_22' title="bbox 679 2735 2050 2818; baseline -0.003 -20"><span class='ocrx_word' id='word_1_197' title='bbox 679 2737 911 2800; x_wconf 87' lang='lat' dir='ltr'>Protestantium</span> <span class='ocrx_word' id='word_1_198' title='bbox 930 2738 1042 2818; x_wconf 89' lang='lat' dir='ltr'>jactata</span> <span class='ocrx_word' id='word_1_199' title='bbox 1065 2745 1150 2816; x_wconf 89' lang='lat' dir='ltr'>sunt,</span> <span class='ocrx_word' id='word_1_200' title='bbox 1181 2745 1250 2799; x_wconf 91' lang='lat' dir='ltr'>ante</span> <span class='ocrx_word' id='word_1_201' title='bbox 1278 2737 1387 2800; x_wconf 92' lang='lat' dir='ltr'>multos</span> <span class='ocrx_word' id='word_1_202' title='bbox 1411 2755 1506 2800; x_wconf 91' lang='lat' dir='ltr'>annos</span> <span class='ocrx_word' id='word_1_203' title='bbox 1529 2737 1657 2816; x_wconf 87' lang='lat' dir='ltr'>editam,</span> <span class='ocrx_word' id='word_1_204' title='bbox 1688 2737 1768 2798; x_wconf 88' lang='lat' dir='ltr'>inter</span> <span class='ocrx_word' id='word_1_205' title='bbox 1798 2735 1875 2798; x_wconf 89' lang='lat' dir='ltr'>alias</span> <span class='ocrx_word' id='word_1_206' title='bbox 1898 2735 2050 2798; x_wconf 87' lang='lat' dir='ltr'>illustrium</span> 
     </span>
     <span class='ocr_line' id='line_1_23' title="bbox 679 2832 2048 2918; baseline -0.004 -19"><span class='ocrx_word' id='word_1_207' title='bbox 679 2837 830 2916; x_wconf 88' lang='lat' dir='ltr'>Virorum,</span> <span class='ocrx_word' id='word_1_208' title='bbox 852 2845 992 2918; x_wconf 86' lang='lat' dir='ltr'>tanquam</span> <span class='ocrx_word' id='word_1_209' title='bbox 1014 2854 1135 2914; x_wconf 87' lang='lat' dir='ltr'>novam,</span> <span class='ocrx_word' id='word_1_210' title='bbox 1158 2845 1188 2899; x_wconf 87' lang='lat' dir='ltr'>et</span> <span class='ocrx_word' id='word_1_211' title='bbox 1211 2855 1251 2898; x_wconf 81' lang='lat' dir='ltr'>ox</span> <span class='ocrx_word' id='word_1_212' title='bbox 1273 2835 1443 2899; x_wconf 86' lang='lat' dir='ltr'>authentico</span> <span class='ocrx_word' id='word_1_213' title='bbox 1459 2836 1640 2918; x_wconf 90' lang='lat' dir='ltr'>descriptam</span> <span class='ocrx_word' id='word_1_214' title='bbox 1659 2853 1756 2915; x_wconf 90' lang='lat' dir='ltr'>nuper</span> <span class='ocrx_word' id='word_1_215' title='bbox 1771 2834 1938 2916; x_wconf 87' lang='lat' dir='ltr'>publicavit</span> <span class='ocrx_word' id='word_1_216' title='bbox 1949 2832 2048 2911; x_wconf 80' lang='lat' dir='ltr'>Autor,</span> 
     </span>
     <span class='ocr_line' id='line_1_24' title="bbox 678 2933 2050 3019; baseline -0.004 -19"><span class='ocrx_word' id='word_1_217' title='bbox 678 2939 705 3000; x_wconf 90' lang='lat' dir='ltr'>si</span> <span class='ocrx_word' id='word_1_218' title='bbox 735 2937 802 3018; x_wconf 88' lang='lat' dir='ltr'>quis</span> <span class='ocrx_word' id='word_1_219' title='bbox 829 2953 959 3017; x_wconf 87' lang='lat' dir='ltr'>unquam</span> <span class='ocrx_word' id='word_1_220' title='bbox 989 2936 1044 2999; x_wconf 83' lang='lat' dir='ltr'>luit</span> <span class='ocrx_word' id='word_1_221' title='bbox 1071 2936 1310 3019; x_wconf 88' lang='lat' dir='ltr'>imperitissimus</span> <span class='ocrx_word' id='word_1_222' title='bbox 1333 2935 1518 2999; x_wconf 86' lang='lat' dir='ltr'>Graecarum</span> <span class='ocrx_word' id='word_1_223' title='bbox 1545 2954 1648 2999; x_wconf 91' lang='lat' dir='ltr'>rerum</span> <span class='ocrx_word' id='word_1_224' title='bbox 1676 2933 1975 3011; x_wconf 86' lang='lat' dir='ltr'>Ecclesiasticarum,</span> <span class='ocrx_word' id='word_1_225' title='bbox 2004 2933 2050 3013; x_wconf 88' lang='lat' dir='ltr'>qui</span> 
     </span>
     <span class='ocr_line' id='line_1_25' title="bbox 678 3029 2050 3118; baseline -0.006 -19"><span class='ocrx_word' id='word_1_226' title='bbox 678 3034 837 3118; x_wconf 89' lang='lat' dir='ltr'>splendido</span> <span class='ocrx_word' id='word_1_227' title='bbox 859 3035 1117 3098; x_wconf 71' lang='lat' dir='ltr'>documentorum</span> <span class='ocrx_word' id='word_1_228' title='bbox 1140 3035 1378 3098; x_wconf 66' lang='lat' dir='ltr'>autemeam</span> <span class='ocrx_word' id='word_1_229' title='bbox 1400 3035 1486 3098; x_wconf 90' lang='lat' dir='ltr'>titulo</span> <span class='ocrx_word' id='word_1_230' title='bbox 1509 3035 1692 3117; x_wconf 79' lang='lat' dir='ltr'>farraginem</span> <span class='ocrx_word' id='word_1_231' title='bbox 1714 3051 1799 3095; x_wconf 89' lang='lat' dir='ltr'>suam</span> <span class='ocrx_word' id='word_1_232' title='bbox 1821 3034 1984 3113; x_wconf 87' lang='lat' dir='ltr'>inscripsit.</span> <span class='ocrx_word' id='word_1_233' title='bbox 2019 3029 2050 3092; x_wconf 93' lang='lat' dir='ltr'>ln</span> 
     </span>
     <span class='ocr_line' id='line_1_26' title="bbox 678 3132 2052 3216; baseline -0.005 -17"><span class='ocrx_word' id='word_1_234' title='bbox 678 3133 782 3199; x_wconf 84' lang='lat' dir='ltr'>eadem</span> <span class='ocrx_word' id='word_1_235' title='bbox 805 3134 897 3198; x_wconf 89' lang='lat' dir='ltr'>multa</span> <span class='ocrx_word' id='word_1_236' title='bbox 919 3141 990 3197; x_wconf 90' lang='lat' dir='ltr'>sunt</span> <span class='ocrx_word' id='word_1_237' title='bbox 1012 3152 1109 3214; x_wconf 83' lang='lat' dir='ltr'>aeque</span> <span class='ocrx_word' id='word_1_238' title='bbox 1131 3134 1217 3214; x_wconf 79' lang='lat' dir='ltr'>laba,</span> <span class='ocrx_word' id='word_1_239' title='bbox 1242 3153 1319 3215; x_wconf 87' lang='lat' dir='ltr'>quae</span> <span class='ocrx_word' id='word_1_240' title='bbox 1337 3153 1480 3197; x_wconf 88' lang='lat' dir='ltr'>summam</span> <span class='ocrx_word' id='word_1_241' title='bbox 1492 3134 1596 3216; x_wconf 78' lang='lat' dir='ltr'>cyrilli</span> <span class='ocrx_word' id='word_1_242' title='bbox 1611 3132 1812 3216; x_wconf 80' lang='lat' dir='ltr'>ignorantiam</span> <span class='ocrx_word' id='word_1_243' title='bbox 1831 3134 1907 3194; x_wconf 91' lang='lat' dir='ltr'>satis</span> <span class='ocrx_word' id='word_1_244' title='bbox 1931 3133 2052 3194; x_wconf 89' lang='lat' dir='ltr'>demon·</span> 
     </span>
     <span class='ocr_line' id='line_1_27' title="bbox 678 3229 2052 3316; baseline -0.004 -20"><span class='ocrx_word' id='word_1_245' title='bbox 678 3241 790 3313; x_wconf 88' lang='lat' dir='ltr'>strant,</span> <span class='ocrx_word' id='word_1_246' title='bbox 822 3235 908 3316; x_wconf 82' lang='lat' dir='ltr'>cujus</span> <span class='ocrx_word' id='word_1_247' title='bbox 934 3234 1130 3316; x_wconf 91' lang='lat' dir='ltr'>probationes</span> <span class='ocrx_word' id='word_1_248' title='bbox 1161 3237 1344 3299; x_wconf 87' lang='lat' dir='ltr'>certissimas</span> <span class='ocrx_word' id='word_1_249' title='bbox 1375 3235 1510 3298; x_wconf 91' lang='lat' dir='ltr'>dedimus</span> <span class='ocrx_word' id='word_1_250' title='bbox 1534 3234 1614 3296; x_wconf 91' lang='lat' dir='ltr'>alibi.</span> <span class='ocrx_word' id='word_1_251' title='bbox 1661 3232 1735 3296; x_wconf 86' lang='lat' dir='ltr'>Cum</span> <span class='ocrx_word' id='word_1_252' title='bbox 1758 3250 1833 3294; x_wconf 89' lang='lat' dir='ltr'>vero</span> <span class='ocrx_word' id='word_1_253' title='bbox 1857 3231 1898 3293; x_wconf 92' lang='lat' dir='ltr'>ad</span> <span class='ocrx_word' id='word_1_254' title='bbox 1920 3229 2052 3293; x_wconf 89' lang='lat' dir='ltr'>Utenbo-</span> 
     </span>
     <span class='ocr_line' id='line_1_28' title="bbox 677 3330 2051 3417; baseline -0.005 -20"><span class='ocrx_word' id='word_1_255' title='bbox 677 3334 803 3417; x_wconf 86' lang='lat' dir='ltr'>gardam</span> <span class='ocrx_word' id='word_1_256' title='bbox 816 3333 977 3413; x_wconf 86' lang='lat' dir='ltr'>scriberet,</span> <span class='ocrx_word' id='word_1_257' title='bbox 1001 3334 1213 3398; x_wconf 89' lang='lat' dir='ltr'>Calvinismum</span> <span class='ocrx_word' id='word_1_258' title='bbox 1228 3336 1269 3398; x_wconf 91' lang='lat' dir='ltr'>ita</span> <span class='ocrx_word' id='word_1_259' title='bbox 1292 3336 1400 3398; x_wconf 87' lang='lat' dir='ltr'>leviter</span> <span class='ocrx_word' id='word_1_260' title='bbox 1422 3336 1650 3416; x_wconf 84' lang='lat' dir='ltr'>degustaverat,</span> <span class='ocrx_word' id='word_1_261' title='bbox 1673 3332 1759 3393; x_wconf 92' lang='lat' dir='ltr'>utin</span> <span class='ocrx_word' id='word_1_262' title='bbox 1781 3331 1883 3393; x_wconf 86' lang='lat' dir='ltr'>multis</span> <span class='ocrx_word' id='word_1_263' title='bbox 1899 3330 2051 3393; x_wconf 89' lang='lat' dir='ltr'>Ecclesiae</span> 
     </span>
     <span class='ocr_line' id='line_1_29' title="bbox 678 3429 2051 3514; baseline -0.004 -19"><span class='ocrx_word' id='word_1_264' title='bbox 678 3433 815 3496; x_wconf 86' lang='lat' dir='ltr'>Graecae</span> <span class='ocrx_word' id='word_1_265' title='bbox 836 3431 924 3495; x_wconf 90' lang='lat' dir='ltr'>fidem</span> <span class='ocrx_word' id='word_1_266' title='bbox 947 3440 1099 3513; x_wconf 88' lang='lat' dir='ltr'>tueretur,</span> <span class='ocrx_word' id='word_1_267' title='bbox 1130 3434 1162 3496; x_wconf 93' lang='lat' dir='ltr'>in</span> <span class='ocrx_word' id='word_1_268' title='bbox 1189 3432 1248 3497; x_wconf 88' lang='lat' dir='ltr'>illis</span> <span class='ocrx_word' id='word_1_269' title='bbox 1271 3435 1399 3497; x_wconf 87' lang='lat' dir='ltr'>maxime</span> <span class='ocrx_word' id='word_1_270' title='bbox 1427 3433 1536 3509; x_wconf 90' lang='lat' dir='ltr'>rebus,</span> <span class='ocrx_word' id='word_1_271' title='bbox 1567 3449 1645 3514; x_wconf 85' lang='lat' dir='ltr'>quae</span> <span class='ocrx_word' id='word_1_272' title='bbox 1673 3429 1916 3493; x_wconf 89' lang='lat' dir='ltr'>Protestantibus</span> <span class='ocrx_word' id='word_1_273' title='bbox 1946 3443 2051 3513; x_wconf 84' lang='lat' dir='ltr'>graves</span> 
     </span>
     <span class='ocr_line' id='line_1_30' title="bbox 678 3529 2051 3611; baseline -0.004 -18"><span class='ocrx_word' id='word_1_274' title='bbox 678 3530 756 3593; x_wconf 88' lang='lat' dir='ltr'>adeo</span> <span class='ocrx_word' id='word_1_275' title='bbox 763 3530 915 3611; x_wconf 91' lang='lat' dir='ltr'>judicatae</span> <span class='ocrx_word' id='word_1_276' title='bbox 927 3540 1006 3610; x_wconf 91' lang='lat' dir='ltr'>sunt,</span> <span class='ocrx_word' id='word_1_277' title='bbox 1030 3540 1063 3594; x_wconf 93' lang='lat' dir='ltr'>ut</span> <span class='ocrx_word' id='word_1_278' title='bbox 1085 3532 1250 3596; x_wconf 89' lang='lat' dir='ltr'>secedendi</span> <span class='ocrx_word' id='word_1_279' title='bbox 1266 3532 1303 3595; x_wconf 92' lang='lat' dir='ltr'>ab</span> <span class='ocrx_word' id='word_1_280' title='bbox 1317 3533 1455 3597; x_wconf 86' lang='lat' dir='ltr'>Ecclesia</span> <span class='ocrx_word' id='word_1_281' title='bbox 1468 3530 1622 3595; x_wconf 83' lang='lat' dir='ltr'>Catholica</span> <span class='ocrx_word' id='word_1_282' title='bbox 1640 3547 1772 3607; x_wconf 89' lang='lat' dir='ltr'>causam,</span> <span class='ocrx_word' id='word_1_283' title='bbox 1789 3539 1820 3591; x_wconf 92' lang='lat' dir='ltr'>ut</span> <span class='ocrx_word' id='word_1_284' title='bbox 1833 3529 2051 3604; x_wconf 78' lang='lat' dir='ltr'>existimabant,</span> 
     </span>
     <span class='ocr_line' id='line_1_31' title="bbox 678 3628 2052 3714; baseline -0.004 -21"><span class='ocrx_word' id='word_1_285' title='bbox 678 3628 872 3693; x_wconf 83' lang='lat' dir='ltr'>subicientem</span> <span class='ocrx_word' id='word_1_286' title='bbox 895 3630 1041 3693; x_wconf 86' lang='lat' dir='ltr'>dederint.</span> <span class='ocrx_word' id='word_1_287' title='bbox 1085 3631 1148 3695; x_wconf 88' lang='lat' dir='ltr'>illis</span> <span class='ocrx_word' id='word_1_288' title='bbox 1170 3634 1201 3695; x_wconf 92' lang='lat' dir='ltr'>in</span> <span class='ocrx_word' id='word_1_289' title='bbox 1223 3632 1298 3696; x_wconf 88' lang='lat' dir='ltr'>locis</span> <span class='ocrx_word' id='word_1_290' title='bbox 1321 3633 1448 3696; x_wconf 89' lang='lat' dir='ltr'>lacunae</span> <span class='ocrx_word' id='word_1_291' title='bbox 1470 3632 1574 3714; x_wconf 87' lang='lat' dir='ltr'>plures</span> <span class='ocrx_word' id='word_1_292' title='bbox 1598 3635 1777 3706; x_wconf 87' lang='lat' dir='ltr'>occurrunt,</span> <span class='ocrx_word' id='word_1_293' title='bbox 1801 3646 1865 3691; x_wconf 92' lang='lat' dir='ltr'>non</span> <span class='ocrx_word' id='word_1_294' title='bbox 1889 3630 1929 3691; x_wconf 89' lang='lat' dir='ltr'>ab</span> <span class='ocrx_word' id='word_1_295' title='bbox 1952 3635 2052 3691; x_wconf 75' lang='lat' dir='ltr'>aumre</span> 
     </span>
     <span class='ocr_line' id='line_1_32' title="bbox 678 3726 2051 3814; baseline -0.004 -22"><span class='ocrx_word' id='word_1_296' title='bbox 678 3738 729 3792; x_wconf 90' lang='lat' dir='ltr'>aut</span> <span class='ocrx_word' id='word_1_297' title='bbox 751 3746 834 3805; x_wconf 88' lang='lat' dir='ltr'>casu,</span> <span class='ocrx_word' id='word_1_298' title='bbox 856 3729 912 3792; x_wconf 87' lang='lat' dir='ltr'>sed</span> <span class='ocrx_word' id='word_1_299' title='bbox 927 3737 1013 3793; x_wconf 89' lang='lat' dir='ltr'>certo</span> <span class='ocrx_word' id='word_1_300' title='bbox 1031 3731 1157 3795; x_wconf 89' lang='lat' dir='ltr'>consilio</span> <span class='ocrx_word' id='word_1_301' title='bbox 1180 3732 1367 3813; x_wconf 83' lang='lat' dir='ltr'>interjectae,</span> <span class='ocrx_word' id='word_1_302' title='bbox 1391 3749 1471 3814; x_wconf 85' lang='lat' dir='ltr'>quae</span> <span class='ocrx_word' id='word_1_303' title='bbox 1492 3730 1600 3793; x_wconf 86' lang='lat' dir='ltr'>malam</span> <span class='ocrx_word' id='word_1_304' title='bbox 1622 3727 1710 3791; x_wconf 87' lang='lat' dir='ltr'>fidem</span> <span class='ocrx_word' id='word_1_305' title='bbox 1733 3727 1887 3793; x_wconf 87' lang='lat' dir='ltr'>editorum</span> <span class='ocrx_word' id='word_1_306' title='bbox 1910 3729 1985 3790; x_wconf 88' lang='lat' dir='ltr'>satis</span> <span class='ocrx_word' id='word_1_307' title='bbox 2005 3726 2051 3786; x_wconf 90' lang='lat' dir='ltr'>in-</span> 
     </span>
     <span class='ocr_line' id='line_1_33' title="bbox 679 3826 2052 3912; baseline -0.003 -21"><span class='ocrx_word' id='word_1_308' title='bbox 679 3829 787 3892; x_wconf 89' lang='lat' dir='ltr'>dicant.</span> <span class='ocrx_word' id='word_1_309' title='bbox 833 3826 908 3891; x_wconf 84' lang='lat' dir='ltr'>Cum</span> <span class='ocrx_word' id='word_1_310' title='bbox 929 3845 1004 3891; x_wconf 87' lang='lat' dir='ltr'>vero</span> <span class='ocrx_word' id='word_1_311' title='bbox 1027 3828 1134 3910; x_wconf 75' lang='lat' dir='ltr'>cyrilli</span> <span class='ocrx_word' id='word_1_312' title='bbox 1157 3830 1358 3912; x_wconf 85' lang='lat' dir='ltr'>ignorantiam</span> <span class='ocrx_word' id='word_1_313' title='bbox 1390 3832 1459 3894; x_wconf 92' lang='lat' dir='ltr'>alibi</span> <span class='ocrx_word' id='word_1_314' title='bbox 1489 3829 1581 3892; x_wconf 89' lang='lat' dir='ltr'>certis</span> <span class='ocrx_word' id='word_1_315' title='bbox 1612 3828 1797 3910; x_wconf 88' lang='lat' dir='ltr'>argumentis</span> <span class='ocrx_word' id='word_1_316' title='bbox 1820 3826 2052 3890; x_wconf 82' lang='lat' dir='ltr'>demonstrare-</span> 
     </span>
     <span class='ocr_line' id='line_1_34' title="bbox 680 3926 2054 4014; baseline -0.003 -24"><span class='ocrx_word' id='word_1_317' title='bbox 680 3930 783 4006; x_wconf 90' lang='lat' dir='ltr'>rimus,</span> <span class='ocrx_word' id='word_1_318' title='bbox 806 3928 936 3990; x_wconf 86' lang='lat' dir='ltr'>maxime</span> <span class='ocrx_word' id='word_1_319' title='bbox 951 3928 982 3989; x_wconf 92' lang='lat' dir='ltr'>iu</span> <span class='ocrx_word' id='word_1_320' title='bbox 999 3927 1092 3991; x_wconf 91' lang='lat' dir='ltr'>rebus</span> <span class='ocrx_word' id='word_1_321' title='bbox 1115 3931 1343 4014; x_wconf 85' lang='lat' dir='ltr'>vulgatissimis,</span> <span class='ocrx_word' id='word_1_322' title='bbox 1365 3949 1405 3993; x_wconf 89' lang='lat' dir='ltr'>ne</span> <span class='ocrx_word' id='word_1_323' title='bbox 1427 3930 1479 3994; x_wconf 88' lang='lat' dir='ltr'>tali</span> <span class='ocrx_word' id='word_1_324' title='bbox 1502 3928 1663 3992; x_wconf 88' lang='lat' dir='ltr'>autoritate</span> <span class='ocrx_word' id='word_1_325' title='bbox 1685 3926 1841 4007; x_wconf 86' lang='lat' dir='ltr'>quisquam</span> <span class='ocrx_word' id='word_1_326' title='bbox 1865 3927 1898 3989; x_wconf 92' lang='lat' dir='ltr'>in</span> <span class='ocrx_word' id='word_1_327' title='bbox 1921 3941 2054 3989; x_wconf 88' lang='lat' dir='ltr'>errorem</span> 
     </span>
     <span class='ocr_line' id='line_1_35' title="bbox 680 4027 1231 4109; baseline 0.009 -20"><span class='ocrx_word' id='word_1_328' title='bbox 680 4027 856 4109; x_wconf 90' lang='lat' dir='ltr'>inducatur,</span> <span class='ocrx_word' id='word_1_329' title='bbox 878 4047 939 4092; x_wconf 93' lang='lat' dir='ltr'>non</span> <span class='ocrx_word' id='word_1_330' title='bbox 962 4038 1009 4092; x_wconf 88' lang='lat' dir='ltr'>est</span> <span class='ocrx_word' id='word_1_331' title='bbox 1030 4031 1231 4094; x_wconf 88' lang='lat' dir='ltr'>metuendum.</span> 
     </span>
    </p>
   </div>
   <div class='ocr_carea' id='block_1_3' title="bbox 0 0 2284 6034">
    <p class='ocr_par' dir='ltr' id='par_1_5' title="bbox 0 0 2284 6034">
     <span class='ocr_line' id='line_1_36' title="bbox 0 0 2284 6034; baseline 0 0"><span class='ocrx_word' id='word_1_332' title='bbox 0 0 2284 6034; x_wconf 95' lang='lat' dir='ltr'> </span> 
     </span>
    </p>
   </div>
  </div>
 </body>
</html>
