4525 6034
440 558 491 635 bn
508 554 751 634 COPIITARUM
766 550 1114 631 XIEXXIIDRINORUII
1126 550 1323 627 LllllllGllS'.
1427 544 1571 618 LXXXI

208 750 311 835 serie,
336 748 410 819 sire
435 748 471 816 in
496 743 552 817 illa
578 753 692 840 parte,
720 764 784 837 qna
811 744 930 813 rituum
948 737 1236 812 observandorum
1252 736 1360 811 forma
1374 740 1572 828 continetur,

207 874 242 935 et
267 885 358 959 qurum
385 860 650 934 caeremoniales
675 858 752 932 libri
778 859 884 931 nostri
918 855 1070 927 rubricas
1104 864 1246 946 vocant,
1277 853 1377 927 facile
1412 853 1572 926 adductus

206 981 332 1054 estur
357 977 586 1067 doctissimus,
612 985 648 1048 ot
673 998 720 1047 ex
744 973 864 1047 talibus
890 975 978 1044 notis
1011 969 1236 1063 [liturgiarum
1261 969 1469 1042 Graecarum
1500 992 1572 1042 no-

205 1098 338 1168 vitatem
364 1103 522 1167 constare
548 1095 763 1165 existimaret
816 1089 890 1162 Hoc
915 1091 950 1159 in
972 1087 1098 1179 iudicio
1124 1085 1227 1159 vuldo
1259 1085 1476 1160 hallucinatus
1510 1096 1573 1175 est,

205 1220 240 1283 et
265 1222 373 1297 tumm
398 1213 583 1282 imitatores
609 1208 721 1281 babuit
747 1205 892 1279 Criticos
918 1226 1026 1301 prope
1052 1226 1185 1296 omnes,
1220 1207 1274 1299 qni
1301 1202 1344 1275 ad
1369 1202 1482 1275 ultima
1507 1224 1573 1274 us-

205 1349 271 1423 qne
296 1337 446 1423 tempora
471 1325 557 1398 banc
584 1326 812 1420 quaestionem
838 1329 1081 1411 tractaverunt,
1107 1323 1172 1393 etsi
1191 1318 1269 1390 nibd
1299 1318 1473 1392 absurdius
1492 1318 1573 1411 tingi

203 1452 343 1539 poterut.
395 1442 515 1539 Neque
541 1445 628 1514 enim
654 1463 701 1512 ex
726 1441 813 1511 notis
840 1439 904 1511 illis
932 1436 1020 1510 aliud
1046 1435 1231 1529 colligitur,
1265 1459 1364 1531 quam
1390 1456 1472 1508 usus
1497 1433 1574 1507 Ec-

205 1558 401 1648 clesiarum,
425 1561 459 1630 in
486 1557 604 1654 quibus
630 1555 803 1649 Liturgiue
829 1555 873 1627 ad
899 1554 1015 1626 altaria
1041 1554 1307 1650 usurpabantur,
1341 1574 1405 1647 quo
1442 1552 1573 1646 quidem

204 1697 267 1748 usu
296 1678 405 1767 magis
437 1674 522 1747 baec
554 1696 653 1748 sacra
680 1671 814 1761 Officia,
841 1694 939 1767 qnam
957 1672 1195 1765 cujuscumque
1216 1671 1320 1742 sancti
1339 1666 1486 1741 doctoris
1502 1689 1572 1739 no-

204 1794 291 1863 minc
318 1791 599 1864 commendantur.
646 1789 684 1861 ln
711 1788 775 1863 illis
802 1786 886 1859 vero
912 1786 1060 1882 parthus
1088 1808 1175 1882 qtrae
1201 1786 1403 1882 praecipuae
1429 1794 1522 1874 sunt,
1540 1793 1574 1854 et

204 1909 236 1979 in
270 1908 389 2002 quibus
422 1909 564 1980 actionis
597 1928 717 1979 suorac
751 1904 858 1976 forma
890 1905 1058 1994 consistit,
1093 1905 1230 1975 mutatio
1266 1911 1323 1973 aut
1360 1897 1572 1996 interpolatio

203 2024 293 2096 nulla
329 2046 435 2120 prope
467 2021 759 2113 animadvertitur,
802 2030 836 2092 et
869 2021 1044 2114 antiquitas
1080 2015 1234 2091 Graecae
1268 2016 1442 2109 Liturgiue
1471 2037 1572 2111 supra

207 2139 395 2214 Orientales
414 2161 530 2212 omnes
561 2161 607 2211 ex
629 2159 672 2210 eo
696 2137 771 2210 solo
789 2144 985 2229 argumento
1003 2139 1084 2208 satis
1102 2144 1260 2231 apparet,
1282 2132 1369 2229 quod
1389 2135 1421 2203 io
1444 2133 1572 2228 Aegy·

203 2260 323 2352 ptiacis
350 2255 392 2327 de
424 2255 544 2351 quibus
578 2258 708 2347 agitur,
742 2252 906 2326 lomuulae
933 2251 1096 2347 quaedam
1122 2249 1300 2341 solennes,
1326 2270 1394 2321 non
1427 2247 1526 2321 modo
1553 2270 1574 2317 a

169 2412 173 2421 ·
205 2372 391 2446 Sacerdote
417 2382 452 2444 et
476 2371 649 2463 Diacono,
676 2369 738 2443 sed
764 2393 785 2441 a
810 2368 931 2527 plebe,
956 2390 1025 2440 non
1049 2367 1220 2459 Arabiae,
1250 2387 1317 2439 non
1348 2367 1572 2460 Aegyptiace,

205 2488 262 2562 sed
291 2487 425 2562 Graece
451 2487 611 2560 dicuntum.

307 2606 364 2678 XI
397 2604 457 2677 Illa
488 2608 590 2697 igitur
621 2601 834 2693 observatio,
864 2600 959 2675 velut
984 2603 1127 2674 omnium
1162 2599 1380 2695 reliquarum,
1421 2621 1507 2692 quae
1539 2598 1574 2667 in
1620 2598 1714 2654 omna
1730 2600 1828 2652 little
1790 2601 1892 2669 risere

205 2719 265 2793 boc
293 2743 422 2814 genere
446 2720 519 2792 lieri
545 2730 703 2815 posstmt,
731 2728 829 2814 caput
855 2727 890 2790 et
914 2717 990 2791 fons
1016 2740 1096 2792 esse
1122 2714 1242 2809 debet,
1274 2738 1342 2789 non
1367 2716 1467 2788 modo
1494 2707 1622 2786 lle-¹
1587 2688 1607 2743 ¹¹
1609 2692 1690 2742 ¹¹¹¹¹¹
1706 2670 1852 2754 ⁰¹¹¹¹¹⁸¹⁰

205 2841 380 2934 gyptiacas
407 2836 498 2928 illas,
525 2835 586 2908 sed
613 2858 731 2908 omnes
758 2833 891 2906 tandem
918 2832 1105 2908 Orientales
1139 2855 1225 2930 quae
1256 2834 1314 2906 vel
1350 2841 1482 2922 extant,
1516 2828 1644 2902 vel

207 2977 341 3049 quarum
377 2976 424 3025 ex
457 2954 679 3025 monumentis
714 2950 869 3023 literariis
904 2954 1066 3023 memoria
1100 2960 1170 3042 est,
1203 2948 1380 3022 translatam
1416 2970 1494 3022 esse
1527 2969 1574 3018 ex

208 3069 345 3143 Graecis
372 3067 636 3164 exemplaribus,
668 3076 768 3162 atque
794 3065 880 3139 adeo
907 3070 1033 3140 veteris
1068 3065 1281 3164 disciplinae,
1317 3065 1470 3139 sacrificii
1495 3060 1572 3135 Eu-

207 3184 389 3275 ubaristioi,
416 3184 559 3281 qualis
549 3207 584 3256 ιιι
611 3181 772 3256 Orientali
797 3181 951 3256 Ecclesia
979 3181 1205 3275 observatur,
1229 3181 1370 3254 formam
1392 3184 1572 3253 continere.

306 3302 380 3374 XII
413 3301 503 3374 Inter
535 3302 779 3395 antiquissImas
815 3309 888 3389 est,
921 3301 950 3373 si
979 3322 1052 3372 non
1087 3321 1204 3373 omnes
1230 3306 1399 3372 vetustate
1426 3306 1611 3394 superat·
1661 3304 1690 3357 ta
1692 3306 1750 3359 etot
1778 3306 1835 3358 tiu
1799 3308 1892 3375 magt·

207 3418 323 3491 Jacobi
350 3416 493 3514 Syriaca
519 3414 685 3509 Liturgia,
718 3437 805 3510 quam
831 3414 1045 3511 Syriacanrm
1072 3418 1215 3488 omnium
1248 3413 1389 3503 fundus,
1422 3417 1574 3509 primae-
1588 3407 1655 3443 ⁰¹¹¹
1647 3394 1734 3444 ¹¹¹¹¹¹
1728 3392 1810 3446 ¹¹¹¹
1824 3394 1894 3445 ¹¹¹¹

207 3556 350 3630 rumque
377 3532 551 3628 exemplar
576 3532 646 3605 iuit.
698 3530 759 3603 Illa
785 3553 887 3626 porro
915 3540 981 3604 tam
1007 3534 1184 3629 perspicue
1197 3528 1363 3603 Graecam
1388 3552 1427 3601 re
1427 3528 1504 3619 lert,
1527 3497 1604 3600 totq
1588 3496 1716 3549 qumana

207 3650 333 3725 inlusae
360 3652 606 3746 peregrinitatis
631 3659 730 3721 notos
756 3646 874 3738 babet,
900 3659 937 3721 nt
962 3648 1004 3720 de
1031 3651 1103 3741 ejus
1129 3649 1259 3739 origine
1276 3646 1387 3744 Syri
1378 3649 1441 3742 ipsi
1463 3669 1575 3719 rerum

208 3790 339 3840 suarum
366 3765 583 3841 admiratores
608 3768 719 3857 nimii,
745 3786 814 3837 non
841 3764 936 3837 aliter
959 3765 1113 3858 judicent.
1142 3764 1224 3850 Quis
1245 3774 1356 3836 tomen
1374 3773 1478 3856 neget
1494 3787 1574 3837 esse

208 3894 240 3955 et
271 3881 404 3980 quidem
434 3904 502 3955 non
540 3880 781 3955 contemnenda
816 3891 1022 3974 argumenta,
1056 3881 1174 3978 quibus
1206 3880 1328 3976 Syram
1354 3883 1574 3954 vetustiorem

209 4022 283 4075 esse
310 3997 444 4072 Graeca
469 3996 606 4095 probari
633 3997 758 4093 queat?
784 3997 904 4094 Neque
930 4001 1018 4070 enim
1044 4021 1118 4070 cum
1146 3996 1342 4071 (triticorum
1374 4008 1476 4091 gente
1501 3997 1573 4067 liti-

209 4116 351 4209 gandum
378 4115 420 4187 de
445 4113 576 4188 Iacobo
602 4114 708 4191 fratre
733 4113 885 4205 Domini,
913 4137 957 4187 an
982 4114 1069 4187 illios
1097 4123 1193 4186 autor
1219 4134 1297 4187 esse
1322 4116 1486 4210 potuerit,
1519 4121 1575 4183 aut

139 4243 147 4259 '
210 4230 279 4303 talis
307 4234 459 4326 quaestio
484 4236 529 4305 ita
549 4254 630 4331 cum
655 4232 733 4304 fidei
760 4234 869 4327 capite
896 4231 1145 4324 conjungenda,
1171 4239 1207 4300 ut
1228 4229 1333 4324 quiid
1354 4240 1474 4323 neget,
1497 4225 1573 4300 Ca-

209 4346 346 4421 tholicos
372 4370 450 4421 esse
475 4371 544 4422 non
569 4353 686 4445 possit.
712 4348 800 4421 Nam
827 4347 915 4443 quod
941 4350 1184 4444 sapientissime
1211 4345 1425 4420 observatum
1443 4372 1462 4419 a
1479 4345 1572 4419 Car-

211 4464 306 4537 dinali
331 4463 513 4557 Perronio,
540 4475 668 4538 certum
693 4474 727 4536 et
752 4467 986 4537 inconcussum
1013 4486 1090 4536 esse
1109 4463 1226 4553 debet,
1253 4461 1374 4534 Jacobi
1389 4461 1573 4554 Liturgiam

212 4580 327 4653 dictam
359 4602 454 4673 esse,
494 4605 580 4678 qnae
614 4585 649 4652 in
680 4581 986 4678 Hierosolymitana
1021 4578 1192 4672 Ecclesia,
1233 4581 1327 4670 cujus
1362 4578 1418 4650 ille
1447 4582 1572 4673 primus

211 4693 394 4793 llpiscopus
420 4696 497 4790 iuit,
523 4697 762 4794 usurpabatur,
788 4708 824 4771 ut
849 4699 956 4771 Marci
983 4700 1128 4793 quaein
1154 4694 1393 4768 Alexandrina.
1430 4695 1477 4767 At
1502 4717 1572 4768 ve-

212 4814 341 4886 risimile
367 4825 420 4887 est
444 4818 569 4911 primos
596 4838 642 4886 ex
668 4818 922 4888 circumcisione
949 4814 1174 4903 Christianos,
1207 4815 1262 4908 qui
1288 4802 1411 4906 neque'
1428 4810 1572 4901 nobiles,

212 4947 315 5023 neque
341 4930 459 5003 eruditi
485 4930 678 5028 plerumque
703 4930 851 5024 brenmt,
886 4954 928 5004 ea
959 4931 1073 5023 lingua
1107 4932 1237 5025 potius,
1271 4951 1357 5022 quae
1390 4931 1572 5002 communis

101 5102 105 5109 .
217 5054 248 5115 et
271 5046 421 5141 vulgaris
448 5058 539 5140 erat,
569 5047 875 5145 Hierosolymitana
909 5046 1036 5124 scilicet
1069 5045 1232 5136 dialecto,
1267 5067 1388 5141 preces
1421 5044 1573 5143 publicas

239 5184 347 5230 τοιιιιι
1221 5198 1223 5205 ,
1316 5160 1361 5234 ll
