4525 6034
985 958 1781 1212 nitttntttto

1324 1326 1355 1399 D

1098 1326 1653 1682 ‚turribiana
1797 1390 1801 1401 '

744 1800 1506 1926 ninnntnnttottttn
1573 1780 2018 1927 irritatus

1157 2090 1606 2146 ψ

398 2379 462 2432 Tres
475 2380 604 2448 niturgtaa
620 2381 689 2449 apua
765 2376 790 2448 Ι.
825 2352 1013 2455 Anaurru
1054 2373 1231 2453 Christiani
1271 2379 1326 2473 qui
1363 2377 1662 2475 Monopbpsiticam
1696 2389 1822 2454 sectam
1854 2402 1875 2451 a
1908 2377 2061 2451 Dioscori

702 2502 851 2591 tempore
876 2496 1080 2592 profitentur,
1107 2505 1141 2567 et
1168 2498 1222 2591 qui
1247 2496 1351 2587 vuulgo
1366 2495 1533 2592 Coptitaa,
1559 2498 1616 2569 vel
1632 2493 1731 2591 Copti
1751 2496 1969 2592 appellantur,
1996 2504 2059 2566 tres

700 2608 867 2705 Liturgias
893 2611 1025 2702 babent,
1052 2634 1190 2708 quarum
1215 2615 1334 2708 prima,
1362 2621 1394 2683 et
1420 2636 1506 2707 quae
1531 2600 1730 2709 reliquarum
1755 2636 1873 2686 norma
1900 2623 1964 2703 est,
1989 2612 2058 2682 Ba-

701 2727 763 2829 silii
788 2733 901 2822 magni
927 2720 1056 2821 dieitur,
1082 2729 1228 2803 secunda
1256 2729 1410 2821 Gregorii
1437 2729 1611 2823 Theologi,
1638 2733 1734 2802 tertia
1761 2727 1880 2825 Cyrilbi
1904 2729 2056 2800 Alexan*

381 2846 688 2920 Memmi-Cart·
703 2843 797 2915 drini.
862 2847 1021 2933 Quartam
1061 2856 1196 2919 autores
1238 2846 1384 2918 nonnulli
1422 2842 1621 2938 adjungunt,
1667 2846 1783 2918 Marco
1822 2843 2057 2937 Evangelistae

381 2465 497 2535 Coptitas
509 2475 636 2537 receptae.

701 2960 904 3036 attributam:
932 2963 992 3035 sed
1019 2985 1091 3035 curn
1119 2966 1153 3034 in
1180 2961 1359 3036 codicibus
1383 2966 1590 3058 paucissimis
1616 2971 1825 3059 compareat,
1852 2973 1887 3034 et
1913 2961 1955 3034 ab
1981 2961 2055 3054 ipsis

701 3077 880 3176 Aegyptiis
906 3077 1089 3172 'theologis
1115 3079 1313 3176 interpolata
1329 3078 1454 3151 dicatm
1480 3103 1526 3151 ex
1546 3103 1587 3152 ea
1610 3077 1739 3175 Cyrtii,
1766 3082 1885 3152 merito
1907 3079 2053 3170 rejicitur.

381 3204 689 3277 Quudopumumnotae.
803 3196 843 3269 Π.
884 3197 998 3269 Trium
1029 3199 1129 3289 igitur
1153 3195 1300 3285 illarum,
1335 3219 1420 3291 quae
1446 3195 1541 3268 solae
1565 3196 1732 3289 legitimae
1758 3196 1949 3269 censendae
1974 3198 2054 3280 sunt,

702 3337 776 3386 cum
802 3323 937 3408 praeter
968 3312 1041 3386 illas
1075 3312 1164 3384 nulla
1198 3316 1233 3384 in
1265 3315 1370 3385 sacris
1406 3313 1528 3385 Officiis
1559 3321 1751 3408 usurpetur,
1773 3337 1857 3387 ,oum
1895 3312 1993 3384 multa
2023 3315 2054 3378 et

701 3433 795 3503 varia
822 3434 948 3526 passim
976 3438 1109 3502 exstent
1137 3432 1171 3500 in
1203 3428 1414 3501 bibliothecis
1447 3429 1674 3524 exemplaria,
1709 3452 1820 3500 aarum
1847 3438 1958 3500 tamen
1984 3433 2054 3497 ante
2096 3470 2098 3473 -

703 3549 828 3618 initium
855 3547 959 3642 elapsi
977 3538 1130 3641 proxime
1155 3545 1279 3619 saeculi
1305 3566 1402 3616 namo
1419 3547 1573 3616 meminit.
1626 3543 1779 3617 Habebat
1792 3543 1921 3616 illarum
1938 3564 2053 3615 exen-

702 3664 776 3759 plar
800 3661 965 3758 Josapbus
992 3660 1163 3754 Scaliger,
1199 3661 1241 3733 dc
1276 3684 1341 3757 quo
1377 3685 1451 3733 cnm
1478 3659 1519 3733 ab
1547 3684 1610 3752 eo,
1638 3671 1671 3734 et
1697 3663 1810 3732 amicis
1837 3657 2053 3733 communibus

702 3781 843 3851 monitus
874 3779 992 3854 fuisset
1023 3778 1157 3851 Marcus
1191 3777 1352 3852 Velserus
1382 3779 1569 3850 Duum-vir
1599 3778 1833 3879 Augustanus,
1864 3780 1919 3849 vir
1945 3776 2052 3847 docus

703 3904 738 3967 et
762 3898 847 3991 pius,
873 3898 1060 3992 impetravit
1085 3905 1120 3967 ut
1146 3894 1188 3967 ad
1214 3917 1253 3968 se
1278 3897 1561 3968 transmitteretur.
1613 3894 1811 3967 Versionem
1842 3894 1997 3986 insignis,
2021 3894 2051 3958 et

702 4010 766 4084 huc
791 4032 896 4108 usque
922 4015 1026 4106 ignoti
1050 4015 1249 4084 monumenti
1265 4012 1524 4083 Ecclesiasticae
1540 4008 1742 4106 disciplinae,
1767 4018 1814 4097 ut,
1841 4032 1906 4105 qua
1931 4008 2050 4079 ratione

701 4130 773 4202 fieri
799 4138 939 4223 poterat,
965 4139 1170 4227 procuraret,
1195 4130 1335 4201 Romam
1360 4130 1447 4200 misit
1471 4129 1578 4223 ipsum
1604 4126 1774 4215 Codicem,
1801 4146 1866 4221 quo
1893 4147 1954 4221 per
1976 4121 2049 4193 Ma-

702 4250 827 4323 ronitas
862 4251 895 4319 in
929 4247 1080 4319 Latinam
1104 4246 1251 4340 linguam
1280 4244 1523 4317 transferratur.
1573 4244 1735 4329 Quamvis
1766 4245 1853 4314 enim
1885 4233 2048 4335 aliquando

645 4376 650 4397 ⁶
704 4388 797 4461 spem
823 4365 960 4439 iecisset
974 4362 1138 4455 Scaliger,
1164 4362 1330 4455 Liturgias
1356 4361 1430 4433 illas
1444 4363 1552 4431 veteri
1572 4360 1659 4456 stylo
1676 4359 1913 4431 Ecclesiastico
1928 4354 2048 4427 Graeco

703 4480 931 4572 convertendi,
958 4480 1029 4553 aliis
1057 4478 1212 4574 operibus
1240 4487 1431 4572 occupatus,
1457 4475 1532 4548 huie
1558 4499 1687 4548 manum
1703 4471 1884 4548 admovere
1902 4475 1962 4546 vix
1985 4489 2047 4564 po-

703 4608 804 4673 terat:
830 4599 908 4671 licet
934 4601 1021 4675 enim
1045 4618 1185 4689 magnos
1217 4599 1251 4666 in
1282 4582 1461 4667 Arabismo
1495 4614 1694 4689 progressus
1720 4591 1865 4683 fecisset,
1891 4599 1940 4662 tot
1963 4590 2047 4657 erant

703 4725 813 4786 tamen
845 4714 1047 4788 difficultates
1083 4712 1308 4809 superandae,
1345 4722 1381 4783 ut
1413 4734 1456 4782 ne
1488 4710 1617 4805 qtridem
1643 4710 1706 4783 sibi
1732 4712 1803 4805 ipse
1830 4705 2045 4780 satisfecisset.

704 4830 791 4903 Nam
822 4843 955 4928 praeter
985 4832 1119 4924 linguae
1151 4827 1334 4915 barbarae,
1373 4828 1415 4900 ad
1455 4850 1552 4923 quam
1584 4825 1853 4919 cognoscendam
1897 4825 1956 4897 vix
1983 4812 2042 4886 11¹¹a

705 4957 782 5019 uno
807 4948 1026 5043 suppetebant
1049 4946 1194 5030 literaria
1220 4943 1383 5034 subsidia,
1417 4943 1557 5017 Ritualis
1588 4946 1725 5016 materia
1750 4952 1874 5015 tanturn
1899 4931 2042 5012 obscuri-

702 5066 779 5138 tatis
806 5062 977 5157 offerebat,
1003 5074 1038 5135 ut
1064 5063 1182 5136 discuti
1206 5065 1268 5136 vix
1293 5083 1395 5159 posse
1419 5061 1597 5134 videretur.
1649 5060 1767 5155 Neque
1792 5063 1896 5151 enini,
1922 5047 2041 5152 qutda
