4525 6034
330 564 381 640 bu
395 560 652 639 tribuuntur
668 558 923 637 biumbres
941 555 1149 634 ottoboni
1170 559 1420 636 ieronimus.
1455 555 1587 629 XXXV

221 752 460 848 aequus·visus
487 747 558 822 luit.
611 744 709 819 Unde
733 748 768 817 in
792 745 939 818 Historia
966 743 1087 816 Severi
1114 742 1409 819 Ascbmoninensis
1443 745 1485 817 de
1517 754 1587 817 tota

219 869 277 940 bac
301 866 534 940 controversia
560 885 604 934 ne
629 860 771 934 verbum
798 860 930 956 quidem
957 863 1118 950 occurrit,
1152 860 1241 933 forte
1276 861 1365 957 qnod
1391 861 1434 932 de
1460 884 1501 933 ea
1528 860 1588 933 lo-

220 988 270 1080 qui
295 1004 363 1055 non
390 989 507 1077 posset
552 981 625 1050 siue
658 975 890 1073 cnrqsosmmi
923 987 979 1049 aot
1012 976 1206 1073 Tbeopbili,
1248 975 1449 1073 cyrillique,
1490 999 1589 1072 quern

219 1098 388 1172 Jucobitae
414 1100 566 1192 inpense
592 1102 814 1185 venerantur,
840 1094 1049 1167 contumelia.
1074 1094 1190 1188 ltaque
1215 1091 1287 1165 fieri
1313 1096 1434 1188 potnit,
1461 1102 1496 1164 nt
1513 1114 1590 1163 cnm

221 1216 302 1287 duae
310 1214 484 1306 Liturgiae
492 1210 606 1283 Basilii
622 1221 657 1282 et
672 1208 908 1305 chrysostomi
926 1212 960 1281 in
972 1209 1108 1283 codices
1127 1210 1255 1281 relatae
1270 1207 1430 1297 inissent,
1449 1210 1588 1303 primam

219 1327 450 1427 praetulerint,
490 1335 547 1397 ant
578 1328 652 1418 ejus
683 1325 801 1397 saltem
835 1326 960 1398 titulum
991 1328 1061 1399 suis
1097 1320 1247 1420 Copticis
1273 1323 1448 1397 Jacobitae
1480 1344 1590 1418 prae-

219 1446 366 1518 lixerint:
393 1464 503 1538 neque
538 1445 626 1513 enim
654 1440 841 1513 Ortbodoxi
872 1441 968 1513 aliter
993 1463 1091 1537 quarn
1118 1441 1160 1511 o.
1186 1439 1290 1512 Marci
1316 1443 1451 1512 nornine
1471 1438 1590 1510 Litnr-

219 1565 306 1654 gum
334 1582 427 1633 suam
453 1556 717 1653 appellaverunt
743 1557 833 1629 Ante
869 1556 1038 1628 saeculnm
1071 1577 1193 1627 nonum
1224 1558 1293 1647 jam
1311 1554 1482 1647 vulgatum
1502 1551 1589 1649 apud

218 1677 370 1772 Coptitas
396 1683 491 1761 erat,
518 1683 553 1745 ιι
580 1675 686 1767 prima
712 1672 862 1764 Liturgia
888 1671 1014 1745 Basilio
1042 1668 1300 1743 adscriberetur:
1336 1693 1412 1743 nam
1439 1671 1591 1742 Severus

219 1791 422 1889 Episcopus,
451 1792 508 1884 qni
532 1788 703 1859 historiam
726 1785 992 1859 Patriarcbarum
1009 1785 1313 1859 Alexandrinorum
1341 1789 1490 1882 scripsit,
1516 1807 1590 1858 vo-

220 1919 272 1979 cat
298 1930 373 1980 eum
398 1905 571 1997 Liturgiae
598 1914 765 1977 autorem:
792 1903 931 1976 vivebat
957 1914 1067 1976 autem
1092 1902 1245 1976 Severus
1279 1902 1416 1974 saecrrlo
1450 1901 1590 1974 decimo.

221 2025 265 2095 At
290 2020 555 2118 quandoquidem
582 2019 714 2091 traditio
729 2019 944 2092 Orientalium
961 2041 1029 2091 non
1048 2020 1130 2091 satis
1148 2020 1297 2113 antiqua,
1324 2028 1359 2089 et
1375 2021 1482 2089 minus
1496 2016 1590 2089 firma

222 2150 291 2228 est,
320 2159 406 2234 quae
432 2135 474 2208 ad
501 2135 690 2208 Basilianae
716 2135 888 2228 biturgine
909 2137 1134 2230 antiquitatem
1152 2143 1321 2229 spectant,
1348 2154 1592 2229 prosequemur

222 2277 266 2326 ex
292 2251 431 2325 Graecis
455 2251 651 2347 Latinisque
677 2250 857 2323 autoribus.

324 2367 551 2455 Graecorum,
587 2377 622 2438 ut
655 2366 816 2453 dinirnus,
848 2369 1115 2439 constantissima
1150 2366 1281 2438 traditio
1318 2376 1387 2455 est,
1420 2366 1592 2456 Basiliam,
1643 2367 1725 2424 ornes
1726 2378 1835 2423 orfani
1836 2370 1914 2423 nano

220 2489 356 2581 priunum
382 2491 460 2579 post
484 2481 647 2555 Jacobum
673 2481 810 2554 danem
828 2481 983 2571 Domini,
1010 2482 1194 2574 Litnrgiam
1222 2485 1410 2578 scripsisse
1437 2483 1593 2555 Proclnm
1605 2458 1771 2599 ψέξῃ
1747 2458 1915 2529 autuman

221 2610 336 2673 testem
364 2621 481 2672 ornnes
507 2597 659 2687 laudant,
685 2620 795 2693 neque
823 2598 865 2671 de
891 2599 1061 2693 opusculi,
1088 2621 1154 2693 quo
1169 2598 1242 2672 illus
1262 2602 1484 2671 testimonium
1502 2622 1593 2672 con·
1619 2562 1688 2614 ΜΡ

220 2719 357 2804 licetur,
385 2717 562 2787 autoritate
590 2712 752 2803 dubitant3
779 2717 931 2809 quamvis
958 2736 978 2785 a
1010 2713 1254 2787 recentioribus
1281 2713 1415 2787 Criticis
1451 2724 1593 2788 vocetur

218 2834 252 2903 iu
277 2832 510 2927 suspicionem.
537 2830 584 2901 At
610 2828 730 2900 dudum
757 2840 834 2901 ante
860 2852 956 2925 quam
972 2828 1111 2902 Procius
1139 2829 1321 2919 scriberet,
1339 2830 1456 2903 Basilii
1473 2830 1593 2903 Litor-

221 2951 307 3041 giam
333 2951 366 3018 in
393 2968 456 3017 usn
481 2943 586 3017 inisse
613 2944 701 3041 apud
729 2944 879 3017 Graecas
906 2967 1022 3017 omnes
1050 2944 1245 3035 Ecclesiae,
1278 2948 1306 3018 si
1339 2946 1593 3042 Hierosolymi-

222 3072 328 3132 tauam
359 3072 396 3134 et
420 3060 684 3134 Alexandrinam
711 3064 914 3156 excipimus,
942 3064 1160 3133 certissimum
1179 3072 1240 3134 cst
1267 3061 1444 3156 Antiqnius
1460 3072 1594 3134 extaret

221 3178 261 3249 de
285 3180 412 3272 scripta
439 3200 459 3248 a
484 3176 610 3249 Basilio
637 3176 787 3269 Liturgia
814 3180 1035 3250 testimonium
1067 3179 1101 3248 in
1134 3180 1238 3273 ipsius
1270 3179 1340 3247 vita
1365 3200 1428 3272 per
1444 3177 1592 3273 Amphi-

220 3293 358 3366 locbiunn
383 3292 589 3389 Episcopum
626 3293 837 3365 iconiensem
883 3295 956 3384 ejus
992 3293 1167 3388 aequalem
1201 3294 1349 3389 scripta,
1383 3295 1412 3366 si
1445 3293 1591 3387 legitima

221 3406 323 3497 iuret,
359 3419 395 3480 et
420 3411 493 3500 ejus
519 3411 696 3480 autoritate
723 3406 877 3482 Graecos
903 3429 985 3481 usos
1022 3430 1090 3482 non
1122 3407 1241 3497 inisse,
1274 3411 1387 3481 mirari
1417 3431 1485 3481 non
1519 3413 1593 3482 sine

222 3525 348 3596 ratione
375 3544 565 3619 possumus.
618 3523 737 3619 Neque
764 3527 851 3597 euim
878 3526 992 3595 critica
1019 3534 1144 3596 motum
1169 3525 1304 3613 valent,
1331 3533 1366 3597 ut
1392 3547 1479 3620 qnae
1504 3524 1591 3598 Bel-

222 3636 378 3728 larmino,
411 3639 618 3727 Possevino,
651 3650 686 3711 et
700 3641 809 3713 multis
833 3640 922 3728 aliis,
950 3651 1147 3733 argumenta
1179 3651 1368 3736 suspectam
1383 3640 1473 3713 illam
1488 3641 1589 3714 iece-

221 3763 311 3843 runt,
339 3753 427 3850 apud
453 3775 516 3827 eos
543 3754 665 3850 aliquid
690 3765 836 3850 possent
863 3757 934 3829 lmo
956 3779 1030 3827 cnm
1044 3757 1196 3853 Symeon
1217 3756 1462 3853 bletapbrastes
1490 3761 1593 3830 vitam

223 3868 307 3941 illurn
343 3892 405 3944 suo
439 3893 535 3943 more
566 3871 797 3967 interpolatam
837 3872 1025 3945 collectioni
1060 3896 1142 3946 suae
1173 3877 1386 3963 inserrdsset,
1419 3885 1498 3947 nota
1529 3872 1593 3949 illis

223 4005 296 4058 esse
326 3983 489 4076 debebat,
523 4008 633 4081 oeque
666 3991 775 4079 magis
809 3998 983 4085 suspecta,
1018 4013 1116 4084 quam
1148 4000 1197 4062 tot
1228 3988 1325 4063 aliae.
1378 3990 1505 4062 Verum
1539 3990 1593 4061 din

223 4111 395 4198 numquam
421 4091 485 4174 sno
512 4105 608 4198 operi
634 4102 787 4198 Symeon
811 4126 944 4176 manum
972 4104 1188 4194 admoveret,
1216 4106 1353 4179 saectdo
1381 4109 1514 4178 circiter
1536 4105 1592 4176 di-

223 4215 386 4311 rnidioque
412 4216 570 4313 amplius,
596 4221 766 4291 notissima
784 4218 925 4293 Graecis
951 4243 1032 4294 esse
1059 4220 1171 4294 debuit
1187 4221 1299 4296 Basilii
1326 4226 1395 4295 vitu
1421 4244 1483 4317 per
1500 4222 1592 4293 Aru-

224 4328 416 4423 pbilocbium
453 4336 597 4429 scripta,
633 4356 708 4406 cum
740 4337 810 4427 ιιι]
838 4338 911 4428 ejus
937 4341 1104 4433 antiquam
1130 4342 1323 4411 versionem
1351 4342 1430 4410 citet
1455 4338 1594 4409 Aeneas
1607 4373 1719 4443 Μ
1741 4367 1915 4456 Ημρ

224 4443 407 4543 Episcopus
442 4448 643 4522 Parisiensis
685 4453 720 4522 in
754 4451 914 4524 Tractatu
945 4453 1110 4528 adversus
1145 4453 1311 4544 Graecos,
1338 4476 1434 4550 quem
1463 4454 1670 4567 scripsitffle·
1691 4458 1745 4511 m
1746 4457 1837 4512 tran
1856 4436 1918 4513 &7

226 4570 296 4635 aito
323 4585 444 4636 aunum
470 4564 553 4637 Jesn
581 4563 702 4639 Christi
740 4564 970 4642 DCCCLXX.
1007 4574 1063 4664 qui
1097 4573 1130 4642 ei
1162 4592 1335 4666 supremus
1368 4569 1438 4642 init
1486 4552 1631 4643 Utitur⁶·
1608 4547 1783 4617 ⁷⁶·’¹⁹··⁴⁵⁷

227 4679 306 4749 enim
333 4682 406 4773 ejus
433 4683 634 4770 testimonio,
662 4704 803 4777 eamque
829 4683 908 4756 dicit
934 4685 977 4757 dc
1004 4685 1175 4757 Graeco
1165 4708 1199 4757 ιιι
1224 4686 1377 4757 Latinum
1404 4710 1424 4757 a
1452 4687 1595 4781 quodmn

228 4788 375 4885 Graeco,
401 4794 570 4869 vocabulo
596 4795 768 4891 Eveinnio,
794 4799 837 4871 de
862 4801 972 4874 verbo
999 4800 1042 4873 ad
1068 4800 1208 4874 verbum
1237 4803 1439 4875 translatam.
1478 4804 1597 4896 igitur

228 4903 362 4984 Graecis
388 4921 471 4984 uota
499 4922 572 4985 erat
604 4911 734 4987 duobus
759 4937 867 5012 prope
894 4916 1037 4991 saeculis
1065 4925 1242 5012 antequam
1268 4941 1288 4990 a
1316 4917 1487 5015 symeone
1513 4921 1594 4994 ble-

226 5024 389 5119 tnpbraste
416 5038 670 5119 recenseretur,
703 5034 733 5104 si
765 5032 897 5128 quidem
930 5032 1058 5106 decimo
1094 5032 1232 5107 saeculo
1260 5036 1364 5123 vixit,
1391 5045 1427 5107 ιι
1451 5035 1595 5109 Allatins

1300 5150 1324 5224 5
1339 5149 1362 5192 st
