4525 6034
712 578 785 654 lod
1210 579 1570 657 LITURGIA

811 766 972 861 Populos.
999 763 1168 840 Habemus
1195 767 1237 840 ad
1263 769 1448 840 Dominum.

810 882 994 955 Sacerdos.
1022 884 1155 959 Gratias
1183 906 1322 977 agamus
1347 884 1490 958 Domino
1517 886 1591 958 Deo
1618 894 1743 959 nostro.

810 999 970 1094 Populus.
996 997 1142 1093 Dignum
1169 1010 1202 1072 et
1224 1003 1348 1092 justum
1376 1008 1436 1073 ast.

814 1114 989 1188 Sacerdos
1014 1117 1205 1188 iociiootoo.
1232 1116 1343 1210 Digne
1368 1128 1401 1189 te
1428 1117 1525 1190 decet
1549 1116 1635 1209 laus,
1661 1120 1802 1191 Domine
1818 1118 2006 1193 coelesb‘um
2028 1133 2058 1195 ct

709 1235 926 1305 terrestrium.

811 1348 960 1420 Eleooos
984 1372 1107 1421 vocem.
1135 1350 1186 1423 Te
1213 1352 1299 1423 enim
1325 1350 1511 1442 glorificant
1536 1359 1569 1422 et
1584 1349 1717 1422 landant
1736 1352 1877 1423 virtutes
1893 1372 2058 1446 supernae,

709 1476 743 1537 et
768 1464 897 1536 coelum
923 1468 954 1536 in
982 1488 1047 1559 quo
1075 1469 1275 1555 consistunt,
1301 1468 1391 1558 ignei
1417 1476 1451 1538 te
1478 1490 1552 1539 cum
1578 1469 1699 1539 timore
1725 1466 1905 1554 calabram,
1934 1464 2058 1539 Gberu·

707 1580 774 1653 bim
802 1604 876 1653 cum
902 1585 1124 1656 commotione
1152 1591 1183 1654 te
1209 1581 1424 1686 benedicunt:
1452 1581 1693 1678 Serupbimque
1719 1585 1836 1671 sancti,
1862 1586 2058 1675 majestatem

646 1751 651 1758 -
708 1708 797 1770 tuam
823 1697 1047 1788 sanctificant,
1074 1702 1128 1793 qui
1155 1699 1264 1771 veloci
1290 1710 1381 1772 motu
1408 1700 1533 1772 alarum
1561 1709 1593 1770 et
1619 1721 1800 1796 pennarum
1828 1722 1971 1787 suarum,
1996 1722 2059 1772 uo-

707 1813 813 1887 lantes
840 1813 922 1884 alter
949 1813 991 1884 ad
1018 1813 1173 1902 alterum,
1202 1815 1364 1905 clamant,
1391 1816 1636 1906 vociferantur,
1663 1826 1696 1887 et
1722 1813 1842 1887 dicum

811 1929 971 2023 Populus.
998 1930 1151 2003 Sanctus.

811 2045 987 2118 Sacerdos
1022 2048 1213 2120 iactiootao.
1252 2048 1394 2120 Sanctus
1433 2070 1471 2121 es
1497 2049 1655 2138 Domine,
1692 2047 1785 2120 Deus
1819 2058 1961 2143 potens,
1993 2070 2058 2119 oum

707 2166 877 2256 unigenito
904 2160 990 2235 Filio
1016 2174 1092 2252 tuo,
1120 2175 1154 2237 et
1179 2163 1304 2261 Spiritu
1330 2171 1386 2236 tuo
1413 2173 1549 2252 sancto,
1574 2187 1638 2235 una
1665 2173 1782 2236 namra
1815 2163 1974 2236 indivisa:
2009 2166 2056 2258 qni

711 2288 764 2352 est
789 2289 921 2351 sauctus
948 2290 982 2351 et
1008 2280 1217 2352 sanctificans
1243 2282 1352 2351 omnia
1378 2283 1499 2352 virtute
1525 2279 1702 2351 divinitatis
1735 2301 1826 2351 suae.
1879 2281 1983 2351 Pater
2015 2282 2061 2374 qni

709 2397 797 2468 misit
830 2392 948 2467 Filium
984 2419 1077 2469 suum
1104 2396 1314 2471 adsalutem
1344 2405 1507 2468 nostram:
1548 2405 1582 2467 et
1613 2394 1715 2468 Filius
1750 2397 1805 2490 qui
1835 2394 2063 2467 descenditet

710 2514 899 2583 incarnatus
926 2522 993 2601 est,
1020 2534 1141 2609 passus
1168 2521 1202 2583 et
1227 2512 1402 2584 crucibnus
1422 2522 1560 2608 propter
1578 2514 1753 2604 imaginem
1776 2533 1867 2584 suam
1886 2535 1973 2607 quae
1989 2532 2063 2582 cor·

712 2636 808 2722 rupta
835 2627 957 2700 iuerat:
983 2626 1191 2725 Spiritusque
1218 2633 1317 2700 vivus
1345 2638 1379 2699 et
1405 2628 1612 2701 sanctificans
1640 2626 1800 2699 sacrificia
1827 2627 1948 2699 divina.

811 2743 960 2815 Eteaooa
985 2768 1108 2815 uocem.
1137 2744 1220 2817 Cum
1256 2754 1364 2818 autem
1401 2745 1442 2817 ad
1468 2747 1659 2841 passionom
1690 2743 1868 2816 salutarem
1901 2744 2064 2816 voluntate

708 2882 769 2933 sua
803 2864 970 2950 venisset,
1003 2872 1141 2957 propter
1173 2860 1311 2934 salutem
1348 2872 1515 2949 nostram,
1551 2882 1668 2955 panem
1705 2883 1805 2956 super
1837 2882 1953 2932 manus
1993 2882 2063 2932 snas

708 2988 858 3067 sanctas,
890 2981 923 3049 in
959 2977 1063 3050 oculis
1099 2987 1226 3050 turmae
1261 2976 1494 3073 discipulorum
1526 2997 1658 3049 suorum
1695 2979 1837 3071 accepit:
1871 2980 2004 3071 aspexit
2034 2980 2063 3046 in

709 3093 860 3184 coelum,
886 3096 1011 3186 gratias
1037 3097 1125 3186 egit,
1152 3099 1173 3175 †
1197 3092 1386 3178 benedixit,
1412 3100 1494 3176 †.et
1524 3091 1753 3180 sanctificavit,
1779 3098 1800 3174 †
1832 3090 1935 3182 iregit
1960 3088 2063 3162 dedit-

703 3232 773 3304 que
801 3208 970 3305 Apostolis
997 3212 1065 3282 suis
1092 3213 1215 3281 sanctis
1242 3218 1275 3282 et
1301 3208 1400 3281 dixit:
1427 3212 1580 3306 Accipite
1600 3208 1795 3280 manducate
1821 3227 1867 3278 ex
1893 3228 1945 3277 eo.
1998 3206 2062 3278 Hoc

709 3336 762 3398 est
787 3349 909 3423 corpus
936 3349 1059 3416 meum,
1087 3324 1175 3422 quod
1201 3348 1264 3421 pro
1289 3326 1407 3412 vobiS,
1435 3336 1468 3398 ot
1493 3348 1555 3420 pro
1587 3322 1737 3396 omnibus
1771 3326 1803 3394 in
1836 3346 1891 3395 me
1923 3320 2063 3393 creden·

574 3445 577 3452 '
708 3440 795 3512 tibus
822 3439 983 3534 frangitur
1009 3452 1042 3514 et
1069 3441 1241 3531 dividitur,
1267 3442 1308 3514 ad
1336 3445 1562 3539 expiationem
1596 3439 1805 3528 delictorum,
1837 3442 2060 3511 remissionem

709 3568 923 3652 peccatorum
949 3570 983 3631 et
1008 3563 1109 3631 vitam
1135 3558 1276 3631 futuram
1303 3563 1335 3630 in
1362 3557 1504 3631 saecula.

814 3667 972 3766 Populos.
999 3675 1118 3746 Amen.

812 3791 995 3864 Sacerdos.
1020 3791 1064 3864 Et
1089 3801 1166 3887 post
1192 3813 1330 3864 coenam
1358 3816 1451 3865 suam
1477 3791 1564 3864 illam
1590 3792 1774 3886 mysticam,
1801 3791 1901 3860 etiam
1929 3810 1974 3859 ex
1992 3788 2059 3856 rino

710 3915 744 3978 et
770 3929 855 4001 aqua
882 3912 1011 4004 accepit
1036 3908 1193 3995 calicem,
1219 3907 1410 4003 gratiasque
1437 3895 1506 4001 egit
1531 3928 1633 4003 super
1658 3904 1762 3992 illum,
1788 3911 1809 3987 †
1836 3914 1870 3975 et
1887 3902 2060 3989 benedixit,

709 4027 730 4103 †
764 4019 999 4112 sanctificavit,
1026 4031 1046 4107 †
1079 4036 1113 4097 et
1140 4025 1229 4096 dedit
1254 4034 1379 4097 turmae
1405 4024 1641 4120 Apostolorum
1669 4043 1803 4095 suorum
1822 4031 1856 4092 et
1883 4018 1968 4092 dixit
1991 4017 2060 4090 iilis:

709 4137 773 4208 Hic
800 4146 852 4209 est
876 4137 965 4210 calix
1001 4145 1170 4233 sanguinis
1205 4143 1285 4226 mei,
1319 4140 1410 4213 Novi
1442 4141 1665 4228 Testamenti,
1704 4139 1860 4233 accipite,
1895 4134 1997 4209 bibite
2021 4156 2059 4204 ex

711 4275 753 4325 eo
781 4274 916 4326 omnes:
944 4257 1007 4328 iste
1035 4257 1208 4329 effunditur
1233 4280 1295 4352 pro
1321 4261 1390 4328 vita
1406 4255 1528 4345 mundi,
1555 4256 1597 4327 ad
1623 4258 1847 4349 expiationem
1865 4252 2058 4328 delictorum

710 4373 942 4443 remissionem
967 4384 1194 4468 peccatomm,
1221 4374 1372 4447 omnibns
1400 4377 1430 4445 in
1457 4395 1510 4445 me
1536 4368 1744 4443 credentibus
1770 4367 1962 4441 insaecula
1987 4387 2060 4438 sne·

712 4484 868 4558 eulomm.

814 4602 974 4695 Populos.
1001 4605 1120 4675 Amen.

815 4718 998 4791 Sacerdos.
1024 4720 1073 4792 lta
1092 4718 1222 4792 facietis
1241 4720 1397 4790 inmeam
1410 4718 1773 4791 commemorationem:
1800 4718 2058 4811 quotiescumque

712 4838 799 4907 enim
825 4834 1064 4908 manducabitis
1091 4835 1337 4908 Sacramentum
1350 4834 1427 4922 boc,
1454 4845 1487 4907 et
1500 4832 1585 4906 bunc
1602 4836 1795 4926 sanguinem
1821 4829 1954 4920 bibetis,
1972 4850 2057 4903 mor-

711 4959 777 5022 tem
804 4973 911 5023 meam
938 4951 1177 5025 annunciabitis
1204 4952 1311 5024 donec
1336 4955 1478 5025 veniam.

818 5066 974 5161 Populos.
1000 5069 1118 5143 Mortis
1145 5079 1241 5161 tuae,
1266 5069 1428 5157 Domine,
1454 5070 1646 5140 memoriam
1673 5069 1819 5160 agium,
1846 5074 1909 5138 etc.
