4525 6034
677 529 713 607 x
1177 530 1566 611 nrssunrnrro
1629 622 1639 637 ,

679 728 715 790 et
741 741 839 813 qnam
864 717 989 789 idcirce
1013 719 1221 791 recentiores
1247 714 1394 791 nonntrlli
1420 720 1564 793 seorsim
1591 718 1726 808 editam,
1750 717 1933 811 Liturgiam
1948 724 2054 794 sancti

545 862 550 879 ·
679 831 861 913 Clementis
900 830 1163 928 appellaverunt
1215 831 1341 909 Varum
1377 830 1442 903 due
1481 836 1618 907 maximi
1649 837 1808 909 momenti
1839 836 1931 909 circa
1964 835 2054 911 illam

679 946 894 1023 observanda
921 955 1007 1020 sunt.
1040 946 1189 1021 Primum
1214 957 1279 1036 est,
1306 946 1395 1040 quod
1421 950 1485 1019 etsi
1510 951 1594 1023 viris
1613 948 1821 1023 doctissimis
1847 952 1966 1021 merito
1989 951 2054 1041 ju-

679 1064 824 1135 dicatum
844 1065 904 1152 sit,
932 1060 1196 1137 constitutiones
1217 1060 1290 1133 illas
1317 1070 1395 1133 ante
1422 1060 1607 1139 Concilium
1632 1062 1815 1137 Nicaenum
1841 1062 1948 1136 lumea
1974 1064 2055 1135 col-

680 1179 799 1267 lectas,
825 1198 894 1249 non
918 1185 1046 1268 nogant
1059 1184 1183 1265 tamen,
1209 1174 1425 1271 interpolatas
1452 1177 1526 1251 illas
1552 1176 1662 1250 multis
1687 1181 1721 1250 in
1747 1178 1831 1253 locis
1857 1177 1974 1270 inisse,
1989 1201 2056 1253 nec

678 1292 724 1371 ab
751 1292 927 1367 haereticis
948 1288 1067 1379 modo,
1094 1289 1183 1386 quod
1210 1300 1397 1363 aveternm
1410 1291 1545 1367 Patrium
1571 1292 1734 1365 nonnullis
1752 1291 1968 1368 observatum
1992 1304 2057 1387 est,

678 1408 745 1485 sed
771 1410 870 1483 etiam
897 1429 917 1478 a
942 1404 1114 1481 Librariis.
1166 1404 1250 1478 lllud
1275 1428 1379 1501 porro
1402 1408 1578 1499 iudicium,
1606 1411 1636 1482 si
1662 1411 1697 1480 in
1722 1407 1822 1481 ullam
1849 1408 2057 1483 collectionis

676 1533 811 1618 partem
836 1522 961 1597 cadere
986 1529 1114 1617 potest,
1146 1523 1181 1595 in
1215 1524 1311 1599 istum
1338 1545 1432 1614 sane,
1459 1546 1525 1619 qua
1547 1523 1722 1615 Litnrgiae
1747 1523 1830 1595 ordo
1856 1527 2055 1613 continetur,

548 1704 552 1715 ,
676 1650 748 1711 tam
773 1640 950 1735 perspicue
976 1646 1011 1709 et
1033 1639 1216 1713 minutatim
1232 1641 1418 1732 expositus,
1445 1647 1540 1713 utex
1556 1641 1737 1734 posteriori
1764 1638 2055 1734 disciplinanunc

678 1751 856 1825 Ecclesiae
878 1774 1000 1848 paoem
1026 1753 1152 1843 agenti
1178 1773 1247 1824 non
1271 1752 1561 1847 persecutionibus
1592 1757 1736 1847 agitatae
1770 1756 1960 1846 conveniat,
1984 1751 2056 1824 ad·

674 1868 748 1939 dita
775 1889 854 1943 esse
888 1866 989 1938 multa
1022 1865 1233 1941 menifestum
1260 1870 1311 1939 sit
1363 1866 1547 1941 mammet
1581 1867 1667 1941 banc
1702 1870 1927 1961 conjecturam
1962 1870 2055 1939 anti-

673 1986 838 2078 quissima
866 1979 1145 2055 Constitutionum
1181 1981 1324 2077 Syriaca
1356 1988 1486 2073 versio,
1520 2006 1567 2055 ex
1585 1982 1774 2057 codicibus
1803 1986 1864 2078 sqni
1891 1982 2055 2069 Graecos,

677 2108 714 2171 ut
739 2098 889 2187 videtur,
914 2098 1108 2191 animitate
1143 2106 1179 2168 ct
1206 2099 1404 2173 sinceritate
1439 2108 1615 2194 superant3
1650 2109 1685 2170 et
1715 2107 1793 2170 ante
1826 2097 1915 2169 mille
1947 2116 2054 2169 annos

677 2211 767 2287 iacta
794 2221 864 2304 ost,
890 2234 966 2287 oum
992 2214 1027 2284 in
1052 2234 1095 2287 ea
1127 2221 1199 2287 tota
1224 2212 1281 2285 illa
1305 2213 1478 2306 liturgiae
1504 2213 1612 2291 formu
1638 2235 1706 2286 non
1732 2223 1936 2307 compareat.
1983 2208 2054 2282 At-

676 2336 787 2401 tarum
821 2337 874 2405 est
908 2326 997 2422 quod
1030 2330 1161 2401 etiamsi
1189 2325 1330 2420 Graeci,
1361 2324 1559 2425 praesertim
1595 2332 1630 2403 in
1670 2326 1772 2401 rebus
1803 2326 2054 2401 Ecclesiastico

675 2441 828 2515 canosa
852 2441 975 2517 nubam
1002 2440 1167 2530 habeant,
1200 2452 1328 2538 partem
1354 2442 1440 2517 benc
1466 2466 1634 2538 nunquam
1659 2446 1744 2517 inter
1770 2452 1906 2517 veteres
1932 2440 2051 2512 Litnr-

676 2562 754 2651 gius
788 2558 993 2651 retulerunt,
1025 2580 1066 2629 ea
1098 2557 1217 2653 procul
1252 2556 1351 2631 dnbio
1384 2561 1515 2630 ratione
1554 2559 1660 2648 ducti,
1695 2556 1783 2652 quod
1808 2556 1887 2628 licet
1912 2555 2053 2627 formam

674 2673 859 2765 legitimam
892 2671 1067 2767 quamdam
1102 2675 1196 2747 sacri
1229 2671 1329 2744 officii
1358 2671 1577 2745 Eucharistici
1615 2675 1712 2764 juxta
1747 2671 1912 2744 Graecam
1947 2670 2053 2741 disci-

677 2787 801 2883 plinam
825 2795 1072 2883 repraesentet,
1098 2789 1133 2858 in
1159 2786 1248 2861 nulla
1275 2786 1419 2861 Orientis
1445 2786 1600 2860 Ecclesia
1626 2796 1784 2882 usurpata
1814 2785 1920 2859 luisse
1945 2806 2053 2878 repe-

676 2905 792 2975 riatur.
844 2902 958 2997 Atque
990 2901 1068 2994 inde
1100 2904 1322 2975 certissimum
1355 2911 1585 2994 argumentum
1618 2900 1801 2989 deducitur,
1838 2900 1880 2971 de
1917 2899 2054 2971 abarum

676 3017 817 3108 iacobi,
844 3017 958 3090 Basilii
993 3026 1028 3089 et
1053 3015 1289 3113 ctrysostomi
1323 3016 1546 3109 Liturgiarum
1584 3020 1777 3105 autoritate,
1813 3036 1896 3109 quas
1929 3017 2054 3110 passim

677 3130 802 3209 Graeci
827 3132 1048 3206 laudaverunt
1075 3142 1109 3204 et
1136 3142 1347 3226 receperunt,
1376 3135 1450 3227 quia
1478 3131 1606 3204 scilicet
1626 3131 1759 3228 publico
1786 3153 1849 3203 nsu
1874 3128 2054 3203 Ecclesia-

676 3271 750 3322 rnm
775 3246 1104 3338 commendabantur,
1132 3247 1222 3342 quod
1249 3245 1478 3319 clementinae
1505 3246 1631 3319 deerat
1693 3334 1697 3351 ν

355 3391 666 3462 matturpaspa.
781 3361 864 3436 Post
888 3363 1073 3435 Nicaenum
1107 3360 1311 3451 Concilium,
1348 3385 1413 3457 quo
1442 3364 1512 3454 jam
1542 3372 1695 3458 tempore
1725 3360 1916 3433 confirmata
1948 3359 2053 3451 longo

355 3485 397 3529 ¹⁰·
428 3479 455 3531 ⁵¹¹
484 3481 665 3578 anaqaranm
677 3501 838 3553 annorum
865 3478 1007 3551 decmsu
1031 3475 1261 3549 Eucharistiae
1293 3475 1515 3550 celebrandae
1540 3476 1650 3551 forma
1675 3476 1802 3567 fuerat,
1838 3477 2053 3568 agnoscimus

354 3563 713 3701 ξζζᾞῒόφωᾞθϊη
738 3603 928 3667 sanctorum
954 3592 1090 3667 Petrum
1116 3595 1269 3687 scriptis,
1295 3591 1414 3664 multas
1441 3591 1526 3664 illius
1554 3591 1651 3665 officii
1675 3601 1789 3688 partes
1814 3612 1882 3663 non
1909 3588 2054 3661 obscure

453 3688 462 3705 ⁹
675 3711 882 3804 designantes.
935 3708 988 3783 De
1016 3707 1221 3781 orationibus
1248 3711 1507 3803 praeparatoriis
1535 3707 1648 3780 dIcere
1675 3727 1961 3803 supervacaneum
1988 3715 2054 3792 est,

584 3918 587 3921 ¹
675 3849 753 3898 cum
771 3826 857 3899 ‚illae
883 3823 926 3897 ad
952 3827 1118 3897 actionem
1145 3845 1276 3897 sacram
1302 3825 1437 3917 proprie
1463 3843 1531 3894 non
1547 3826 1744 3917 pertineant
1797 3821 1922 3893 Verum
1941 3842 2052 3914 quae·
2186 3818 2188 3823 ’

676 3941 755 4017 dam
780 3943 947 4015 maximoe
978 3942 1155 4013 vetustatis
1187 3947 1284 4009 notas
1318 3935 1458 4026 habent,
1493 3947 1530 4008 ut
1562 3960 1648 4032 quae
1681 3941 1716 4009 in
1748 3932 1866 4007 Jacobi
1902 3935 2053 4027 Liturgia

672 4067 873 4146 nccmrunt,
900 4077 1053 4151 quaeque
1079 4059 1113 4125 in
1141 4054 1223 4127 alias
1251 4053 1459 4125 diversamm
1485 4052 1672 4144 linguarum
1699 4061 1754 4122 aut
1779 4054 1812 4122 in
1830 4053 1922 4146 ipsas
1938 4051 2052 4122 Grae-

674 4193 736 4245 cas
762 4170 943 4244 translatae
971 4177 1064 4243 sunt:
1092 4190 1231 4263 quaerum
1257 4168 1365 4241 forma
1390 4190 1456 4241 una
1481 4190 1550 4240 non
1575 4166 1648 4256 fuit,
1675 4189 1750 4238 cum
1762 4166 1956 4241 Sacerdotis
1983 4188 2053 4260 po·

673 4290 761 4377 tius,
787 4310 886 4382 quam
912 4285 1089 4358 Ecclesiae
1115 4284 1240 4380 preces
1260 4283 1381 4354 forent
1434 4282 1540 4354 lllatio
1566 4286 1661 4378 panis
1695 4292 1729 4353 et
1763 4280 1877 4354 calicis
1910 4279 2054 4378 simplex

673 4405 756 4477 olim
780 4401 862 4492 ituit,
889 4401 1123 4495 quamvispic
1150 4407 1284 4470 etcum
1316 4395 1482 4490 religione
1511 4396 1624 4488 fieret,
1657 4397 1744 4491 quod
1778 4395 1940 4468 elementa
1972 4415 2054 4466 mox

672 4521 710 4590 in
735 4537 863 4613 ‘corpas
898 4524 934 4588 et
965 4516 1162 4606 sangninem
1193 4512 1327 4586 Domini
1362 4512 1627 4601 transmutanda,
1663 4514 1846 4586 sanctitatis
1881 4509 2054 4604 quamdam

676 4637 825 4728 speciem
857 4629 983 4703 habere
1023 4628 1224 4701 viderentur.
1277 4629 1325 4700 At
1357 4630 1392 4699 in
1433 4627 1662 4723 Ecclesiamm
1698 4649 1783 4723 pace
1829 4625 1939 4699 addita
1974 4646 2053 4698 esse

671 4747 778 4821 multa
804 4770 890 4841 qnae
915 4746 959 4819 ad
985 4744 1143 4818 decorem
1172 4744 1287 4816 domus
1313 4743 1379 4815 Dei
1406 4743 1593 4837 augendum
1626 4751 1835 4840 spectarent,
1867 4751 1903 4813 nt
1933 4744 2053 4832 negari

673 4883 744 4935 non
758 4872 898 4957 potest,
933 4864 979 4933 ita
1006 4862 1245 4957 «superstitiose
1271 4858 1394 4933 iactum
1419 4860 1454 4931 id
1478 4859 1602 4950 inisse,
1633 4881 1732 4931 nemo
1766 4860 1830 4931 nisi
1865 4879 1926 4952 per
1953 4878 2050 4929 snm·

671 5000 764 5051 mam
804 4980 1021 5051 temeritatem
1060 4975 1319 5049 calumniabitur.
1375 4975 1493 5047 Lectio
1529 4998 1699 5050 sacrarum
1732 4976 1967 5070 scripturarum
2006 4995 2051 5045 ex
