4525 6034
591 640 638 714 IN
664 637 920 715 LITURGIAM
946 638 977 714 S.
1004 637 1229 715 MARUTAE.
1519 642 1595 716 2⁸13

216 822 328 903 quibus
352 822 481 884 vocibus
503 822 560 884 irae
582 824 613 883 in
636 829 735 903 parte,
758 822 964 902 operationem
986 824 1083 885 sancti
1105 823 1234 903 Spiritus
1257 823 1439 906 significant,
1461 826 1597 889 eamdem

217 924 278 983 vim
299 920 410 982 babent
432 939 468 982 ac
491 928 704 982 transmare.

305 1017 338 1080 in
360 1020 517 1099 prooemio
541 1018 676 1099 ejusdem
700 1017 846 1080 orationis
868 1016 906 1080 de
930 1016 1043 1099 Spiritu
1066 1023 1172 1079 sancto
1196 1015 1321 1096 dicitur,
1352 1022 1404 1100 qui
1426 1038 1447 1081 a
1470 1028 1499 1083 te
1517 1040 1596 1101 pro-

191 1195 194 1202 ,
217 1118 299 1180 cedit
320 1126 349 1179 ct
370 1136 391 1179 ιι
410 1119 474 1197 filio
496 1119 619 1196 occipit,
642 1135 720 1198 quae
743 1118 907 1178 communis
930 1124 977 1178 est
992 1114 1158 1178 seeundum
1170 1113 1330 1199 Evangelii
1352 1120 1458 1197 verba,
1481 1118 1597 1182 Orien-

215 1216 317 1278 talium
330 1215 508 1298 Tbeologia.
538 1214 663 1278 Addunt
678 1214 837 1295 aliquando
855 1222 886 1277 et
901 1233 923 1276 o
938 1216 1001 1293 litio
1016 1233 1095 1295 quae
1116 1214 1160 1274 od
1179 1219 1340 1278 essentiam
1362 1218 1428 1280 sive
1451 1217 1597 1280 udaian-
1622 1285 1625 1292 ,

217 1315 300 1376 tiom‘
310 1316 472 1394 pertineo,
490 1316 612 1393 accipit,
633 1314 715 1376 utin
738 1312 882 1394 Liturgiis
903 1312 1001 1393 Xysti,
1024 1319 1054 1376 et
1072 1311 1180 1394 ignatii
1199 1313 1594 1379 PatriarcbaeAntioobeni.

218 1412 294 1475 Cum
316 1430 391 1475 vero
415 1412 453 1474 de
474 1412 612 1475 Marutae
634 1412 771 1494 Liturgia
794 1419 912 1494 agutur,
935 1411 1149 1473 observatione
1173 1410 1296 1493 dignum
1319 1423 1376 1493 est,
1400 1415 1481 1496 quod
1504 1414 1535 1475 in
1558 1431 1595 1476 ea

217 1510 257 1574 de
279 1529 338 1591 qua
361 1529 436 1594 mon⁸
455 1510 611 1573 dicebatur
633 1509 833 1574 confessione
856 1509 941 1588 iidei,
965 1527 1043 1589 quae
1067 1508 1220 1572 Cononem
1243 1510 1279 1572 ii.
1302 1514 1458 1575 constituit
1481 1511 1596 1594 Synodi

217 1608 507 1672 iMiusSeieuciensis
524 1609 722 1692 quadraginta
734 1609 954 1691 Episcoporum
969 1611 997 1670 in
1014 1627 1073 1691 qna
1087 1605 1220 1672 Marutas
1235 1611 1391 1691 praesedit
1408 1630 1475 1673 curn
1490 1610 1595 1674 isaaco

219 1707 387 1786 Catboiioo,
411 1711 451 1770 ita
475 1708 512 1770 de
525 1708 637 1788 Spiritu
659 1715 764 1771 saneto
786 1707 959 1787 loquuntur.
985 1706 1167 1787 Confitentur
1177 1708 1420 1787 mumspottum
1441 1713 1544 1773 aivam
1567 1717 1596 1772 ct

219 1816 357 1869 sancum
385 1807 588 1886 Paraclitum,
618 1810 671 1887 qui
694 1814 742 1869 est
762 1826 802 1867 cc
823 1806 918 1868 Patre
940 1814 970 1868 et
990 1807 1084 1868 Filio:
1128 1806 1230 1887 Atque
1253 1806 1305 1869 iMo
1329 1809 1501 1870 testimonio
1524 1809 1596 1870 nibil

219 1905 350 1969 fortasse
374 1912 421 1966 est
443 1907 474 1966 in
495 1905 633 1967 Ecclesia
662 1905 738 1985 Syra
768 1905 935 1984 antiquius,
965 1920 1032 1965 cum
1061 1902 1168 1967 Codex
1197 1904 1391 1967 Florentinus
1421 1908 1596 1988 antiquitate

218 2004 431 2084 septingentos
454 2002 492 2065 ad
514 2004 663 2066 minimum
686 2018 782 2064 annos
810 2008 949 2083 superet:
979 2009 1009 2063 et
1038 2002 1105 2081 ipsa
1137 2000 1317 2081 Confessio,
1346 2002 1595 2068 Nestorianorum

220 2111 251 2165 et
272 2103 476 2165 iacobitarurn
499 2103 709 2164 schismatibus
731 2102 770 2164 sit
792 2100 885 2184 longe
908 2102 1065 2164 vetustior.

688 2381 723 2449 5.
766 2378 882 2472 Reges
909 2376 1132 2448 Christianos.

318 2569 357 2646 Sr
387 2582 453 2660 quis
476 2581 554 2643 banc
576 2581 760 2659 orationem,
792 2581 975 2662 antiquitatis
1001 2579 1079 2643 ultra
1101 2579 1318 2642 Mubamedaaa
1340 2587 1476 2661 tempora
1499 2601 1596 2666 argu-

218 2691 351 2747 mentum
373 2702 443 2746 esse
467 2684 555 2760 velit,
587 2702 647 2745 non
677 2684 835 2746 admodum
857 2683 1096 2765 repugnandum.
1142 2680 1203 2746 Sed
1225 2683 1255 2744 in
1278 2682 1384 2745 eadem
1407 2683 1595 2748 Collectione

217 2785 333 2863 primus
362 2780 466 2844 Canon
497 2781 564 2844 talis
595 2790 650 2844 est.
696 2780 820 2859 Oratio,
851 2783 1025 2861 deprecatio
1053 2790 1083 2844 et
1111 2782 1291 2861 meppiicatio
1319 2780 1468 2863 offer-otor
1490 2802 1596 2846 coram

217 2881 285 2943 Deo
306 2884 385 2953 civo,
407 2889 438 2942 et
458 2889 581 2956 sancto,
608 2900 668 2960 pro
690 2881 812 2961 regibus
834 2888 864 2942 et
880 2880 1087 2960 principibus,
1117 2888 1152 2942 ut
1173 2881 1363 2960 tmnprtiliom
1386 2888 1415 2942 ct
1431 2884 1596 2960 pacificam

217 2982 313 3041 vitum
343 2981 504 3059 de90mus,
532 2981 563 3039 in
591 2981 675 3040 omni
695 2981 856 3040 sanctitate
877 2986 908 3041 et
920 2980 1062 3057 justitio:
1090 2978 1207 3057 ipsique
1229 2980 1428 3058 cogitationes
1449 2980 1596 3059 superbos

218 3086 249 3139 et
270 3079 368 3138 duras
396 3096 456 3138 non
476 3075 604 3154 foveant
624 3085 731 3138 contro
751 3079 894 3156 ροριιὶιιιιι
914 3078 980 3138 Dei.
1026 3075 1090 3138 Moc
1114 3076 1184 3138 loco
1215 3076 1253 3138 dc
1277 3076 1456 3138 Christianis
1478 3081 1595 3158 princi-

218 3176 307 3257 pibus
337 3193 507 3237 sermonem
530 3193 589 3237 non
613 3194 683 3237 esse
707 3175 895 3238 manifestum
917 3184 973 3237 est.
1017 3174 1083 3237 Lex
1106 3175 1185 3236 enirn
1207 3174 1258 3236 iiia
1280 3176 1495 3239 Ecclesiastico
1518 3195 1596 3257 pro-

218 3273 352 3356 mulgata
370 3281 416 3335 est
432 3276 462 3335 in
477 3274 600 3355 Synodo
612 3273 834 3354 Episcoporum
846 3274 987 3352 Persidis,
1013 3282 1201 3356 congregata
1223 3274 1254 3334 in
1275 3272 1352 3335 urbe
1374 3274 1481 3357 Regia,
1503 3276 1595 3337 totius

217 3374 308 3455 regni
330 3372 509 3454 Metropoli,
542 3371 598 3434 sub
629 3372 796 3454 isdegerde
823 3373 908 3456 Rege
937 3372 1062 3447 inlideir',
1094 3371 1144 3451 qui
1173 3371 1203 3432 in
1226 3372 1347 3434 Persica
1369 3390 1424 3434 sua
1445 3372 1594 3454 reiigione

218 3471 310 3531 vixit:
336 3469 447 3550 quique
470 3469 541 3531 iicet
552 3470 729 3533 Christianis
751 3471 921 3533 libertatem
944 3471 1073 3551 aliquam
1090 3469 1234 3551 precibus
1251 3477 1281 3531 et
1295 3470 1445 3532 miraculis
1459 3470 1594 3534 Marutae

217 3571 316 3630 victus
341 3571 544 3647 concesserit,
573 3587 724 3649 nunquam
747 3578 845 3631 tamen
869 3569 990 3633 Christo
1014 3587 1123 3631 nornen
1146 3567 1243 3647 dedit,
1266 3568 1321 3629 sed
1343 3570 1374 3629 in
1396 3569 1515 3650 Magios
1538 3589 1595 3633 su-

217 3669 397 3749 perstitione
421 3667 520 3747 periit.
565 3667 662 3748 Sapor
685 3670 750 3749 ejus
774 3678 861 3748 pater
882 3669 912 3729 in
936 3667 1123 3730 Christianos
1147 3667 1354 3729 crudelissime
1376 3669 1540 3746 saevierat,
1564 3676 1595 3732 et

216 3766 311 3828 muita
334 3764 423 3827 miliia
447 3766 610 3845 Martyrum
632 3767 725 3829 variis
748 3766 904 3847 suppliciis
928 3772 1146 3828 consumserat.
1179 3764 1252 3827 Cum
1275 3766 1367 3846 igitur
1382 3766 1499 3828 Maruta
1521 3785 1595 3830 sen-

216 3867 331 3927 tentiae
355 3865 492 3944 principe
515 3872 658 3927 statutum
681 3865 781 3942 luerit,
805 3871 838 3925 ut
859 3883 917 3945 pro
940 3864 1074 3947 Regibus
1098 3873 1128 3926 et
1151 3865 1336 3945 principibus
1360 3867 1596 3946 qualescumque

215 3966 329 4036 forent,
353 3964 442 4023 etiarn
464 3962 634 4025 infidelibus
657 3972 688 4025 et
710 3963 957 4044 persecutoribus
981 3971 1134 4041 oraretur,
1157 3963 1250 4025 verba
1273 3963 1352 4026 iilius
1375 3966 1521 4027 orationis
1544 3965 1595 4025 in-

217 4061 385 4144 telligenda
413 4069 483 4123 sunt
511 4062 549 4123 de
572 4070 653 4125 statu
674 4061 832 4125 Ecclesiae
855 4061 911 4124 sub
935 4059 1112 4124 Christianis
1137 4061 1337 4152 principibus,
1368 4082 1446 4144 quae
1475 4083 1514 4126 ex
1536 4082 1595 4124 ve-

216 4160 276 4222 teri
299 4177 357 4221 usu
380 4162 409 4220 in
431 4161 575 4242 liturgiis
598 4170 718 4222 servata
742 4169 826 4236 sunt3
857 4177 918 4222 non
947 4159 1029 4239 quod
1059 4160 1175 4222 Maruta
1205 4167 1256 4221 aut
1283 4159 1332 4222 alii
1355 4160 1511 4223 docuerint
1534 4178 1597 4223 non

216 4260 364 4320 orandum
394 4276 450 4338 pro
480 4258 671 4338 infidelibus,
703 4279 769 4322 cum
797 4262 885 4321 etiam
916 4277 972 4339 pro
1003 4258 1249 4338 persecutoribus
1281 4258 1441 4322 Cirristiani
1476 4276 1598 4338 semper

216 4359 384 4422 oraverint.

598 4616 633 4689 6.
669 4616 813 4687 Petrum
841 4616 1128 4703 Oribodocorum,
1156 4622 1220 4686 cic.

315 4809 504 4893 Anrrqmonr
526 4820 679 4903 liturgiae
701 4828 733 4882 ut
754 4820 889 4882 Marutae
913 4826 1013 4894 esset,
1043 4819 1068 4882 si
1092 4818 1128 4879 ab
1153 4818 1261 4880 eodem
1285 4819 1481 4898 compositam
1503 4815 1597 4880 luisse

212 4931 390 5001 constaret,
414 4923 503 5004 adjici
527 4924 663 5004 potuisse
686 4923 806 4984 nomina
830 4921 956 4983 aliorum
978 4923 1029 5003 qui
1052 4923 1150 4983 serius
1172 4922 1325 5000 vixerunt,
1348 4923 1476 5002 probant
1499 4922 1598 4984 Grae-

138 5013 145 5022 ’
212 5040 324 5085 carum
347 5029 378 5083 et
401 5021 525 5084 aliarum
548 5023 751 5105 liturgiarum
774 5020 913 5101 exempla
932 5022 1051 5100 muita,
1083 5028 1114 5082 ut
1143 5020 1212 5082 aiibi
1241 5019 1335 5083 iusius
1366 5022 1596 5102 explicavimus,

208 5122 289 5185 dum
311 5123 485 5185 inanitatem
509 5120 637 5185 Critices
660 5122 760 5184 Riveti
783 5120 1072 5200 demonstravimuS,
1102 5119 1153 5199 qui
1183 5139 1224 5183 ex
1253 5120 1400 5202 ejusmodi
1428 5121 1597 5186 nominibus
