4525 6034
642 573 1177 653 alexanarino
1445 572 1577 647 1421

319 758 437 834 CXIV.
465 784 509 834 iv.
536 762 602 834 Eat
627 762 830 856 Metropolis
855 761 1000 852 Siodioe
1026 769 1061 834 et
1085 763 1208 834 lodice
1234 767 1270 832 et
1300 761 1462 833 ditionum
1494 784 1583 856 quoe

218 879 283 950 iilic
309 883 531 950 continentur.
579 880 628 952 lta
655 878 773 973 editor,
799 902 897 975 quem
922 902 991 952 non
1018 877 1325 953 tcmcre·lortassis
1348 876 1582 971 judicabimus

218 1005 270 1067 aut
294 998 329 1066 in
354 999 510 1068 vitiosam
536 999 733 1092 scripturam
758 996 935 1084 incidisse,
962 1005 1019 1067 aut
1044 1017 1153 1090 pravo
1178 993 1328 1087 legisse,
1363 1001 1418 1066 aut
1450 993 1582 1066 tandem

217 1122 364 1183 autorem
390 1133 488 1206 quem
515 1123 648 1185 secmus
675 1122 728 1184 εει
753 1111 982 1185 hallucinatum
1015 1112 1131 1185 luisse.
1190 1110 1277 1184 Nam
1312 1109 1389 1206 quid
1423 1110 1583 1182 Alexan-

218 1228 311 1300 drino
337 1227 549 1301 Patriarchce
582 1251 657 1299 cura
692 1227 783 1300 India
816 1251 990 1300 commune
1023 1250 1102 1302 esse
1135 1227 1264 1324 potuit?
1303 1225 1425 1302 Notum
1462 1232 1584 1324 quippe

217 1354 266 1417 εει
293 1367 339 1416 ex
366 1343 507 1419 Graecis
532 1343 678 1432 Notitiis,
706 1355 740 1416 et
755 1343 833 1417 Nilo
851 1345 1073 1441 Doxapatrio,
1098 1343 1237 1434 Indiam,
1264 1352 1300 1417 at
1320 1343 1403 1418 alias
1424 1346 1584 1437 regiones

217 1461 360 1535 Orientis
386 1464 521 1557 proprie
554 1460 630 1533 dicti
665 1459 772 1532 terme
807 1483 942 1549 omnes,
976 1460 1018 1531 ad
1051 1460 1295 1534 Antiochenam
1327 1459 1442 1533 sedem
1473 1462 1585 1555 perti-

216 1581 338 1650 nuisse.
399 1577 518 1672 Neque
557 1599 632 1650 cum
663 1586 928 1666 ¹commentatore
963 1576 1180 1650 laborandum
1214 1586 1285 1665 est,
1321 1587 1356 1649 ut
1391 1576 1585 1650 ostendatur

215 1695 340 1767 Indiam
367 1704 402 1765 ει
426 1693 575 1765 Sindiam
600 1696 634 1764 in
659 1694 743 1766 Asia
770 1715 867 1782 csse,
893 1693 994 1766 multo
1020 1695 1127 1765 minus
1155 1692 1409 1765 existimandum
1445 1716 1491 1765 ex
1522 1692 1586 1764 hac

216 1810 339 1884 Notitia
378 1813 538 1905 consequi
576 1808 790 1881 Paniarchae
823 1808 1043 1883 Alexandrini
1084 1818 1284 1905 potestatem
1323 1810 1409 1881 intra
1444 1807 1585 1881 Africae

215 1927 335 1999 limites
368 1929 548 1998 coercitam
586 1947 654 1998 non
687 1924 800 1998 hrisse.
859 1927 929 1998 lmo
964 1928 1073 2021 potius
1108 1924 1185 1997 inde
1221 1927 1406 1997 certissime
1438 1925 1585 2010 efficitur,

216 2043 375 2115 Notitiam
402 2065 480 2116 esse
505 2041 738 2131 falsissimam,
767 2064 954 2137 quaecum
981 2041 1054 2115 aliis
1081 2039 1254 2131 omnihus,
1289 2051 1323 2113 ει
1354 2046 1498 2116 omnium
1530 2039 1586 2110 hi-

217 2163 395 2232 storiarum
422 2161 609 2231 testimonio
635 2180 786 2252 pugnare
812 2157 1087 2254 deprehendatur.
1140 2157 1259 2253 Neque
1290 2161 1377 2229 enim
1404 2158 1446 2230 de
1472 2158 1587 2231 Indiae

218 2278 359 2372 antiquis
385 2274 581 2347 Christianis
614 2279 694 2347 satis
726 2285 935 2371 perspectum
964 2286 1032 2363 est,
1067 2274 1199 2371 quando
1227 2274 1270 2347 ad
1294 2273 1392 2347 fidem
1420 2274 1586 2349 Christia—
1629 2354 1641 2376 x

216 2415 291 2464 nam
320 2394 488 2464 venerint:
515 2389 575 2462 scd
598 2392 669 2482 jam
695 2390 737 2463 ah
766 2401 888 2464 octavo
914 2391 1062 2480 saeculo,
1086 2396 1208 2465 scimus
1231 2414 1347 2464 omnes
1369 2391 1481 2466 Indiae
1497 2414 1586 2487 pro-

216 2512 287 2605 prie
317 2508 425 2581 dictae
452 2507 658 2589 Christianos
685 2507 747 2580 suh
776 2505 1018 2581 catholicorum
1045 2507 1328 2600 hlodainensium,
1356 2530 1418 2581 seu
1444 2508 1586 2602 Bagda-

218 2626 369 2698 densium
395 2622 634 2696 Ecclesiastico
660 2634 827 2720 potestate
852 2622 975 2714 luisse,
1002 2636 1037 2697 ει
1062 2651 1083 2698 a
1110 2627 1221 2698 missis
1249 2648 1308 2700 eas
1334 2629 1367 2698 in
1393 2629 1586 2722 provincias

219 2739 449 2814 sacerdotibus
477 2749 510 2812 ει
534 2740 733 2837 Episcopis,
759 2740 1059 2815 Nestorianismum
1086 2741 1266 2829 didicisse,
1300 2745 1335 2815 in
1368 2765 1433 2838 quo
1460 2764 1586 2838 perse·

218 2858 382 2932 vorabant
417 2856 542 2946 adhuc,
578 2880 651 2929 cum
682 2857 832 2930 Lusitani
864 2856 925 2930 suh
958 2859 1057 2932 finem
1092 2858 1168 2931 XV.
1202 2860 1328 2933 saeculi
1368 2880 1410 2931 eo
1444 2857 1586 2931 navibus

217 2983 452 3073 pervenemnt.
503 2974 666 3066 Bagdado
693 2978 727 3046 in
752 2974 877 3048 Indiam
902 2976 1113 3049 mittebantur
1139 2975 1385 3073 Metropolitae,
1412 2997 1516 3070 usque
1544 2976 1586 3048 ad

218 3093 365 3164 ulhmum
392 3089 579 3163 saeculum:
613 3113 795 3185 omnesque
821 3089 888 3163 illic
913 3090 1019 3164 terme
1044 3090 1266 3164 Nestorianos
1292 3089 1415 3178 luisse,
1446 3099 1586 3163 testatur

220 3211 298 3281 satis
326 3207 474 3280 Historia
500 3206 615 3278 Alexii
642 3205 684 3278 de
709 3203 880 3296 Meneses,
908 3211 962 3301 qui
982 3207 1024 3279 ad
1049 3231 1166 3280 eorum
1187 3210 1442 3280 conversionem
1462 3217 1587 3280 tantum

220 3347 347 3421 operae
374 3326 493 3420 posuit.
546 3322 637 3395 Idem
664 3323 706 3394 de
732 3327 907 3419 antiquiori
934 3333 1084 3420 tempore
1111 3322 1255 3420 probant
1287 3333 1421 3396 autores
1455 3326 1509 3418 qui
1543 3324 1585 3395 de

221 3440 467 3514 catholicorum
493 3436 594 3512 rehus
621 3442 803 3536 scripsere,
829 3441 955 3529 Maria,
980 3451 1015 3512 et
1039 3443 1182 3515 Amrus:
1217 3452 1252 3513 ut
1280 3438 1357 3512 alibi
1383 3437 1488 3512 fusius
1516 3462 1586 3511 ex-

218 3556 424 3652 plicabimus.
477 3554 573 3628 Unda
598 3565 691 3628 recte
716 3554 857 3649 legimus
885 3560 918 3628 in
946 3557 1070 3630 Ordine
1088 3556 1322 3653 Metropoleon
1348 3554 1434 3628 illius
1461 3565 1586 3643 sectae,

219 3672 428 3765 Metropolim
454 3672 576 3744 Indiae
602 3679 637 3743 et
669 3671 852 3756 Simorum
884 3696 982 3768 quem
1017 3673 1142 3746 titulum
1184 3671 1387 3769 usurpabant
1425 3672 1527 3745 ultimi
1563 3698 1583 3745 a

218 3788 431 3880 Bagdadensi
458 3787 630 3862 Catlrolico
657 3791 821 3883 superiori
846 3790 983 3862 saeculo
1011 3790 1054 3863 ad
1085 3788 1370 3882 Angamalensem
1401 3788 1587 3862 Ecclesiam

219 3908 333 3992 missi,
359 3905 434 3976 Mar
459 3903 566 3976 Jacob
594 3915 629 3975 et
653 3904 728 3977 Mar
753 3902 900 4000 loseph,
927 3927 1011 3999 quos
1037 3907 1208 3981 hlenesius
1235 3916 1268 3977 ει
1286 3906 1455 4001 Inquisitio
1481 3906 1587 3978 Lusi-

220 4024 328 4092 tanica
355 4021 437 4093 sede
463 4042 523 4092 sua
549 4019 820 4093 extmhaverunt.
873 4021 911 4093 ln
931 4020 1023 4095 ludia
1059 4030 1115 4094 aut
1141 4021 1266 4112 Sindia,
1294 4045 1381 4117 quae
1408 4026 1480 4115 ejus
1508 4043 1588 4118 pars

221 4149 288 4227 est,
316 4140 379 4208 vix
403 4135 461 4208 ulli
486 4160 631 4232 unquam
656 4136 834 4209 Jacohitae
859 4141 1005 4234 reperti,
1037 4148 1270 4235 praeterquam
1296 4142 1330 4210 in
1357 4137 1498 4211 Socotra
1526 4139 1587 4209 lu·

220 4254 307 4343 sula,
337 4251 523 4348 dequibus
551 4253 670 4326 dictum
698 4264 751 4326 εει
776 4255 840 4326 alio
865 4254 954 4327 loco.

325 4368 429 4442 CXV.
480 4393 515 4443 v.
541 4369 651 4443 Sedes
676 4376 728 4443 ert
752 4370 1012 4463 Metropolitooi
1027 4371 1222 4444 Hotossioe
1248 4379 1283 4445 et
1309 4377 1452 4445 omnium
1477 4373 1586 4443 ditio-

1634 4357 1779 4443 Aethiopia:

221 4510 296 4558 mn
323 4492 415 4578 ejas:
445 4485 647 4582 Aethiopiae
673 4486 800 4559 scilicet
825 4489 960 4582 proprie
988 4488 1105 4561 dictae.
1158 4489 1248 4564 Illius
1284 4494 1406 4564 mentio
1439 4488 1527 4562 nulla
1554 4493 1587 4560 in
1702 4547 1704 4552 .

221 4602 427 4674 Graecorum
452 4601 601 4675 Notitiis:
638 4606 714 4699 quia
741 4601 869 4675 scilicet
894 4624 939 4675 ex
966 4627 1031 4700 quo
1059 4608 1167 4680 scissa
1194 4617 1247 4679 est
1273 4605 1448 4700 Ecclesia,
1479 4627 1585 4702 prae-

222 4718 333 4789 sertim
360 4718 491 4812 quando
519 4719 652 4794 Arahcs
670 4722 865 4816 Aegyptum
892 4719 1113 4815 subegerunt,
1139 4721 1329 4813 Jacohitae,
1357 4725 1411 4818 qui
1438 4722 1500 4795 soli
1525 4744 1588 4819 per

222 4854 326 4906 annos
352 4857 459 4933 prope
485 4847 614 4909 ceamm
642 4835 843 4910 Cathedram
868 4837 1124 4911 Patriarchalem
1149 4849 1341 4929 tenuerunt,
1368 4841 1478 4914 missis
1498 4838 1587 4935 Epi-

222 4953 332 5045 scopis
359 4973 441 5024 suae
468 4963 600 5043 sectae,
626 4952 843 5026 totamillam
868 4959 1042 5047 regionem
1068 4956 1111 5027 ad
1138 4978 1230 5029 suam
1254 4954 1409 5028 haeresin
1436 4965 1587 5029 transtu-

221 5064 335 5139 lerunt
388 5069 504 5165 ltaque
530 5073 629 5143 etiam
656 5093 698 5143 eo
730 5070 808 5143 loco
843 5069 967 5144 Notitia
1003 5072 1059 5144 illa
1089 5071 1176 5146 falsa
1211 5093 1288 5145 csse
1324 5071 1587 5168 deprehenditur.
1708 5159 1714 5170 ⁶

1307 5188 1384 5266 69*
