4525 6034
454 600 844 682 DOGTORUM
896 603 1347 683 sanctonum
1509 605 1583 680 411

213 793 412 886 precatoriis
443 789 637 888 Seraphim,
682 794 737 888 qni
774 792 838 865 alis
873 761 938 866 ser'r
971 795 1141 886 instructi,
1178 793 1291 868 effusis
1325 793 1469 868 vocibus
1504 796 1586 884 suis,

214 907 370 999 laudant,
397 908 558 996 clamant,
573 921 618 982 ¹et
644 909 765 982 dicunt

319 1024 481 1118 Populus.
536 1027 690 1100 Sanctus.

318 1137 493 1216 sacerdon
524 1144 716 1226 incitantes.
769 1143 912 1216 Sanctus
944 1165 998 1233 es,
1030 1142 1192 1234 Domine,
1226 1152 1364 1239 potens,
1400 1164 1475 1214 cum
1506 1145 1587 1215 uni-
1633 1154 1740 1209 tonnae
1767 1155 1912 1228 naaman-

214 1263 326 1352 genito
353 1259 438 1335 Filio
465 1270 541 1351 tuo,
569 1271 602 1332 et
627 1261 752 1358 Spiritu
779 1270 835 1334 tuo
863 1272 994 1349 sancto,
1020 1283 1088 1333 una
1113 1271 1232 1332 natura
1262 1258 1424 1350 indivisa,
1457 1269 1586 1349 sancta,
1599 1248 1664 1294 ⁸¹⁸²·

213 1387 248 1449 et
273 1380 382 1476 omnia
411 1378 647 1451 sanctificante.
700 1380 802 1452 Pater
828 1380 884 1474 qni
910 1379 997 1450 misit
1022 1377 1141 1450 Filium
1167 1400 1272 1462 suum,
1300 1375 1343 1448 ad
1359 1376 1498 1449 salutem
1513 1399 1585 1449 uo-

213 1503 337 1583 stram,
365 1503 398 1566 et
422 1494 526 1569 Filius
554 1499 609 1590 qni
635 1497 826 1568 incarnatus
863 1517 909 1566 ex
941 1496 1103 1587 genitrice
1136 1492 1202 1565 Dei
1234 1493 1362 1581 Maria,
1399 1515 1519 1590 passus
1552 1503 1587 1565 et

213 1609 391 1684 crucifixus
418 1622 486 1701 est,
512 1621 651 1707 propter
675 1613 855 1704 imaginem
882 1633 977 1684 suam
1004 1633 1090 1706 quae
1117 1619 1274 1707 corrupta
1302 1608 1422 1701 fluerat,
1449 1619 1483 1681 et
1499 1608 1585 1705 Spi-

213 1732 294 1802 ritus
322 1737 474 1819 sauctus,
501 1728 724 1801 sanctificator
750 1728 987 1801 sacrificiorum
1014 1727 1212 1800 divinorum.

316 1845 467 1918 Elennaa
491 1867 617 1917 ccccm
671 1841 756 1918 cam
782 1867 867 1937 ergo
894 1855 1109 1940 suscepturus
1136 1853 1229 1916 esset
1254 1854 1398 1917 mortem
1421 1843 1585 1919 voluntn-
1625 1841 1723 1942 'Jacobs
1741 1845 1837 1899 F¹⁸¹¹¹⁸
1855 1846 1911 1901 ⁰⁰·

212 1964 295 2033 riam
322 1983 384 2057 pro
411 1959 509 2034 nobis
535 1959 787 2057 peccatoribus,
813 1966 887 2057 ipse
915 1964 988 2033 sine
1013 1970 1174 2057 peccato,
1208 1983 1249 2032 ea
1281 1971 1382 2034 nocte
1417 1985 1482 2056 qna
1500 1973 1585 2035 ‘tra-
1598 1944 1668 2010 '⁰¹⁹¹'

213 2076 370 2166 debatur,
395 2088 432 2151 ut
458 2088 644 2174 pateretur,
672 2080 801 2175 accepit
813 2099 935 2173 panem
952 2083 986 2150 iu
1003 2100 1121 2151 manus
1136 2099 1216 2149 suns
1230 2085 1377 2168 sancius,
1403 2087 1438 2149 et
1452 2081 1586 2172 aspexit

213 2194 255 2268 nd
287 2206 321 2267 te
354 2196 462 2267 Deum
494 2205 528 2266 et
553 2195 705 2283 Patrem,
733 2204 766 2267 et
791 2196 918 2287 gratias
946 2217 1052 2287 agens
1078 2200 1099 2277 †
1125 2192 1313 2282 benedixit,
1340 2200 1361 2275 l
1389 2193 1585 2266 sanctifica·

210 2315 278 2401 vit,
304 2319 325 2394 †
351 2310 473 2404 fregit,
500 2320 534 2382 et
568 2311 658 2383 dedit
690 2311 857 2409 discipulis
893 2315 963 2384 suis
998 2321 1033 2384 et
1063 2310 1241 2408 Apostolis
1277 2315 1419 2402 sanctis,
1451 2311 1584 2384 dicens:

212 2429 384 2523 Accipite,
410 2427 498 2500 edite
525 2451 572 2500 ex
604 2449 663 2516 eo,
690 2428 766 2500 Hoc
792 2441 845 2502 est
877 2451 1000 2524 corpus
1035 2450 1145 2500 meum
1178 2427 1268 2523 quod
1300 2451 1363 2524 pro
1398 2425 1515 2515 vobis,
1551 2438 1586 2500 et

211 2567 274 2641 pro
301 2544 411 2617 multis
437 2543 620 2636 frangitur,
648 2554 682 2615 et
707 2545 822 2634 datur,
848 2549 881 2617 in
907 2546 1140 2618 remissionem
1165 2553 1394 2640 peccatorum,
1423 2559 1457 2621 et
1482 2551 1586 2621 vitam

214 2670 395 2732 aeternam.
447 2659 603 2732 Similiter
630 2664 749 2751 edam,
776 2671 811 2733 et
824 2660 962 2733 calicem
982 2671 1157 2758 postquam
1174 2673 1414 2753 coenaverunt,
1440 2665 1586 2738 miscens

214 2800 261 2848 ex
286 2780 367 2849 vino
395 2785 429 2847 et
455 2798 561 2871 aqua,
588 2781 716 2868 gratias
744 2780 831 2870 egit,
858 2784 879 2859 †
905 2775 1089 2868 benedixit,
1115 2784 1137 2860 †
1164 2777 1384 2851 sanctificavit
1400 2787 1422 2863 †
1439 2789 1474 2851 et
1495 2780 1584 2853 dedit

213 2893 380 2989 discipulis
406 2894 491 2980 suis,
519 2901 553 2963 et
578 2893 750 2988 Apostolis
778 2897 919 2983 sanctis,
952 2893 1082 2966 dicens:
1116 2895 1290 2989 Accipite,
1325 2894 1428 2968 bibite
1462 2919 1508 2968 ex
1542 2919 1584 2969 ec

213 3033 347 3082 omnes:
374 3009 438 3081 Hic
465 3018 517 3080 est
542 3012 679 3101 sanguis
707 3032 800 3081 mens
826 3008 918 3082 Novi
945 3009 1168 3101 Testamenti,
1204 3014 1260 3107 quui
1292 3032 1355 3108 pro
1389 3009 1510 3101 uobis,
1552 3024 1586 3085 et

211 3127 409 3223 promulsis
437 3124 626 3214 effunditur,
654 3136 688 3198 et
714 3126 809 3199 datur
835 3131 868 3197 iu
894 3128 1123 3199 remissionem
1149 3135 1385 3222 peecatomm,
1413 3141 1447 3203 et
1481 3132 1584 3204 vitam
1634 3141 1731 3211 cautu.

212 3254 391 3315 aeternam.
445 3242 661 3315 sanctitatem
689 3264 773 3314 vero
800 3245 953 3338 corporis
980 3252 1014 3314 et
1041 3246 1211 3339 sanguinis
1238 3248 1289 3317 sni
1316 3248 1397 3342 ipsis
1429 3269 1584 3322 commu·
1806 3229 1812 3238 ί

182 3366 347 3451 nicene,
372 3364 465 3457 prins
493 3360 678 3449 admonuit,
705 3365 944 3457 praecepitque
979 3365 1049 3451 eis3
1085 3385 1160 3434 cum
1191 3362 1255 3435 illis
1287 3362 1584 3455 communicabitis,

211 3487 412 3551 mementote
439 3488 473 3550 et
499 3481 590 3570 agite
616 3481 966 3551 commemorationem
993 3480 1109 3552 mortis
1136 3501 1250 3567 meae,
1277 3480 1386 3554 donec
1413 3484 1557 3554 veniam.

315 3595 476 3689 Populus.
528 3594 647 3667 Mortis
674 3605 760 3667 tuae.

315 3712 499 3784 Sacerdos.
552 3712 749 3784 Memoriam
776 3714 875 3784 etiam
902 3714 1032 3805 agimus
1064 3716 1208 3785 omnium
1235 3711 1365 3786 illorum
1393 3740 1479 3811 quae
1507 3718 1583 3792 dis-

211 3834 403 3925 pensatorie
428 3851 492 3925 pro
518 3828 616 3902 nobis
643 3839 720 3901 ate
746 3839 819 3901 ‘acta
847 3838 882 3900 et
902 3826 1052 3924 perlecta
1076 3839 1162 3917 sunt,
1190 3828 1322 3904 Christe
1341 3830 1435 3905 Deus
1450 3843 1582 3908 noster:

211 3949 393 4019 nndmmtis
420 3955 497 4019 tune
523 3945 695 4033 salutaris,
722 3944 929 4041 baptismatis
956 3947 1002 4016 tui
1028 3945 1149 4036 divini,
1176 3947 1367 4044 sepulturae
1383 3957 1459 4020 tnae
1485 3954 1582 4025 vivi-

211 4062 311 4152 ficae,
350 4062 621 4137 Resurrectionis
661 4073 738 4135 tuae
780 4061 984 4152 dominicae,
1026 4064 1247 4138 Asceasicnis
1292 4074 1370 4136 tuae
1408 4065 1582 4158 excelsae,

211 4181 440 4274 sessionisque
466 4191 544 4251 tuae
571 4178 613 4251 ad
640 4180 815 4252 dexteram
841 4177 906 4249 Dei
932 4188 966 4249 et
991 4177 1109 4250 Patris.
1162 4180 1285 4253 lterum
1319 4185 1418 4254 etiam
1446 4182 1582 4256 adven-

210 4305 263 4366 tus
290 4298 337 4367 tui
362 4295 452 4391 pleni
478 4305 623 4367 tremore
649 4299 842 4368 memoriam
871 4296 1021 4386 agimus,
1049 4318 1123 4366 cum
1150 4296 1184 4366 in
1210 4295 1318 4389 gloria
1344 4320 1466 4390 magna
1490 4323 1582 4374 exo·

209 4413 327 4497 riens,
342 4415 444 4483 vivos
471 4419 505 4481 et
530 4422 679 4484 mortuos
703 4412 908 4504 judicatums
936 4432 993 4484 es:
1019 4434 1094 4483 cnm
1107 4411 1232 4504 Angeli
1255 4413 1380 4505 judicio
1402 4427 1457 4489 tuo
1478 4421 1583 4489 territi

210 4538 323 4617 erunt,
348 4528 538 4600 Potestatas
566 4527 822 4618 tremebundae,
850 4526 992 4600 Ordines
1027 4527 1195 4603 coelestes
1229 4531 1430 4620 conturbati,
1465 4556 1581 4606 omnes

209 4640 361 4716 homines
387 4647 421 4715 in
447 4646 544 4715 animi
571 4645 715 4740 deliquio
743 4655 885 4734 stantes,
910 4644 1071 4739 judicium
1096 4644 1245 4719 terribile
1270 4655 1305 4719 et
1330 4670 1487 4722 severum
1510 4673 1581 4723 ex-

208 4759 405 4854 pectabunt:
432 4771 509 4832 tunc
536 4785 610 4834 cum
632 4764 759 4855 justitia
785 4764 892 4833 minas
919 4765 1130 4856 experietur,
1156 4785 1267 4858 neque
1297 4767 1406 4856 gratia
1442 4770 1580 4841 miseri-

209 4876 359 4950 cordiam
384 4877 582 4973 praestabit:
610 4902 684 4951 cnm
712 4876 878 4951 carbones
905 4878 1080 4969 ardentes,
1106 4877 1238 4952 flamma
1265 4878 1485 4972 comburens,
1511 4905 1580 4976 ge-

209 4991 318 5065 benna
344 4996 544 5067 inextincta:
572 5002 661 5086 tunc,
688 5018 761 5068 cnm
788 4999 965 5093 petitiones
991 4995 1211 5093 repellentur,
1238 4997 1492 5094 deprecationes
1513 5023 1582 5075 non

210 5112 451 5205 suscipientur,
488 5115 658 5186 orationes
699 5134 766 5186 non
809 5111 998 5201 audientur,
1042 5116 1302 5190 intercessiones
1344 5119 1581 5213 cujuscumque

255 5249 379 5295 innnslt
1324 5233 1373 5311 55

684 5463 702 5506 a
