<?xml version="1.0" encoding="UTF-8"?>
<!DOCTYPE html PUBLIC "-//W3C//DTD XHTML 1.0 Transitional//EN"
    "http://www.w3.org/TR/xhtml1/DTD/xhtml1-transitional.dtd">
<html xmlns="http://www.w3.org/1999/xhtml" xml:lang="en" lang="en">
 <head>
  <title>
</title>
<meta http-equiv="Content-Type" content="text/html;charset=utf-8" />
  <meta name='ocr-system' content='tesseract 3.04.00' />
  <meta name='ocr-capabilities' content='ocr_page ocr_carea ocr_par ocr_line ocrx_word'/>
</head>
<body>
  <div class='ocr_page' id='page_1' title='image "./liturgiarumorie00unkngoog_1005.png"; bbox 0 0 4525 6034; ppageno 0'>
   <div class='ocr_carea' id='block_1_1' title="bbox 600 602 1599 690">
    <p class='ocr_par' dir='ltr' id='par_1_1' title="bbox 600 602 1599 690">
     <span class='ocr_line' id='line_1_1' title="bbox 600 602 1599 690; baseline -0.008 -2"><span class='ocrx_word' id='word_1_1' title='bbox 600 610 728 690; x_wconf 83' lang='lat' dir='ltr'>NOTAE</span> <span class='ocrx_word' id='word_1_2' title='bbox 755 611 795 686; x_wconf 86' lang='lat' dir='ltr'><strong>lll</strong></span> <span class='ocrx_word' id='word_1_3' title='bbox 820 606 1027 685; x_wconf 81' lang='lat' dir='ltr'><strong>lllllRGllll</strong></span> <span class='ocrx_word' id='word_1_4' title='bbox 1052 602 1237 687; x_wconf 71' lang='lat' dir='ltr'><strong>totostoto.</strong></span> <span class='ocrx_word' id='word_1_5' title='bbox 1522 605 1599 682; x_wconf 82' lang='lat'><strong>295</strong></span> 
     </span>
    </p>
   </div>
   <div class='ocr_carea' id='block_1_2' title="bbox 233 764 1600 895">
    <p class='ocr_par' dir='ltr' id='par_1_2' title="bbox 233 764 1600 895">
     <span class='ocr_line' id='line_1_2' title="bbox 233 764 1600 895; baseline -0.001 -25"><span class='ocrx_word' id='word_1_6' title='bbox 233 820 380 895; x_wconf 86' lang='lat' dir='ltr'><strong>corpora</strong></span> <span class='ocrx_word' id='word_1_7' title='bbox 399 809 516 871; x_wconf 88' lang='lat' dir='ltr'><strong>nostra</strong></span> <span class='ocrx_word' id='word_1_8' title='bbox 534 820 597 895; x_wconf 90' lang='lat' dir='ltr'><strong>per</strong></span> <span class='ocrx_word' id='word_1_9' title='bbox 616 796 814 873; x_wconf 86' lang='lat' dir='ltr'><strong>sacrificinm</strong></span> <span class='ocrx_word' id='word_1_10' title='bbox 832 795 897 870; x_wconf 90' lang='lat' dir='ltr'><strong>boo</strong></span> <span class='ocrx_word' id='word_1_11' title='bbox 922 795 1011 892; x_wconf 91' lang='lat' dir='ltr'><strong>quod</strong></span> <span class='ocrx_word' id='word_1_12' title='bbox 1030 798 1250 892; x_wconf 78' lang='lat' dir='ltr'><strong>suscepimus,</strong></span> <span class='ocrx_word' id='word_1_13' title='bbox 1278 803 1311 867; x_wconf 89' lang='lat' dir='ltr'><strong>et</strong></span> <span class='ocrx_word' id='word_1_14' title='bbox 1331 764 1438 888; x_wconf 80' lang='lat' dir='ltr'><strong>dirige</strong></span> <span class='ocrx_word' id='word_1_15' title='bbox 1459 816 1600 887; x_wconf 78' lang='lat' dir='ltr'>gressus</span> 
     </span>
    </p>
   </div>
   <div class='ocr_carea' id='block_1_3' title="bbox 232 912 1731 1817">
    <p class='ocr_par' dir='ltr' id='par_1_3' title="bbox 232 912 1731 1475">
     <span class='ocr_line' id='line_1_3' title="bbox 232 912 1731 1008; baseline -0.001 -21"><span class='ocrx_word' id='word_1_16' title='bbox 232 924 367 989; x_wconf 88' lang='lat' dir='ltr'><strong>nostros</strong></span> <span class='ocrx_word' id='word_1_17' title='bbox 394 918 429 986; x_wconf 90' lang='lat' dir='ltr'><strong>in</strong></span> <span class='ocrx_word' id='word_1_18' title='bbox 455 918 590 988; x_wconf 77' lang='lat' dir='ltr'><strong>semitas</strong></span> <span class='ocrx_word' id='word_1_19' title='bbox 614 917 775 1008; x_wconf 85' lang='lat' dir='ltr'><strong>justitiae,</strong></span> <span class='ocrx_word' id='word_1_20' title='bbox 808 923 844 985; x_wconf 93' lang='lat' dir='ltr'><strong>ut</strong></span> <span class='ocrx_word' id='word_1_21' title='bbox 875 913 1056 985; x_wconf 88' lang='lat' dir='ltr'><strong>secundum</strong></span> <span class='ocrx_word' id='word_1_22' title='bbox 1087 912 1292 986; x_wconf 84' lang='lat' dir='ltr'><strong>voluntatem</strong></span> <span class='ocrx_word' id='word_1_23' title='bbox 1321 920 1410 982; x_wconf 87' lang='lat' dir='ltr'><strong>tuam</strong></span> <span class='ocrx_word' id='word_1_24' title='bbox 1443 933 1601 1004; x_wconf 79' lang='lat' dir='ltr'>geramus</span> <span class='ocrx_word' id='word_1_25' title='bbox 1727 990 1731 997; x_wconf 72' lang='grc'>,</span> 
     </span>
     <span class='ocr_line' id='line_1_4' title="bbox 232 1025 1602 1126; baseline -0.001 -24"><span class='ocrx_word' id='word_1_26' title='bbox 232 1053 307 1119; x_wconf 91' lang='lat' dir='ltr'><strong>nos,</strong></span> <span class='ocrx_word' id='word_1_27' title='bbox 335 1041 434 1126; x_wconf 87' lang='lat' dir='ltr'><strong>atque</strong></span> <span class='ocrx_word' id='word_1_28' title='bbox 459 1031 614 1105; x_wconf 89' lang='lat' dir='ltr'><strong>mandata</strong></span> <span class='ocrx_word' id='word_1_29' title='bbox 640 1040 696 1102; x_wconf 86' lang='lat' dir='ltr'><strong>tua</strong></span> <span class='ocrx_word' id='word_1_30' title='bbox 723 1029 956 1115; x_wconf 89' lang='lat' dir='ltr'><strong>observemus,</strong></span> <span class='ocrx_word' id='word_1_31' title='bbox 983 1038 1017 1100; x_wconf 88' lang='lat' dir='ltr'><strong>et</strong></span> <span class='ocrx_word' id='word_1_32' title='bbox 1032 1027 1191 1102; x_wconf 85' lang='lat' dir='ltr'><strong>iaciamus</strong></span> <span class='ocrx_word' id='word_1_33' title='bbox 1207 1025 1359 1100; x_wconf 90' lang='lat' dir='ltr'><strong>omnibus</strong></span> <span class='ocrx_word' id='word_1_34' title='bbox 1376 1026 1492 1099; x_wconf 92' lang='lat' dir='ltr'><strong>diebus</strong></span> <span class='ocrx_word' id='word_1_35' title='bbox 1509 1030 1602 1100; x_wconf 82' lang='lat' dir='ltr'><strong>vitae</strong></span> 
     </span>
     <span class='ocr_line' id='line_1_5' title="bbox 232 1142 1600 1244; baseline -0.002 -25"><span class='ocrx_word' id='word_1_36' title='bbox 232 1158 380 1239; x_wconf 88' lang='lat' dir='ltr'><strong>nostrae,</strong></span> <span class='ocrx_word' id='word_1_37' title='bbox 407 1147 450 1219; x_wconf 89' lang='lat' dir='ltr'><strong>ad</strong></span> <span class='ocrx_word' id='word_1_38' title='bbox 475 1145 573 1219; x_wconf 87' lang='lat' dir='ltr'><strong>finem</strong></span> <span class='ocrx_word' id='word_1_39' title='bbox 599 1146 733 1219; x_wconf 90' lang='lat' dir='ltr'><strong>beatum</strong></span> <span class='ocrx_word' id='word_1_40' title='bbox 759 1148 1008 1244; x_wconf 78' lang='lat' dir='ltr'>perveniamus,</span> <span class='ocrx_word' id='word_1_41' title='bbox 1034 1155 1068 1217; x_wconf 87' lang='lat' dir='ltr'><strong>et</strong></span> <span class='ocrx_word' id='word_1_42' title='bbox 1093 1144 1249 1240; x_wconf 70' lang='lat' dir='ltr'><strong>hymnum</strong></span> <span class='ocrx_word' id='word_1_43' title='bbox 1275 1142 1508 1217; x_wconf 81' lang='lat' dir='ltr'><strong>incessabilem</strong></span> <span class='ocrx_word' id='word_1_44' title='bbox 1525 1167 1600 1217; x_wconf 89' lang='lat' dir='ltr'><strong>cum</strong></span> 
     </span>
     <span class='ocr_line' id='line_1_6' title="bbox 233 1260 1599 1359; baseline -0.002 -22"><span class='ocrx_word' id='word_1_45' title='bbox 233 1266 356 1337; x_wconf 87' lang='lat' dir='ltr'><strong>sanctis</strong></span> <span class='ocrx_word' id='word_1_46' title='bbox 383 1268 448 1336; x_wconf 85' lang='lat' dir='ltr'><strong>tuis</strong></span> <span class='ocrx_word' id='word_1_47' title='bbox 475 1285 634 1338; x_wconf 86' lang='lat' dir='ltr'><strong>canamus</strong></span> <span class='ocrx_word' id='word_1_48' title='bbox 660 1263 730 1353; x_wconf 84' lang='lat' dir='ltr'><strong>tibi,</strong></span> <span class='ocrx_word' id='word_1_49' title='bbox 757 1274 791 1336; x_wconf 93' lang='lat' dir='ltr'><strong>et</strong></span> <span class='ocrx_word' id='word_1_50' title='bbox 803 1262 894 1335; x_wconf 89' lang='lat' dir='ltr'><strong>Patri</strong></span> <span class='ocrx_word' id='word_1_51' title='bbox 910 1272 966 1335; x_wconf 91' lang='lat' dir='ltr'><strong>tuo</strong></span> <span class='ocrx_word' id='word_1_52' title='bbox 985 1260 1167 1351; x_wconf 88' lang='lat' dir='ltr'><strong>adorando,</strong></span> <span class='ocrx_word' id='word_1_53' title='bbox 1194 1272 1228 1333; x_wconf 89' lang='lat' dir='ltr'><strong>et</strong></span> <span class='ocrx_word' id='word_1_54' title='bbox 1242 1260 1380 1359; x_wconf 88' lang='lat' dir='ltr'><strong>Spiritui</strong></span> <span class='ocrx_word' id='word_1_55' title='bbox 1397 1271 1453 1335; x_wconf 93' lang='lat' dir='ltr'><strong>tuo</strong></span> <span class='ocrx_word' id='word_1_56' title='bbox 1471 1271 1599 1351; x_wconf 86' lang='lat' dir='ltr'><strong>sancto,</strong></span> 
     </span>
     <span class='ocr_line' id='line_1_7' title="bbox 233 1376 1277 1475; baseline -0.001 -24"><span class='ocrx_word' id='word_1_57' title='bbox 233 1388 269 1451; x_wconf 88' lang='lat' dir='ltr'><strong>et</strong></span> <span class='ocrx_word' id='word_1_58' title='bbox 292 1379 487 1469; x_wconf 84' lang='lat' dir='ltr'><strong>vivificanti,</strong></span> <span class='ocrx_word' id='word_1_59' title='bbox 512 1378 638 1474; x_wconf 87' lang='lat' dir='ltr'><strong>tibique</strong></span> <span class='ocrx_word' id='word_1_60' title='bbox 665 1376 936 1452; x_wconf 77' lang='lat' dir='ltr'><strong>consubstantiali</strong></span> <span class='ocrx_word' id='word_1_61' title='bbox 961 1400 1048 1449; x_wconf 88' lang='lat' dir='ltr'><strong>nunc</strong></span> <span class='ocrx_word' id='word_1_62' title='bbox 1075 1387 1110 1450; x_wconf 83' lang='lat' dir='ltr'><strong>et</strong></span> <span class='ocrx_word' id='word_1_63' title='bbox 1135 1399 1277 1475; x_wconf 84' lang='lat' dir='ltr'><strong>semper.</strong></span> 
     </span>
    </p>

    <p class='ocr_par' dir='ltr' id='par_1_4' title="bbox 337 1495 670 1590">
     <span class='ocr_line' id='line_1_8' title="bbox 337 1495 670 1590; baseline 0.009 -25"><span class='ocrx_word' id='word_1_64' title='bbox 337 1495 498 1590; x_wconf 75' lang='lat' dir='ltr'><strong>Populus.</strong></span> <span class='ocrx_word' id='word_1_65' title='bbox 550 1496 670 1568; x_wconf 83' lang='lat' dir='ltr'><strong>Amen.</strong></span> 
     </span>
    </p>

    <p class='ocr_par' dir='ltr' id='par_1_5' title="bbox 337 1594 901 1685">
     <span class='ocr_line' id='line_1_9' title="bbox 337 1594 901 1685; baseline 0 -3"><span class='ocrx_word' id='word_1_66' title='bbox 337 1594 524 1683; x_wconf 66' lang='lat' dir='ltr'><strong>Decem</strong></span> <span class='ocrx_word' id='word_1_67' title='bbox 575 1611 723 1684; x_wconf 88' lang='lat' dir='ltr'><strong>Benedio</strong></span> <span class='ocrx_word' id='word_1_68' title='bbox 748 1611 901 1685; x_wconf 88' lang='lat' dir='ltr'><strong>Domine.</strong></span> 
     </span>
    </p>

    <p class='ocr_par' dir='ltr' id='par_1_6' title="bbox 336 1726 999 1817">
     <span class='ocr_line' id='line_1_10' title="bbox 336 1726 999 1817; baseline -0.003 -18"><span class='ocrx_word' id='word_1_69' title='bbox 336 1726 521 1800; x_wconf 76' lang='lat' dir='ltr'><strong>Sacerdos.</strong></span> <span class='ocrx_word' id='word_1_70' title='bbox 573 1728 720 1801; x_wconf 90' lang='lat' dir='ltr'><strong>Benedic</strong></span> <span class='ocrx_word' id='word_1_71' title='bbox 747 1728 909 1817; x_wconf 92' lang='lat' dir='ltr'><strong>omnibus,</strong></span> <span class='ocrx_word' id='word_1_72' title='bbox 937 1737 999 1798; x_wconf 89' lang='lat' dir='ltr'><strong>etc.</strong></span> 
     </span>
    </p>
   </div>
   <div class='ocr_carea' id='block_1_4' title="bbox 666 2083 1169 2129">
    <p class='ocr_par' dir='ltr' id='par_1_7' title="bbox 666 2083 1169 2129">
     <span class='ocr_line' id='line_1_11' title="bbox 666 2083 1169 2129; baseline 0.002 -19"><span class='ocrx_word' id='word_1_73' title='bbox 666 2083 1169 2129; x_wconf 53' lang='grc' dir='ltr'>ψ</span> 
     </span>
    </p>
   </div>
   <div class='ocr_carea' id='block_1_5' title="bbox 501 2470 1348 2767">
    <p class='ocr_par' dir='ltr' id='par_1_8' title="bbox 501 2470 1348 2767">
     <span class='ocr_line' id='line_1_12' title="bbox 501 2470 1348 2567; baseline 0 -3"><span class='ocrx_word' id='word_1_74' title='bbox 501 2474 566 2565; x_wconf 90' lang='lat' dir='ltr'><strong>lN</strong></span> <span class='ocrx_word' id='word_1_75' title='bbox 607 2472 988 2566; x_wconf 80' lang='lat' dir='ltr'><strong>LITURGIAM</strong></span> <span class='ocrx_word' id='word_1_76' title='bbox 1028 2470 1348 2567; x_wconf 76' lang='lat' dir='ltr'><strong>crescent</strong></span> 
     </span>
     <span class='ocr_line' id='line_1_13' title="bbox 819 2683 1020 2767; baseline -0.005 -1"><span class='ocrx_word' id='word_1_77' title='bbox 819 2683 1020 2767; x_wconf 78' lang='lat' dir='ltr'><strong>totth</strong></span> 
     </span>
    </p>
   </div>
   <div class='ocr_carea' id='block_1_6' title="bbox 232 2915 1924 4507">
    <p class='ocr_par' dir='ltr' id='par_1_9' title="bbox 232 2915 1924 4507">
     <span class='ocr_line' id='line_1_14' title="bbox 321 2915 1602 3010; baseline -0.001 -20"><span class='ocrx_word' id='word_1_78' title='bbox 321 2927 351 2994; x_wconf 92' lang='lat' dir='ltr'><strong>l.</strong></span> <span class='ocrx_word' id='word_1_79' title='bbox 395 2915 533 2994; x_wconf 75' lang='lat' dir='ltr'><strong>blnonun</strong></span> <span class='ocrx_word' id='word_1_80' title='bbox 555 2928 635 2990; x_wconf 92' lang='lat' dir='ltr'><strong>inter</strong></span> <span class='ocrx_word' id='word_1_81' title='bbox 656 2926 882 3010; x_wconf 80' lang='lat' dir='ltr'><strong>blonophysitas</strong></span> <span class='ocrx_word' id='word_1_82' title='bbox 910 2945 1031 3008; x_wconf 82' lang='lat' dir='ltr'><strong>semper</strong></span> <span class='ocrx_word' id='word_1_83' title='bbox 1057 2926 1113 2991; x_wconf 87' lang='lat' dir='ltr'><strong>luit</strong></span> <span class='ocrx_word' id='word_1_84' title='bbox 1141 2928 1280 2992; x_wconf 86' lang='lat' dir='ltr'><strong>Dioscuri</strong></span> <span class='ocrx_word' id='word_1_85' title='bbox 1307 2916 1504 2991; x_wconf 60' lang='lat' dir='ltr'><strong>Alexandrini</strong></span> <span class='ocrx_word' id='word_1_86' title='bbox 1525 2925 1602 3008; x_wconf 86' lang='lat' dir='ltr'><strong>Epi-</strong></span> 
     </span>
     <span class='ocr_line' id='line_1_15' title="bbox 232 3018 1603 3115; baseline -0.005 -17"><span class='ocrx_word' id='word_1_87' title='bbox 232 3035 321 3115; x_wconf 89' lang='lat' dir='ltr'><strong>scopi</strong></span> <span class='ocrx_word' id='word_1_88' title='bbox 350 3048 476 3112; x_wconf 88' lang='lat' dir='ltr'><strong>nomen,</strong></span> <span class='ocrx_word' id='word_1_89' title='bbox 515 3030 595 3112; x_wconf 85' lang='lat' dir='ltr'><strong>quod</strong></span> <span class='ocrx_word' id='word_1_90' title='bbox 625 3029 864 3094; x_wconf 77' lang='lat' dir='ltr'><strong>calchedonensi</strong></span> <span class='ocrx_word' id='word_1_91' title='bbox 892 3030 1028 3095; x_wconf 88' lang='lat' dir='ltr'><strong>Concilio</strong></span> <span class='ocrx_word' id='word_1_92' title='bbox 1037 3065 1049 3095; x_wconf 63' lang='lat'><strong>·,</strong></span> <span class='ocrx_word' id='word_1_93' title='bbox 1063 3030 1138 3095; x_wconf 86' lang='lat' dir='ltr'><strong>duas</strong></span> <span class='ocrx_word' id='word_1_94' title='bbox 1172 3032 1202 3094; x_wconf 92' lang='lat' dir='ltr'><strong>in</strong></span> <span class='ocrx_word' id='word_1_95' title='bbox 1232 3030 1352 3095; x_wconf 88' lang='lat' dir='ltr'><strong>Christo</strong></span> <span class='ocrx_word' id='word_1_96' title='bbox 1380 3018 1503 3093; x_wconf 73' lang='lat' dir='ltr'><strong>namras</strong></span> <span class='ocrx_word' id='word_1_97' title='bbox 1531 3036 1603 3110; x_wconf 88' lang='lat' dir='ltr'><strong>post</strong></span> 
     </span>
     <span class='ocr_line' id='line_1_16' title="bbox 232 3129 1601 3212; baseline -0.003 -16"><span class='ocrx_word' id='word_1_98' title='bbox 232 3135 376 3197; x_wconf 87' lang='lat' dir='ltr'><strong>unionem</strong></span> <span class='ocrx_word' id='word_1_99' title='bbox 398 3133 429 3194; x_wconf 91' lang='lat' dir='ltr'><strong>in</strong></span> <span class='ocrx_word' id='word_1_100' title='bbox 450 3150 510 3194; x_wconf 90' lang='lat' dir='ltr'><strong>una</strong></span> <span class='ocrx_word' id='word_1_101' title='bbox 531 3147 665 3212; x_wconf 87' lang='lat' dir='ltr'><strong>persona</strong></span> <span class='ocrx_word' id='word_1_102' title='bbox 687 3129 850 3212; x_wconf 87' lang='lat' dir='ltr'><strong>profitenti,</strong></span> <span class='ocrx_word' id='word_1_103' title='bbox 872 3132 1020 3194; x_wconf 76' lang='lat' dir='ltr'><strong>restiterit</strong></span> <span class='ocrx_word' id='word_1_104' title='bbox 1050 3138 1081 3194; x_wconf 91' lang='lat' dir='ltr'><strong>et</strong></span> <span class='ocrx_word' id='word_1_105' title='bbox 1109 3148 1190 3194; x_wconf 84' lang='lat' dir='ltr'><strong>novo</strong></span> <span class='ocrx_word' id='word_1_106' title='bbox 1219 3149 1311 3209; x_wconf 91' lang='lat' dir='ltr'><strong>ausu,</strong></span> <span class='ocrx_word' id='word_1_107' title='bbox 1345 3129 1440 3195; x_wconf 84' lang='lat' dir='ltr'><strong>Leoni</strong></span> <span class='ocrx_word' id='word_1_108' title='bbox 1468 3129 1601 3193; x_wconf 85' lang='lat' dir='ltr'><strong>Romano</strong></span> 
     </span>
     <span class='ocr_line' id='line_1_17' title="bbox 233 3228 1602 3315; baseline -0.003 -19"><span class='ocrx_word' id='word_1_109' title='bbox 233 3230 381 3310; x_wconf 88' lang='lat' dir='ltr'><strong>Pontifici,</strong></span> <span class='ocrx_word' id='word_1_110' title='bbox 405 3233 491 3315; x_wconf 87' lang='lat' dir='ltr'><strong>cujus</strong></span> <span class='ocrx_word' id='word_1_111' title='bbox 514 3230 650 3312; x_wconf 86' lang='lat' dir='ltr'><strong>Epistola</strong></span> <span class='ocrx_word' id='word_1_112' title='bbox 673 3230 711 3292; x_wconf 94' lang='lat' dir='ltr'><strong>ad</strong></span> <span class='ocrx_word' id='word_1_113' title='bbox 733 3228 906 3293; x_wconf 83' lang='lat' dir='ltr'><strong>Flavianum</strong></span> <span class='ocrx_word' id='word_1_114' title='bbox 933 3230 1059 3311; x_wconf 90' lang='lat' dir='ltr'><strong>probata</strong></span> <span class='ocrx_word' id='word_1_115' title='bbox 1082 3228 1191 3308; x_wconf 84' lang='lat' dir='ltr'><strong>suerat,</strong></span> <span class='ocrx_word' id='word_1_116' title='bbox 1215 3231 1371 3294; x_wconf 90' lang='lat' dir='ltr'><strong>anathema</strong></span> <span class='ocrx_word' id='word_1_117' title='bbox 1393 3229 1511 3294; x_wconf 85' lang='lat' dir='ltr'><strong>dixerit.</strong></span> <span class='ocrx_word' id='word_1_118' title='bbox 1555 3230 1602 3293; x_wconf 89' lang='lat' dir='ltr'><strong>Dc</strong></span> 
     </span>
     <span class='ocr_line' id='line_1_18' title="bbox 234 3329 1603 3414; baseline -0.002 -19"><span class='ocrx_word' id='word_1_119' title='bbox 234 3333 302 3414; x_wconf 91' lang='lat' dir='ltr'><strong>ejus</strong></span> <span class='ocrx_word' id='word_1_120' title='bbox 324 3333 386 3394; x_wconf 86' lang='lat' dir='ltr'><strong>vita</strong></span> <span class='ocrx_word' id='word_1_121' title='bbox 408 3340 439 3394; x_wconf 91' lang='lat' dir='ltr'><strong>et</strong></span> <span class='ocrx_word' id='word_1_122' title='bbox 460 3330 552 3394; x_wconf 90' lang='lat' dir='ltr'><strong>rebus</strong></span> <span class='ocrx_word' id='word_1_123' title='bbox 574 3331 671 3412; x_wconf 84' lang='lat' dir='ltr'><strong>gestis</strong></span> <span class='ocrx_word' id='word_1_124' title='bbox 694 3330 804 3392; x_wconf 88' lang='lat' dir='ltr'><strong>dieturn</strong></span> <span class='ocrx_word' id='word_1_125' title='bbox 827 3338 875 3393; x_wconf 89' lang='lat' dir='ltr'><strong>est</strong></span> <span class='ocrx_word' id='word_1_126' title='bbox 896 3331 926 3392; x_wconf 91' lang='lat' dir='ltr'><strong>in</strong></span> <span class='ocrx_word' id='word_1_127' title='bbox 949 3329 1082 3392; x_wconf 86' lang='lat' dir='ltr'><strong>Historia</strong></span> <span class='ocrx_word' id='word_1_128' title='bbox 1104 3329 1298 3393; x_wconf 88' lang='lat' dir='ltr'><strong>Patriarehali</strong></span> <span class='ocrx_word' id='word_1_129' title='bbox 1320 3331 1484 3392; x_wconf 90' lang='lat' dir='ltr'><strong>secundum</strong></span> <span class='ocrx_word' id='word_1_130' title='bbox 1505 3329 1603 3392; x_wconf 91' lang='lat' dir='ltr'><strong>laco-</strong></span> 
     </span>
     <span class='ocr_line' id='line_1_19' title="bbox 235 3428 1602 3510; baseline -0.001 -17"><span class='ocrx_word' id='word_1_131' title='bbox 235 3431 366 3494; x_wconf 90' lang='lat' dir='ltr'><strong>bitarmn</strong></span> <span class='ocrx_word' id='word_1_132' title='bbox 388 3429 589 3509; x_wconf 86' lang='lat' dir='ltr'><strong>traditionem,</strong></span> <span class='ocrx_word' id='word_1_133' title='bbox 620 3448 698 3510; x_wconf 85' lang='lat' dir='ltr'><strong>quae</strong></span> <span class='ocrx_word' id='word_1_134' title='bbox 719 3438 862 3510; x_wconf 90' lang='lat' dir='ltr'><strong>repetere</strong></span> <span class='ocrx_word' id='word_1_135' title='bbox 885 3448 1013 3493; x_wconf 90' lang='lat' dir='ltr'><strong>necesse</strong></span> <span class='ocrx_word' id='word_1_136' title='bbox 1035 3447 1097 3493; x_wconf 92' lang='lat' dir='ltr'><strong>non</strong></span> <span class='ocrx_word' id='word_1_137' title='bbox 1120 3437 1177 3493; x_wconf 87' lang='lat' dir='ltr'><strong>est.</strong></span> <span class='ocrx_word' id='word_1_138' title='bbox 1221 3429 1285 3492; x_wconf 89' lang='lat' dir='ltr'><strong>Nec</strong></span> <span class='ocrx_word' id='word_1_139' title='bbox 1307 3432 1402 3492; x_wconf 88' lang='lat' dir='ltr'><strong>minus</strong></span> <span class='ocrx_word' id='word_1_140' title='bbox 1424 3428 1602 3492; x_wconf 89' lang='lat' dir='ltr'><strong>laudatura</strong></span> 
     </span>
     <span class='ocr_line' id='line_1_20' title="bbox 233 3528 1601 3613; baseline -0.002 -18"><span class='ocrx_word' id='word_1_141' title='bbox 233 3531 331 3613; x_wconf 85' lang='lat' dir='ltr'><strong>Syris,</strong></span> <span class='ocrx_word' id='word_1_142' title='bbox 354 3549 442 3611; x_wconf 89' lang='lat' dir='ltr'><strong>quarn</strong></span> <span class='ocrx_word' id='word_1_143' title='bbox 466 3530 567 3592; x_wconf 86' lang='lat' dir='ltr'><strong>asnis</strong></span> <span class='ocrx_word' id='word_1_144' title='bbox 590 3528 818 3603; x_wconf 78' lang='lat' dir='ltr'><strong>Alexandrinis3</strong></span> <span class='ocrx_word' id='word_1_145' title='bbox 846 3530 903 3592; x_wconf 91' lang='lat' dir='ltr'><strong>etsi</strong></span> <span class='ocrx_word' id='word_1_146' title='bbox 932 3530 1012 3591; x_wconf 89' lang='lat' dir='ltr'><strong>inter</strong></span> <span class='ocrx_word' id='word_1_147' title='bbox 1037 3528 1106 3591; x_wconf 91' lang='lat' dir='ltr'><strong>illos</strong></span> <span class='ocrx_word' id='word_1_148' title='bbox 1128 3529 1226 3591; x_wconf 90' lang='lat' dir='ltr'><strong>rarius</strong></span> <span class='ocrx_word' id='word_1_149' title='bbox 1248 3546 1355 3592; x_wconf 91' lang='lat' dir='ltr'><strong>nomen</strong></span> <span class='ocrx_word' id='word_1_150' title='bbox 1378 3529 1444 3611; x_wconf 93' lang='lat' dir='ltr'><strong>ejus</strong></span> <span class='ocrx_word' id='word_1_151' title='bbox 1466 3547 1601 3592; x_wconf 89' lang='lat' dir='ltr'><strong>comme-</strong></span> 
     </span>
     <span class='ocr_line' id='line_1_21' title="bbox 232 3627 1924 3711; baseline 0.002 -19"><span class='ocrx_word' id='word_1_152' title='bbox 232 3637 370 3693; x_wconf 87' lang='lat' dir='ltr'><strong>moretur</strong></span> <span class='ocrx_word' id='word_1_153' title='bbox 391 3631 421 3690; x_wconf 92' lang='lat' dir='ltr'><strong>in</strong></span> <span class='ocrx_word' id='word_1_154' title='bbox 434 3627 605 3710; x_wconf 72' lang='lat' dir='ltr'><strong>Diptychis:</strong></span> <span class='ocrx_word' id='word_1_155' title='bbox 628 3627 683 3691; x_wconf 91' lang='lat' dir='ltr'><strong>sed</strong></span> <span class='ocrx_word' id='word_1_156' title='bbox 705 3628 883 3691; x_wconf 90' lang='lat' dir='ltr'><strong>inomnibus</strong></span> <span class='ocrx_word' id='word_1_157' title='bbox 906 3628 990 3691; x_wconf 92' lang='lat' dir='ltr'><strong>libris</strong></span> <span class='ocrx_word' id='word_1_158' title='bbox 1013 3627 1238 3691; x_wconf 84' lang='lat' dir='ltr'><strong>commendatur</strong></span> <span class='ocrx_word' id='word_1_159' title='bbox 1259 3645 1458 3711; x_wconf 83' lang='lat' dir='ltr'><strong>magnopere,</strong></span> <span class='ocrx_word' id='word_1_160' title='bbox 1481 3637 1512 3693; x_wconf 88' lang='lat' dir='ltr'><strong>et</strong></span> <span class='ocrx_word' id='word_1_161' title='bbox 1532 3643 1613 3693; x_wconf 66' lang='lat' dir='ltr'><strong>me·⁴</strong></span> <span class='ocrx_word' id='word_1_162' title='bbox 1664 3635 1726 3689; x_wconf 72' lang='lat' dir='ltr'><strong>ilina</strong></span> <span class='ocrx_word' id='word_1_163' title='bbox 1753 3636 1823 3694; x_wconf 77' lang='lat' dir='ltr'><strong>Patr.</strong></span> <span class='ocrx_word' id='word_1_164' title='bbox 1847 3638 1924 3694; x_wconf 74' lang='lat' dir='ltr'><strong>Atos.</strong></span> 
     </span>
     <span class='ocr_line' id='line_1_22' title="bbox 232 3723 1735 3813; baseline 0.001 -20"><span class='ocrx_word' id='word_1_165' title='bbox 232 3730 329 3793; x_wconf 86' lang='lat' dir='ltr'><strong>moria</strong></span> <span class='ocrx_word' id='word_1_166' title='bbox 357 3730 423 3810; x_wconf 89' lang='lat' dir='ltr'><strong>ejus</strong></span> <span class='ocrx_word' id='word_1_167' title='bbox 453 3728 597 3811; x_wconf 86' lang='lat' dir='ltr'><strong>religiose</strong></span> <span class='ocrx_word' id='word_1_168' title='bbox 626 3735 766 3810; x_wconf 84' lang='lat' dir='ltr'><strong>tanquam</strong></span> <span class='ocrx_word' id='word_1_169' title='bbox 802 3729 900 3813; x_wconf 84' lang='lat' dir='ltr'><strong>sancti</strong></span> <span class='ocrx_word' id='word_1_170' title='bbox 930 3729 1055 3807; x_wconf 88' lang='lat' dir='ltr'><strong>colitur,</strong></span> <span class='ocrx_word' id='word_1_171' title='bbox 1093 3737 1125 3791; x_wconf 88' lang='lat' dir='ltr'><strong>ut</strong></span> <span class='ocrx_word' id='word_1_172' title='bbox 1161 3734 1246 3810; x_wconf 89' lang='lat' dir='ltr'><strong>patet</strong></span> <span class='ocrx_word' id='word_1_173' title='bbox 1279 3747 1319 3791; x_wconf 83' lang='lat' dir='ltr'><strong>ex</strong></span> <span class='ocrx_word' id='word_1_174' title='bbox 1354 3727 1541 3791; x_wconf 78' lang='lat' dir='ltr'><strong>calendariis</strong></span> <span class='ocrx_word' id='word_1_175' title='bbox 1570 3738 1601 3793; x_wconf 92' lang='lat' dir='ltr'><strong>et</strong></span> <span class='ocrx_word' id='word_1_176' title='bbox 1628 3740 1655 3793; x_wconf 72' lang='grc' dir='ltr'><strong>Ρ·</strong></span> <span class='ocrx_word' id='word_1_177' title='bbox 1675 3723 1735 3777; x_wconf 74' lang='lat'><strong><em>¹¹¹¹·</em></strong></span> 
     </span>
     <span class='ocr_line' id='line_1_23' title="bbox 233 3826 1601 3911; baseline -0.001 -17"><span class='ocrx_word' id='word_1_178' title='bbox 233 3828 404 3910; x_wconf 81' lang='lat' dir='ltr'><strong>Synaxario</strong></span> <span class='ocrx_word' id='word_1_179' title='bbox 427 3827 613 3909; x_wconf 88' lang='lat' dir='ltr'><strong>Coptitarum</strong></span> <span class='ocrx_word' id='word_1_180' title='bbox 635 3826 698 3890; x_wconf 87' lang='lat' dir='ltr'><strong>Vll.</strong></span> <span class='ocrx_word' id='word_1_181' title='bbox 720 3830 833 3891; x_wconf 89' lang='lat' dir='ltr'><strong>mensis</strong></span> <span class='ocrx_word' id='word_1_182' title='bbox 856 3828 944 3907; x_wconf 80' lang='lat' dir='ltr'><strong>toth,</strong></span> <span class='ocrx_word' id='word_1_183' title='bbox 967 3831 1018 3910; x_wconf 83' lang='lat' dir='ltr'><strong>qui</strong></span> <span class='ocrx_word' id='word_1_184' title='bbox 1039 3830 1154 3911; x_wconf 90' lang='lat' dir='ltr'><strong>primus</strong></span> <span class='ocrx_word' id='word_1_185' title='bbox 1177 3837 1223 3892; x_wconf 91' lang='lat' dir='ltr'><strong>est</strong></span> <span class='ocrx_word' id='word_1_186' title='bbox 1246 3831 1315 3891; x_wconf 88' lang='lat' dir='ltr'><strong>anni</strong></span> <span class='ocrx_word' id='word_1_187' title='bbox 1326 3828 1518 3911; x_wconf 80' lang='lat' dir='ltr'><strong>Aegyptiaci,</strong></span> <span class='ocrx_word' id='word_1_188' title='bbox 1540 3847 1601 3892; x_wconf 92' lang='lat' dir='ltr'><strong>non</strong></span> 
     </span>
     <span class='ocr_line' id='line_1_24' title="bbox 233 3926 1758 4012; baseline 0.001 -20"><span class='ocrx_word' id='word_1_189' title='bbox 233 3937 335 4006; x_wconf 86' lang='lat' dir='ltr'><strong>sexta,</strong></span> <span class='ocrx_word' id='word_1_190' title='bbox 357 3934 391 3989; x_wconf 92' lang='lat' dir='ltr'><strong>ut</strong></span> <span class='ocrx_word' id='word_1_191' title='bbox 412 3944 572 4007; x_wconf 86' lang='lat' dir='ltr'><strong>perperam</strong></span> <span class='ocrx_word' id='word_1_192' title='bbox 600 3926 710 3990; x_wconf 88' lang='lat' dir='ltr'><strong>editum</strong></span> <span class='ocrx_word' id='word_1_193' title='bbox 740 3935 787 3990; x_wconf 90' lang='lat' dir='ltr'><strong>est</strong></span> <span class='ocrx_word' id='word_1_194' title='bbox 814 3928 845 3989; x_wconf 91' lang='lat' dir='ltr'><strong>in</strong></span> <span class='ocrx_word' id='word_1_195' title='bbox 867 3929 932 4010; x_wconf 89' lang='lat' dir='ltr'><strong>ejus</strong></span> <span class='ocrx_word' id='word_1_196' title='bbox 955 3929 1025 3991; x_wconf 87' lang='lat' dir='ltr'><strong>vita.</strong></span> <span class='ocrx_word' id='word_1_197' title='bbox 1069 3928 1178 3991; x_wconf 87' lang='lat' dir='ltr'><strong>Rarior</strong></span> <span class='ocrx_word' id='word_1_198' title='bbox 1206 3935 1305 3991; x_wconf 88' lang='lat' dir='ltr'><strong>tamen</strong></span> <span class='ocrx_word' id='word_1_199' title='bbox 1331 3927 1419 4011; x_wconf 91' lang='lat' dir='ltr'><strong>hujus</strong></span> <span class='ocrx_word' id='word_1_200' title='bbox 1448 3928 1601 4012; x_wconf 77' lang='lat' dir='ltr'><strong>liturgiae</strong></span> <span class='ocrx_word' id='word_1_201' title='bbox 1647 3939 1678 3992; x_wconf 82' lang='lat' dir='ltr'><strong>P.</strong></span> <span class='ocrx_word' id='word_1_202' title='bbox 1697 3940 1758 3995; x_wconf 79' lang='lat'><strong><em>120.</em></strong></span> 
     </span>
     <span class='ocr_line' id='line_1_25' title="bbox 232 4024 1601 4111; baseline 0.001 -20"><span class='ocrx_word' id='word_1_203' title='bbox 232 4047 310 4091; x_wconf 88' lang='lat' dir='ltr'><strong>usus</strong></span> <span class='ocrx_word' id='word_1_204' title='bbox 333 4035 380 4090; x_wconf 89' lang='lat' dir='ltr'><strong>est</strong></span> <span class='ocrx_word' id='word_1_205' title='bbox 403 4024 481 4107; x_wconf 90' lang='lat' dir='ltr'><strong>apud</strong></span> <span class='ocrx_word' id='word_1_206' title='bbox 505 4024 617 4106; x_wconf 72' lang='lat' dir='ltr'><strong>Syros,</strong></span> <span class='ocrx_word' id='word_1_207' title='bbox 645 4044 703 4089; x_wconf 90' lang='lat' dir='ltr'><strong>nec</strong></span> <span class='ocrx_word' id='word_1_208' title='bbox 726 4026 878 4089; x_wconf 84' lang='lat' dir='ltr'><strong>invenitur</strong></span> <span class='ocrx_word' id='word_1_209' title='bbox 906 4028 935 4089; x_wconf 90' lang='lat' dir='ltr'><strong>in</strong></span> <span class='ocrx_word' id='word_1_210' title='bbox 967 4026 1065 4090; x_wconf 91' lang='lat' dir='ltr'><strong>multis</strong></span> <span class='ocrx_word' id='word_1_211' title='bbox 1094 4026 1266 4092; x_wconf 83' lang='lat' dir='ltr'><strong>Codicibus.</strong></span> <span class='ocrx_word' id='word_1_212' title='bbox 1311 4028 1485 4111; x_wconf 75' lang='lat' dir='ltr'><strong>Aethiopes</strong></span> <span class='ocrx_word' id='word_1_213' title='bbox 1511 4047 1601 4092; x_wconf 89' lang='lat' dir='ltr'><strong>unam</strong></span> 
     </span>
     <span class='ocr_line' id='line_1_26' title="bbox 232 4125 1601 4209; baseline -0.001 -17"><span class='ocrx_word' id='word_1_214' title='bbox 232 4128 346 4191; x_wconf 87' lang='lat' dir='ltr'><strong>habent</strong></span> <span class='ocrx_word' id='word_1_215' title='bbox 369 4127 435 4208; x_wconf 88' lang='lat' dir='ltr'><strong>ejus</strong></span> <span class='ocrx_word' id='word_1_216' title='bbox 457 4127 577 4188; x_wconf 89' lang='lat' dir='ltr'><strong>nomine</strong></span> <span class='ocrx_word' id='word_1_217' title='bbox 599 4143 678 4209; x_wconf 84' lang='lat' dir='ltr'><strong>quae</strong></span> <span class='ocrx_word' id='word_1_218' title='bbox 689 4125 869 4207; x_wconf 82' lang='lat' dir='ltr'><strong>Aethiopiae</strong></span> <span class='ocrx_word' id='word_1_219' title='bbox 891 4133 922 4189; x_wconf 88' lang='lat' dir='ltr'><strong>et</strong></span> <span class='ocrx_word' id='word_1_220' title='bbox 940 4126 1044 4189; x_wconf 86' lang='lat' dir='ltr'><strong>Latine</strong></span> <span class='ocrx_word' id='word_1_221' title='bbox 1068 4144 1148 4190; x_wconf 91' lang='lat' dir='ltr'><strong>anno</strong></span> <span class='ocrx_word' id='word_1_222' title='bbox 1163 4126 1348 4191; x_wconf 82' lang='lat' dir='ltr'><strong>mnchxvt.</strong></span> <span class='ocrx_word' id='word_1_223' title='bbox 1372 4129 1500 4192; x_wconf 86' lang='lat' dir='ltr'><strong>bandini</strong></span> <span class='ocrx_word' id='word_1_224' title='bbox 1522 4127 1601 4192; x_wconf 89' lang='lat' dir='ltr'><strong>edita</strong></span> 
     </span>
     <span class='ocr_line' id='line_1_27' title="bbox 232 4224 1601 4311; baseline 0.001 -21"><span class='ocrx_word' id='word_1_225' title='bbox 232 4229 289 4291; x_wconf 81' lang='lat' dir='ltr'><strong>luit</strong></span> <span class='ocrx_word' id='word_1_226' title='bbox 312 4224 532 4304; x_wconf 87' lang='lat' dir='ltr'><strong>aWanslebio,</strong></span> <span class='ocrx_word' id='word_1_227' title='bbox 556 4244 623 4288; x_wconf 90' lang='lat' dir='ltr'><strong>eum</strong></span> <span class='ocrx_word' id='word_1_228' title='bbox 646 4224 730 4288; x_wconf 88' lang='lat' dir='ltr'><strong>titulo</strong></span> <span class='ocrx_word' id='word_1_229' title='bbox 753 4227 848 4288; x_wconf 89' lang='lat' dir='ltr'><strong>sancti</strong></span> <span class='ocrx_word' id='word_1_230' title='bbox 863 4226 1013 4291; x_wconf 86' lang='lat' dir='ltr'><strong>Dioscori.</strong></span> <span class='ocrx_word' id='word_1_231' title='bbox 1060 4226 1167 4307; x_wconf 88' lang='lat' dir='ltr'><strong>Neque</strong></span> <span class='ocrx_word' id='word_1_232' title='bbox 1188 4229 1214 4289; x_wconf 91' lang='lat' dir='ltr'><strong>is</strong></span> <span class='ocrx_word' id='word_1_233' title='bbox 1237 4234 1285 4289; x_wconf 88' lang='lat' dir='ltr'><strong>est</strong></span> <span class='ocrx_word' id='word_1_234' title='bbox 1307 4230 1393 4311; x_wconf 88' lang='lat' dir='ltr'><strong>cujus</strong></span> <span class='ocrx_word' id='word_1_235' title='bbox 1416 4246 1601 4292; x_wconf 88' lang='lat' dir='ltr'><strong>commemo-</strong></span> 
     </span>
     <span class='ocr_line' id='line_1_28' title="bbox 232 4322 1600 4410; baseline 0 -21"><span class='ocrx_word' id='word_1_236' title='bbox 232 4328 312 4390; x_wconf 85' lang='lat' dir='ltr'><strong>ratio</strong></span> <span class='ocrx_word' id='word_1_237' title='bbox 336 4324 367 4386; x_wconf 88' lang='lat' dir='ltr'><strong>iit</strong></span> <span class='ocrx_word' id='word_1_238' title='bbox 391 4322 482 4387; x_wconf 85' lang='lat' dir='ltr'><strong>xvtt.</strong></span> <span class='ocrx_word' id='word_1_239' title='bbox 505 4323 600 4403; x_wconf 83' lang='lat' dir='ltr'><strong>Batoi,</strong></span> <span class='ocrx_word' id='word_1_240' title='bbox 622 4332 655 4387; x_wconf 89' lang='lat' dir='ltr'><strong>ut</strong></span> <span class='ocrx_word' id='word_1_241' title='bbox 682 4324 779 4388; x_wconf 85' lang='lat' dir='ltr'><strong>voluit</strong></span> <span class='ocrx_word' id='word_1_242' title='bbox 800 4325 955 4406; x_wconf 87' lang='lat' dir='ltr'><strong>Ludollus,</strong></span> <span class='ocrx_word' id='word_1_243' title='bbox 978 4325 1033 4389; x_wconf 92' lang='lat' dir='ltr'><strong>sed</strong></span> <span class='ocrx_word' id='word_1_244' title='bbox 1055 4324 1162 4388; x_wconf 83' lang='lat' dir='ltr'><strong>xxxt.</strong></span> <span class='ocrx_word' id='word_1_245' title='bbox 1185 4326 1357 4390; x_wconf 88' lang='lat' dir='ltr'><strong>Patriaroha</strong></span> <span class='ocrx_word' id='word_1_246' title='bbox 1375 4328 1480 4410; x_wconf 88' lang='lat' dir='ltr'><strong>junior</strong></span> <span class='ocrx_word' id='word_1_247' title='bbox 1506 4327 1600 4409; x_wconf 83' lang='lat' dir='ltr'><strong>vulgo</strong></span> 
     </span>
     <span class='ocr_line' id='line_1_29' title="bbox 234 4422 414 4507; baseline 0.006 -21"><span class='ocrx_word' id='word_1_248' title='bbox 234 4422 414 4507; x_wconf 89' lang='lat' dir='ltr'><strong>appellatus.</strong></span> 
     </span>
    </p>
   </div>
   <div class='ocr_carea' id='block_1_7' title="bbox 496 4702 1350 4799">
    <p class='ocr_par' dir='ltr' id='par_1_10' title="bbox 496 4702 1350 4799">
     <span class='ocr_line' id='line_1_30' title="bbox 496 4702 1350 4799; baseline 0.004 -26"><span class='ocrx_word' id='word_1_249' title='bbox 496 4702 531 4773; x_wconf 87' lang='lat'><strong>2.</strong></span> <span class='ocrx_word' id='word_1_250' title='bbox 573 4702 768 4776; x_wconf 83' lang='lat' dir='ltr'><strong>Notioitote</strong></span> <span class='ocrx_word' id='word_1_251' title='bbox 792 4704 944 4776; x_wconf 78' lang='lat' dir='ltr'><strong>naturali</strong></span> <span class='ocrx_word' id='word_1_252' title='bbox 970 4710 1005 4776; x_wconf 83' lang='lat' dir='ltr'><strong>et</strong></span> <span class='ocrx_word' id='word_1_253' title='bbox 1030 4726 1098 4775; x_wconf 78' lang='lat' dir='ltr'><strong>noa</strong></span> <span class='ocrx_word' id='word_1_254' title='bbox 1120 4706 1350 4799; x_wconf 77' lang='lat' dir='ltr'><strong>phantastica.</strong></span> 
     </span>
    </p>
   </div>
   <div class='ocr_carea' id='block_1_8' title="bbox 333 4882 1601 4994">
    <p class='ocr_par' dir='ltr' id='par_1_11' title="bbox 333 4882 1601 4994">
     <span class='ocr_line' id='line_1_31' title="bbox 333 4882 1601 4994; baseline -0.002 -20"><span class='ocrx_word' id='word_1_255' title='bbox 333 4895 426 4974; x_wconf 66' lang='lat' dir='ltr'><strong>Haec</strong></span> <span class='ocrx_word' id='word_1_256' title='bbox 448 4912 574 4984; x_wconf 89' lang='lat' dir='ltr'><strong>temere,</strong></span> <span class='ocrx_word' id='word_1_257' title='bbox 598 4882 648 4971; x_wconf 77' lang='lat' dir='ltr'><strong>but</strong></span> <span class='ocrx_word' id='word_1_258' title='bbox 670 4908 803 4971; x_wconf 90' lang='lat' dir='ltr'><strong>oratorie</strong></span> <span class='ocrx_word' id='word_1_259' title='bbox 827 4907 906 4972; x_wconf 91' lang='lat' dir='ltr'><strong>dicta</strong></span> <span class='ocrx_word' id='word_1_260' title='bbox 926 4927 989 4973; x_wconf 92' lang='lat' dir='ltr'><strong>non</strong></span> <span class='ocrx_word' id='word_1_261' title='bbox 1015 4916 1098 4988; x_wconf 87' lang='lat' dir='ltr'><strong>sunt,</strong></span> <span class='ocrx_word' id='word_1_262' title='bbox 1126 4916 1161 4971; x_wconf 92' lang='lat' dir='ltr'><strong>ut</strong></span> <span class='ocrx_word' id='word_1_263' title='bbox 1183 4910 1345 4973; x_wconf 87' lang='lat' dir='ltr'><strong>existimari</strong></span> <span class='ocrx_word' id='word_1_264' title='bbox 1367 4909 1465 4973; x_wconf 88' lang='lat' dir='ltr'><strong>statim</strong></span> <span class='ocrx_word' id='word_1_265' title='bbox 1486 4919 1601 4994; x_wconf 89' lang='lat' dir='ltr'><strong>posset,</strong></span> 
     </span>
    </p>
   </div>
   <div class='ocr_carea' id='block_1_9' title="bbox 218 5010 1601 5196">
    <p class='ocr_par' dir='ltr' id='par_1_12' title="bbox 218 5010 1601 5196">
     <span class='ocr_line' id='line_1_32' title="bbox 234 5010 1601 5098; baseline 0.001 -23"><span class='ocrx_word' id='word_1_266' title='bbox 234 5011 293 5075; x_wconf 89' lang='lat' dir='ltr'><strong>sed</strong></span> <span class='ocrx_word' id='word_1_267' title='bbox 321 5019 405 5076; x_wconf 90' lang='lat' dir='ltr'><strong>certo</strong></span> <span class='ocrx_word' id='word_1_268' title='bbox 434 5011 570 5074; x_wconf 89' lang='lat' dir='ltr'><strong>oonsilio.</strong></span> <span class='ocrx_word' id='word_1_269' title='bbox 627 5012 701 5075; x_wconf 90' lang='lat' dir='ltr'><strong>Nam</strong></span> <span class='ocrx_word' id='word_1_270' title='bbox 730 5031 796 5075; x_wconf 89' lang='lat' dir='ltr'><strong>cum</strong></span> <span class='ocrx_word' id='word_1_271' title='bbox 824 5022 981 5077; x_wconf 89' lang='lat' dir='ltr'><strong>accusatus</strong></span> <span class='ocrx_word' id='word_1_272' title='bbox 1012 5020 1094 5075; x_wconf 87' lang='lat' dir='ltr'><strong>esset</strong></span> <span class='ocrx_word' id='word_1_273' title='bbox 1120 5010 1303 5091; x_wconf 85' lang='lat' dir='ltr'><strong>Dioscorus,</strong></span> <span class='ocrx_word' id='word_1_274' title='bbox 1335 5013 1416 5095; x_wconf 89' lang='lat' dir='ltr'><strong>quod</strong></span> <span class='ocrx_word' id='word_1_275' title='bbox 1443 5014 1601 5098; x_wconf 78' lang='lat' dir='ltr'><strong>Eutychen</strong></span> 
     </span>
     <span class='ocr_line' id='line_1_33' title="bbox 218 5110 1600 5196; baseline 0.003 -22"><span class='ocrx_word' id='word_1_276' title='bbox 218 5110 424 5175; x_wconf 69' lang='lat' dir='ltr'><strong>haereticum</strong></span> <span class='ocrx_word' id='word_1_277' title='bbox 447 5110 644 5175; x_wconf 83' lang='lat' dir='ltr'><strong>absolvisset:</strong></span> <span class='ocrx_word' id='word_1_278' title='bbox 673 5129 692 5174; x_wconf 91' lang='lat' dir='ltr'><strong>a</strong></span> <span class='ocrx_word' id='word_1_279' title='bbox 713 5111 866 5194; x_wconf 83' lang='lat' dir='ltr'><strong>plerisque</strong></span> <span class='ocrx_word' id='word_1_280' title='bbox 887 5114 926 5177; x_wconf 87' lang='lat' dir='ltr'><strong>de</strong></span> <span class='ocrx_word' id='word_1_281' title='bbox 948 5112 1054 5177; x_wconf 88' lang='lat' dir='ltr'><strong>eadem</strong></span> <span class='ocrx_word' id='word_1_282' title='bbox 1075 5110 1197 5175; x_wconf 88' lang='lat' dir='ltr'><strong>haeresi</strong></span> <span class='ocrx_word' id='word_1_283' title='bbox 1225 5110 1393 5195; x_wconf 80' lang='lat' dir='ltr'><strong>posmlatus</strong></span> <span class='ocrx_word' id='word_1_284' title='bbox 1415 5120 1479 5195; x_wconf 91' lang='lat' dir='ltr'><strong>est,</strong></span> <span class='ocrx_word' id='word_1_285' title='bbox 1508 5112 1600 5196; x_wconf 90' lang='lat' dir='ltr'><strong>idque</strong></span> 
     </span>
    </p>
   </div>
   <div class='ocr_carea' id='block_1_10' title="bbox 0 0 2269 6034">
    <p class='ocr_par' dir='ltr' id='par_1_13' title="bbox 0 0 2269 6034">
     <span class='ocr_line' id='line_1_34' title="bbox 0 0 2269 6034; baseline 0 0"><span class='ocrx_word' id='word_1_286' title='bbox 0 0 2269 6034; x_wconf 95' lang='lat' dir='ltr'><strong> </strong></span> 
     </span>
    </p>
   </div>
  </div>
 </body>
</html>
