4525 6034
599 579 883 655 hlATTHhEl
924 575 1207 655 retronis,
1522 580 1598 655 349

328 762 513 836 Sueerdm
564 763 610 835 Et
635 763 774 836 calicem
799 763 887 837 hunc
913 774 1136 851 consummet,
1168 766 1365 856 sanguinem
1393 766 1448 860 qui
1476 765 1599 838 effusus

222 888 278 953 est
303 882 338 951 in
364 883 551 953 summitate
578 877 780 972 Golgothae.

330 993 490 1086 Populea.
543 995 664 1067 Amen.

328 1110 514 1181 Sacerdos.
566 1108 611 1181 Ut
637 1112 703 1180 sint
727 1108 838 1197 nohis,
865 1118 899 1182 et
925 1107 988 1180 illis
1017 1111 1072 1203 qui
1097 1108 1153 1180 illa
1180 1112 1373 1206 percipient,
1402 1111 1444 1183 ad
1471 1115 1598 1208 expia-

222 1227 347 1297 tionem
374 1224 581 1315 delictorum,
609 1225 649 1297 ad
677 1228 875 1297 scissionem
903 1224 1213 1320 chirographorum,
1240 1237 1273 1298 et
1293 1227 1335 1299 ad
1350 1226 1597 1322 adipiscendam

221 1338 462 1414 haereditatem
489 1344 580 1412 vitae
607 1350 767 1413 aeternae
793 1343 826 1411 in
853 1363 961 1434 regno
988 1339 1176 1427 coelorum,
1213 1342 1410 1415 insaecula
1444 1353 1597 1416 venturo.

329 1456 490 1549 Populea.
542 1459 663 1530 Amen.

85 1558 88 1569 ’
222 1633 224 1637 .
330 1571 507 1644 Sacerdos
524 1572 717 1645 inclinatae.
769 1570 986 1659 Pastorihus,
1018 1575 1073 1666 qui
1100 1583 1135 1643 ιιι
1160 1570 1258 1645 nohis
1285 1583 1483 1668 praeessent
1510 1595 1600 1646 con-

112 1748 117 1756 .
224 1690 327 1761 stituti
359 1697 453 1778 sunt,
487 1699 579 1775 esto,
612 1690 774 1777 Domine,
809 1708 849 1762 os
877 1697 912 1760 et
936 1687 1067 1780 lingua:
1100 1698 1200 1783 atque
1227 1687 1414 1762 haereticos
1442 1691 1497 1783 qui
1524 1710 1599 1760 cum

221 1802 286 1876 illis
312 1803 434 1875 hellam
462 1814 594 1895 gerunt,
621 1807 756 1899 increpa
784 1814 818 1875 et
844 1808 1037 1900 comprime.

328 1918 479 1990 Hecura
504 1942 629 1991 uocem.
683 1919 727 1991 Ut
752 1919 820 2014 lupi
846 1923 958 2007 noxii,
995 1922 1049 2015 qui
1085 1922 1200 1992 ovium
1232 1917 1344 1991 hahita
1370 1921 1449 1991 tecti
1476 1917 1599 1992 audent

221 2033 376 2106 lacerare
411 2058 497 2108 oves
533 2046 625 2120 tuas,
662 2038 728 2107 cito
755 2034 908 2107 deficiant
934 2046 968 2107 et
994 2034 1218 2130 depellantur:
1254 2047 1289 2108 et
1321 2034 1507 2109 referamus
1541 2036 1599 2107 tihi
1681 2056 1688 2072 ·

222 2149 382 2242 gloriam,
410 2162 472 2223 etc.

327 2265 489 2359 Populea.
543 2269 663 2339 Amen.

326 2382 503 2454 Sacerdos
528 2382 719 2453 inclinatus.
772 2381 839 2454 lllis
867 2385 922 2476 qui
949 2404 1115 2479 pauperes
1142 2382 1257 2478 populi
1284 2385 1328 2455 tui
1356 2383 1527 2475 adiuvant,
1554 2384 1597 2455 da

222 2498 399 2589 auxilium3
426 2499 503 2589 illis,
530 2502 586 2593 qui
612 2497 830 2571 ecclesiarum
857 2506 986 2570 marum
1014 2498 1268 2572 sollicitudinem
1295 2507 1433 2592 gerunt,
1460 2521 1597 2572 merce-

222 2612 298 2686 dem
324 2613 487 2687 retrihue:
521 2612 598 2685 illos
626 2617 682 2709 qui
708 2616 833 2710 captivi
861 2625 952 2702 sunt,
988 2614 1132 2687 libertati
1165 2613 1288 2686 redde:
1321 2619 1455 2687 vinctos
1482 2615 1597 2687 solve:

223 2738 258 2800 et
284 2751 344 2802 eos
372 2734 427 2824 qui
454 2731 558 2801 variis
585 2728 777 2802 morborum
803 2730 985 2822 generihus
1011 2729 1259 2818 conflictantur,
1285 2751 1379 2802 sana.

324 2847 475 2916 Eleuarrs
500 2867 626 2916 eacan.
673 2846 758 2932 Quia
784 2845 925 2918 difficilia
951 2845 1010 2919 tihi
1036 2845 1147 2918 facilia
1171 2854 1256 2931 sunt,
1284 2854 1318 2917 et
1339 2867 1462 2940 aspera
1485 2846 1596 2942 plana,

219 2964 431 3056 omniumque
447 2971 568 3056 potens
582 2983 633 3049 es,
651 2962 805 3048 Domine,
821 2962 944 3056 tibique
964 2960 1106 3055 gloriam
1122 2971 1156 3033 et
1169 2959 1301 3033 laudem
1320 2960 1507 3048 referimus,
1532 2971 1597 3035 ete.

326 3076 487 3169 Populus.
540 3078 660 3151 Amen.
888 3136 890 3139 .

321 3193 498 3265 Sacerdos
523 3192 714 3264 inclinatas.
766 3191 884 3284 Reges
916 3191 1032 3264 fideles
1059 3201 1093 3262 et
1117 3191 1270 3283 Reginae
1296 3193 1405 3263 Deum
1433 3194 1597 3283 timentes,

217 3308 409 3383 fortitudine
436 3307 561 3379 hraohii
588 3310 632 3379 tui
658 3310 803 3402 potentis
830 3308 967 3393 rohora,
994 3318 1028 3380 et
1053 3311 1203 3381 victores
1230 3307 1333 3380 effice.

324 3424 475 3495 Elccaas
509 3444 634 3494 vocem.
695 3421 740 3494 Ut
770 3444 903 3495 manum
939 3422 1180 3495 auxiliatricem
1213 3422 1254 3494 ad
1284 3422 1360 3495 illos
1397 3421 1596 3507 extendens,

118 3616 121 3622 .
221 3539 485 3633 adjutoriumque
512 3538 675 3610 dexterae
696 3549 772 3610 tuae
798 3538 863 3611 illis
880 3540 1088 3627 submittens,
1114 3541 1276 3626 victores,
1291 3548 1325 3609 et
1341 3536 1596 3631 triumphatores

221 3666 405 3752 appareant
431 3653 596 3726 adversus
629 3657 780 3726 inimicos
814 3657 923 3727 crucis
958 3658 1119 3746 anigeniti
1146 3653 1221 3725 Filii
1254 3657 1319 3743 tui,
1354 3677 1429 3725 cum
1464 3675 1530 3748 quo
1564 3663 1598 3724 te

222 3771 318 3843 decet
345 3769 454 3861 gloria
481 3780 515 3841 et
543 3769 660 3842 honor.

326 3886 487 3980 Papulas.
540 3887 660 3957 Amen.

327 4000 504 4072 Sacerdos
529 4001 720 4072 inclinatus.
772 4000 953 4087 Memento,
979 4002 1136 4088 Domine,
1162 4000 1359 4074 benedictae
1385 4003 1419 4071 in
1444 3999 1597 4072 mulieri-

225 4117 306 4203 hus,
339 4140 384 4188 ex
417 4138 480 4211 qua
507 4115 593 4188 filius
619 4118 807 4207 unigenitus
834 4125 909 4187 tuus
936 4138 1070 4189 carnem
1096 4116 1215 4188 induit:
1252 4117 1414 4210 simrdque
1440 4114 1598 4210 Prophe-

221 4242 348 4320 tarum,
375 4236 431 4327 qui
457 4231 547 4327 quod
575 4255 621 4303 ex
647 4255 688 4303 ea
715 4252 840 4325 corpus
867 4241 1064 4326 accepturus
1092 4243 1184 4304 essct
1209 4230 1464 4327 praedixerunt:
1491 4232 1596 4327 Apo-

222 4349 395 4436 stolorum,
423 4354 477 4444 qui
504 4348 593 4420 illum
620 4369 699 4421 esse
725 4347 833 4420 Deum
859 4369 976 4419 vemm
995 4348 1291 4443 praedicaverunt:
1319 4348 1518 4444 Martyrum,
1540 4348 1597 4442 qui

223 4463 308 4536 colla
336 4488 397 4537 sua
424 4475 562 4560 propter
589 4487 665 4535 eum
691 4463 917 4552 tradiderunt,
945 4473 979 4535 et
1007 4466 1152 4536 omnium
1175 4466 1358 4555 justorum,
1385 4467 1440 4558 qui
1466 4461 1599 4534 luerunt

222 4580 419 4653 asaeculo.

325 4694 476 4766 hleodro
511 4718 637 4767 oacera
699 4695 840 4769 Praesta
875 4716 1008 4788 quoque
1041 4694 1140 4767 nohis
1174 4693 1332 4778 Domine,
1369 4701 1404 4764 ut
1439 4690 1500 4764 suh
1534 4692 1594 4764 alis

222 4810 418 4885 dilectorum
445 4821 574 4884 tuorum
601 4821 833 4906 protegamur:
860 4807 1130 4904 exercitibusque
1158 4830 1272 4881 eorum
1288 4806 1530 4900 adjungamur,
1561 4817 1596 4878 et

221 4930 308 4999 inter
334 4936 451 4999 coems
478 4949 594 5000 eorum
621 4930 876 4999 constituamur:
904 4935 939 4996 ut
965 4947 1041 4996 oum
1066 4925 1148 5014 illis,
1184 4932 1218 4997 et
1244 4923 1431 4999 interillos
1457 4921 1594 4995 refera-

221 5064 295 5115 mus
322 5040 381 5115 tihi
407 5042 550 5135 gloriam
576 5052 611 5116 et
634 5041 777 5115 laudem.

1304 5158 1391 5232 rr*
1497 5261 1503 5273 ⁸
