4525 6034
734 578 817 685 ,soc
1082 614 1086 623 ·
1311 581 1541 660 noune

845 767 1004 861 Poptdrrs.
1057 766 1100 839 Et
1126 790 1201 838 cum
1227 773 1344 864 spiritu
1370 781 1437 843 tno.

844 885 1031 955 Diaconos.
1084 885 1167 957 Post
1194 890 1467 960 communionem.

845 1000 1006 1094 Poprdus.
1062 997 1186 1073 Coram
1213 1011 1256 1072 te.
1733 1068 1738 1073 .

843 1116 1028 1188 Sacerdos.
1080 1117 1320 1191 Adorationem
1349 1118 1514 1193 offerimus
1532 1119 1592 1192 tibi
1608 1121 1687 1193 Rex
1708 1132 1843 1212 sancte,
1869 1121 1991 1196 Domine
2010 1146 2059 1197 no-

740 1243 809 1307 ster
834 1233 915 1305 Jesu
951 1231 1101 1321 Christe,
1130 1237 1184 1329 qui
1220 1237 1412 1329 praestitisti
1448 1235 1544 1309 nobis
1577 1248 1614 1309 ut
1645 1242 1843 1311 misceretur
1882 1261 1986 1336 corpus
2010 1263 2060 1312 no-

741 1359 844 1421 strum
877 1352 1011 1445 corpori
1038 1360 1093 1422 too
1122 1361 1260 1440 sancto,
1294 1361 1328 1422 et
1353 1356 1491 1444 sanguis
1523 1364 1638 1427 noster
1672 1359 1824 1446 sanguini
1857 1366 1911 1427 tuo
1939 1362 2061 1452 pretioso.

740 1465 869 1538 Idcirco
897 1464 1073 1538 adoramus
1090 1470 1296 1559 majestatem
1323 1477 1430 1540 tuam:
1457 1467 1626 1543 laudamus
1646 1469 1850 1542 divinitatem
1868 1481 1963 1543 mam:
1985 1495 2063 1567 prae·

740 1583 886 1655 dicamus
913 1582 1159 1655 misericordias
1186 1594 1278 1654 tuas:
1305 1607 1372 1656 non
1400 1568 1594 1657 aberrantes
1614 1610 1634 1658 a
1654 1590 1875 1659 veritatetua.
1923 1587 2064 1683 Depreca-

740 1722 813 1771 mur
840 1702 939 1771 etiam
966 1709 999 1770 te
1024 1708 1060 1770 ut
1086 1696 1266 1770 benedicas
1293 1722 1355 1772 nos
1383 1723 1516 1796 omnes,
1543 1700 1827 1775 benedictionibus
1851 1708 1913 1775 tuis
1938 1704 2064 1776 coelesti-

739 1813 819 1904 bus,
859 1824 893 1885 et
924 1815 1047 1889 liberes
1082 1836 1145 1886 nos
1183 1837 1202 1885 a
1235 1821 1405 1890 tormentis
1433 1840 1519 1914 quae
1553 1829 1751 1914 praeparata
1783 1832 1859 1893 sunt
1892 1820 2065 1917 operantibus

739 1931 835 2003 mala.
888 1933 1038 2025 Dignare
1064 1953 1127 2005 nos
1159 1930 1344 2004 habitaculo
1372 1935 1460 2029 quod
1486 1938 1666 2030 promisisti
1693 1935 1904 2029 diligentibus
1928 1947 1975 2025 te,
2001 1957 2066 2008 oon-

739 2051 837 2120 stitue
863 2070 926 2120 nos
954 2048 995 2137 ad
1021 2046 1107 2121 latus
1135 2058 1223 2120 tuum
1251 2048 1425 2141 dextrum,
1452 2062 1486 2122 et
1511 2055 1651 2143 ignosce
1678 2052 1775 2126 nobis
1802 2065 1939 2149 peccota
1956 2055 2065 2125 omnim

739 2173 887 2236 nostrum
914 2164 1114 2260 aequaliter,
1154 2176 1188 2236 et
1220 2164 1403 2240 referemus
1439 2168 1497 2241 tibi
1531 2168 1673 2260 gloriam
1700 2179 1734 2241 et
1767 2169 1916 2259 laudem,
1945 2169 2068 2262 Patrique

738 2287 816 2367 tuo,
843 2291 877 2352 et
902 2281 1038 2377 Spiritui
1064 2290 1121 2352 tuo
1148 2293 1283 2371 sancto,
1309 2305 1395 2354 nuno
1422 2294 1456 2355 et
1483 2307 1624 2380 semper.

842 2397 1003 2490 Populus.
1055 2398 1176 2470 Amen.

841 2515 1028 2589 Diaconos.
1082 2515 1228 2588 Benedic
1254 2518 1407 2591 Domine.

841 2632 1026 2705 Sacerdos.
1078 2630 1246 2725 Benedic,
1273 2656 1439 2708 conserva
1466 2643 1500 2705 et
1524 2643 1667 2730 protege
1692 2654 1753 2707 nos
1781 2656 1910 2707 omnes.

1157 2957 1673 3001 ψ

958 3358 1022 3448 IN
1067 3354 1447 3449 LITURGIAM
1507 3355 1890 3449 PHILOXENI

1333 3547 1502 3632 notit.

432 3829 532 3900 nuspa.
551 3832 566 3883 ι,
587 3831 630 3886 16.
644 3850 666 3885 c.
679 3834 723 3884 27.
838 3799 1050 3892 Proconesus,
1074 3812 1161 3875 aliter
1182 3811 1311 3874 Xenaias
1335 3810 1518 3892 appellatus,
1550 3810 1673 3875 Graecis
1701 3810 1861 3875 autoribus
1885 3819 1973 3874 notus
1992 3815 2030 3871 est
2044 3823 2072 3867 er

735 3914 908 3995 Nicephoro
931 3917 982 3997 qui
994 3917 1117 3979 Persam
1139 3917 1218 3979 illam
1240 3913 1332 3979 fuisse
1354 3933 1471 3998 genere
1491 3925 1653 3978 etservum
1669 3914 1841 3979 conditione
1856 3915 1971 3992 scribit,
1992 3915 2072 3995 quiete

737 4014 877 4077 necdum
898 4016 1073 4098 baptisatus,
1097 4015 1249 4079 Clericum
1272 4033 1310 4077 se
1344 4016 1484 4077 mendtus
1507 4014 1596 4078 tuemt
1618 4016 1691 4079 etad
1702 4015 1928 4078 Antiochenam
1939 4012 2072 4078 oculeum

735 4116 868 4192 venerit,
891 4133 908 4177 a
931 4134 989 4197 qua
1012 4115 1176 4179 calandion
1197 4114 1366 4196 Episcopus
1389 4113 1583 4177 Ortbodoxus
1607 4116 1672 4196 ejus
1694 4116 1861 4196 nequitiam
1880 4136 1920 4178 ex
1937 4114 2073 4196 signnm

738 4213 875 4276 obscuris
899 4233 1080 4298 agnoscem,
1102 4215 1182 4277 illum
1206 4213 1328 4296 expulit.
1373 4215 1478 4277 Petrus
1501 4232 1576 4277 vero
1600 4215 1762 4296 Gnapbeus
1785 4212 1873 4277 ilium
1896 4207 1951 4278 ἔτι
1964 4197 2073 4293 spino

736 4301 813 4375 ὄντα
822 4311 881 4398 τῆς
893 4308 1035 4396 γείτονος
1047 4309 1138 4401 ἱερᾶς
1151 4301 1278 4387 πόλεως
1290 4304 1449 4400 πρόεδρον
1465 4302 1702 4400 κατεατήοατοε
1724 4316 1793 4376 ticet
1810 4317 1946 4377 nondum
1959 4314 2073 4374 buddam

734 4417 854 4476 cinnae
875 4413 1071 4495 Hieropoleos
1099 4417 1261 4477 antistitem
1283 4418 1444 4477 constituit.
1488 4415 1517 4477 Is
1539 4423 1647 4495 postea
1670 4432 1794 4495 magnas
1818 4422 1930 4477 contra
1953 4406 2073 4494 smotm

736 4512 1014 4577 Calchedonensem
1037 4523 1067 4577 et
1088 4515 1261 4577 Flavianum
1284 4514 1503 4577 Antiocbonum
1525 4515 1628 4577 turbas
1657 4515 1816 4593 excitavit,
1850 4532 1929 4595 quas
1957 4511 2015 4575 susc
2036 4524 2074 4566 re-

734 4622 839 4676 censet
862 4613 939 4676 idem
961 4614 1162 4696 Nicephorus.
1197 4614 1282 4677 Unde
1304 4633 1372 4677 cum
1383 4615 1614 4696 bionopbysitae
1636 4613 1747 4677 similes
1763 4614 1887 4677 zeiotas
1909 4632 1969 4676 non
1988 4618 2073 4692 paucut

627 4719 629 4721 ’
733 4712 901 4791 habuerint,
925 4732 1001 4794 quos
1024 4716 1139 4797 magnis
1163 4714 1327 4777 bonoribus
1350 4723 1582 4796 prosequuntur,
1606 4713 1801 4777 Philoxenum
1823 4709 2073 4777 interemtorum

731 4810 845 4874 babere
867 4814 972 4875 mirum
993 4813 1090 4876 videri
1112 4832 1172 4876 non
1196 4813 1295 4877 debet.
1340 4814 1412 4896 Ejus
1435 4833 1507 4878 sune
1531 4815 1673 4877 memoria
1695 4813 1873 4876 celebratur
1896 4817 1927 4877 iu
1947 4800 2073 4891 oipnctt

732 4910 889 4974 muitarum
911 4913 1111 4995 Liturgiarum
1136 4912 1339 4995 syriacorum:
1362 4922 1394 4976 ut
1416 4916 1503 4977 etiam
1525 4932 1636 4977 nomen
1657 4914 1722 4996 ejus
1744 4923 1932 4977 recensetur
1952 4903 2072 4973 interte-

732 5010 844 5073 eIesiae
868 5012 1009 5076 doctores
1040 5016 1069 5076 in
1100 5012 1244 5093 formula,
1274 5033 1362 5096 quam
1385 5013 1563 5077 Ordinandis
1585 5014 1715 5096 proponi
1737 5011 1861 5074 solitam
1886 5001 2072 5094 reperinus‘ss

731 5111 896 5175 Pontificab
908 5113 1057 5177 Mediceo.
1094 5112 1284 5178 Recensetur
1302 5131 1423 5197 quoque
1437 5113 1468 5175 in
1486 5131 1590 5177 eorum
1606 5130 1742 5193 numero,
1765 5112 1802 5176 ab
1821 5120 1934 5177 autore
1948 5109 2071 5174 umato
