4525 6034
455 572 505 647 DE
523 571 766 649 COPMTARUM
780 565 1339 647 ALEXANDRMORUMLITURGIIS.
1524 559 1586 634 CV

311 753 434 827 xllx„
467 755 597 848 Regius
633 754 756 828 Codex
787 753 855 827 loci
888 764 945 827 aut
969 756 1119 848 regionis
1145 751 1268 824 nullam
1281 747 1432 846 praefert
1457 757 1586 822 notam:
1601 764 1801 834 uegrasooaex
1815 766 1842 817 n
1855 763 1911 833 cy-

212 880 246 941 et
271 869 358 964 qnod
384 870 546 943 Nicosiae
571 880 726 967 repertus
752 869 885 943 fuerita
903 869 1104 961 Vauslebio,
1117 871 1173 963 qui
1189 865 1449 940 coemendomm
1475 863 1587 936 libro-
1601 861 1789 919 mmm·

210 1007 283 1056 rmn
309 1007 410 1057 causa
440 988 475 1058 in
508 986 680 1058 Orientem
714 988 835 1059 missus
867 985 995 1076 hietat,
1031 984 1176 1058 suadere
1208 981 1400 1070 videretur,
1433 982 1587 1054 extitisse
1695 976 1699 985 '

211 1098 371 1195 quasdam
395 1104 431 1172 in
457 1101 574 1198 Cypro
602 1100 789 1191 Ecclesias,
814 1123 903 1197 quaa
928 1103 1001 1174 istis
1027 1100 1188 1191 Liturgiis
1214 1119 1298 1171 usae
1323 1095 1474 1167 luissent.
1518 1094 1589 1166 Sed

210 1218 264 1287 vis
290 1214 387 1306 hujus
414 1220 600 1308 argumenti
635 1215 775 1288 debilior
809 1225 879 1308 est,
913 1238 1010 1312 quam
1037 1225 1073 1288 ut
1097 1217 1187 1287 ratio
1214 1213 1299 1285 illius
1325 1209 1442 1282 haberi
1468 1211 1587 1305 possit,

209 1331 271 1401 nisi
297 1329 462 1405 firmiores
496 1331 628 1403 aliunde
662 1340 857 1427 suppetant,
888 1353 971 1427 quas
997 1328 1061 1402 buc
1087 1352 1195 1425 usque
1220 1327 1329 1401 nullas
1356 1328 1587 1421 comperimus.

209 1442 302 1516 Libri
328 1445 452 1542 ubique
477 1450 689 1542 reperiuntur
716 1450 823 1518 omnis
850 1450 999 1539 generis,
1025 1457 1060 1518 et
1085 1449 1119 1517 in
1147 1445 1284 1517 Oriente
1310 1439 1366 1512 ubi
1393 1439 1514 1512 dudum
1539 1440 1588 1512 li-

210 1570 303 1630 terae
329 1558 454 1633 llorere
483 1562 662 1653 desierunt,
690 1582 794 1656 saepe
819 1565 1029 1657 reperiuntur
1056 1561 1143 1657 apud
1171 1560 1310 1651 alicujus
1332 1566 1448 1629 sectae
1474 1553 1587 1626 bomi-

210 1694 283 1763 ncs,
311 1678 367 1770 qui
393 1675 436 1747 ad
462 1699 537 1748 cam
563 1675 749 1748 nullatenus
776 1680 976 1773 pertineant,
1003 1685 1037 1749 et
1063 1699 1149 1772 quos
1185 1678 1249 1772 ipsi
1274 1692 1492 1771 possessores
1519 1692 1588 1740 ne-

212 1790 328 1865 sciunt
356 1790 427 1863 Sed
452 1790 556 1865 Missa
582 1796 617 1863 in
643 1790 760 1888 Cypro
794 1790 968 1865 Ecclesias
1002 1816 1089 1889 quae
1115 1790 1348 1865 Alexandrino
1376 1785 1590 1857 Patriarcbae

211 1903 387 1976 Jacobitae
413 1904 611 1996 subessent,
647 1930 667 1978 a
694 1906 806 1996 nullo,
833 1907 923 2000 quod
949 1911 1106 1998 sciamus,
1132 1907 1254 1979 idoneo
1283 1912 1400 1975 autore
1426 1900 1591 1997 proditum

211 2029 271 2093 cst.
327 2021 424 2107 Quae
456 2023 535 2095 olim
559 2021 724 2095 Ecclesiis
752 2022 889 2119 Cypriis
915 2023 1093 2118 privilegia
1121 2022 1279 2096 canones
1302 2020 1425 2113 antiqui
1451 2019 1590 2107 irroga-

211 2147 343 2226 verant,
371 2137 490 2209 cadem
515 2148 594 2235 post
619 2136 799 2210 schismata
824 2141 977 2231 viguisse
994 2142 1217 2234 reperiuntur,
1243 2143 1487 2225 servanturque
1504 2132 1591 2204 illius

210 2254 408 2347 primaevae
436 2252 598 2327 libertatis
625 2256 828 2346 testimonia,
855 2257 889 2325 in
915 2253 1154 2342 Jacobitarum,
1180 2250 1476 2341 Melchitarumque
1503 2246 1591 2318 Col-

210 2365 420 2441 lectionibus.
472 2367 511 2440 In
544 2378 612 2441 tota
647 2368 807 2441 historiae
841 2368 1107 2442 Patriarcbarum
1143 2367 1449 2440 Alexandrinorum
1488 2363 1592 2451 serie,

208 2484 290 2574 juris
330 2484 421 2577 quod
451 2506 536 2577 erga
576 2485 723 2582 Cyprios
761 2484 951 2583 Episcopus
990 2486 1248 2580 usurpaverint,
1282 2479 1407 2552 nullum
1447 2479 1592 2550 occurrit

211 2598 421 2694 exemplum:
447 2610 484 2672 ut
508 2611 544 2673 et
568 2601 689 2675 nullius
717 2623 854 2690 causae,
889 2606 923 2674 in
951 2625 1016 2698 qua
1049 2623 1132 2693 erga
1159 2622 1221 2673 eos
1244 2601 1300 2690 jus
1328 2595 1505 2692 aliquando
1532 2592 1590 2664 di-

208 2718 332 2786 xeriut
368 2713 495 2788 Extant
521 2716 669 2789 Notitiae
687 2716 843 2790 Graecae
854 2728 888 2791 et
908 2716 1080 2791 Arabicae
1090 2714 1336 2788 Melcbitarum:
1363 2711 1592 2784 Jacobitarum

212 2828 316 2918 aliae3
343 2829 432 2902 nulla
470 2830 620 2928 Cyprum
652 2832 906 2905 Alexandrinae
937 2832 1010 2907 sedi
1041 2831 1184 2923 subjicit.
1237 2827 1440 2903 Manendum
1468 2837 1592 2913 amen,

211 2955 366 3040 repertos
399 2967 479 3019 csse
515 2969 556 3019 ea
591 2950 625 3018 in
656 2947 763 3022 insuda
789 2948 991 3021 Maronitas:
1018 2970 1086 3019 non
1112 2946 1322 3019 Libaniticos
1348 2942 1425 3014 illos
1454 2940 1591 3012 dicimus

213 3063 267 3154 qui
291 3081 363 3131 non
388 3060 489 3132 modo
515 3063 663 3153 majores
690 3084 771 3136 suos
798 3062 840 3134 ab
869 3066 958 3136 omni
983 3060 1136 3135 haeresis
1168 3058 1441 3133 Monotbeliticac
1474 3057 1592 3148 suspi-

212 3177 310 3247 cione
345 3175 521 3248 vindicare
554 3188 723 3271 satagunt,
759 3178 819 3251 sed
856 3174 1063 3251 catholicam
1094 3177 1194 3249 tidem
1226 3174 1394 3248 labantem
1429 3171 1522 3244 solos
1558 3173 1593 3240 in

212 3288 422 3362 Antiocheno
455 3291 685 3365 Patriarchatu
718 3315 955 3389 propugnasse
986 3293 1122 3384 volunt,
1162 3291 1222 3364 sed
1257 3295 1303 3363 ita
1342 3299 1378 3361 ut
1410 3287 1593 3359 doctiorem

212 3408 379 3477 neminem
409 3406 453 3477 ad
484 3411 682 3480 seutentiam
713 3430 809 3482 suam
842 3412 1093 3504 pertraxerint·
1133 3406 1385 3480 Germanissim
1418 3402 1465 3475 illi
1498 3411 1593 3472 erant

212 3519 464 3613 Monothelitae,
501 3544 586 3619 quos
614 3533 723 3595 tamen
750 3546 819 3596 non
844 3523 1035 3596 Willelmus
1062 3523 1209 3619 Tyrius,
1236 3545 1303 3596 non
1331 3521 1387 3594 alii
1413 3539 1592 3592 commen-

214 3635 376 3708 datissimi
410 3647 566 3728 autores,
596 3638 725 3730 Latini,
760 3637 902 3730 Graeci,
929 3640 1010 3736 Spri
1036 3649 1070 3712 et
1094 3638 1244 3730 Arabes,
1271 3639 1333 3712 sed
1357 3642 1422 3735 ipsi
1448 3637 1592 3709 Romani

214 3750 406 3843 Pontifices,
432 3751 617 3826 Maronitas
652 3753 914 3850 appellavemnt.
956 3755 1062 3827 Erant
1093 3755 1141 3828 illi
1175 3760 1208 3827 in
1245 3752 1375 3851 Cypro,
1411 3760 1593 3845 extantque

214 3868 332 3936 variae
364 3870 454 3940 circa
484 3868 560 3940 illos
596 3866 858 3944 constitutiones
889 3870 1077 3943 Alexandri
1110 3872 1165 3944 111.
1203 3882 1236 3942 et
1274 3871 1425 3961 aliorum,
1457 3877 1593 3964 praeter

214 3976 432 4055 Nicosienses
467 3985 606 4076 multas,
640 3996 833 4082 postremae
861 3986 1090 4060 Conciliorum
1116 3986 1252 4059 editioni
1287 3991 1441 4059 insertas.
1486 3984 1592 4055 Erant

216 4117 350 4190 quoque
375 4097 582 4191 Nestoriani,
617 4112 651 4173 et
683 4124 801 4173 eornm
832 4100 938 4175 libros
974 4102 1100 4198 aliquot
1129 4101 1286 4191 vidimus,
1320 4107 1353 4172 in
1380 4101 1492 4172 insula
1519 4102 1592 4194 ipsa

213 4230 279 4281 non
305 4224 473 4308 repertos,
499 4226 536 4287 nt
562 4215 672 4288 codex
698 4217 924 4308 Liturgiarnm
949 4217 1091 4310 Regius,
1118 4216 1180 4290 sed
1209 4222 1354 4313 scriptos
1382 4227 1459 4287 ante
1487 4235 1593 4286 annos

218 4326 489 4421 quadringentos.
542 4330 684 4403 Vastato
726 4336 825 4405 toties
864 4333 1001 4405 Oriente
1043 4356 1105 4429 per
1144 4331 1296 4405 Arabum
1337 4331 1426 4404 bella
1468 4329 1594 4421 civilia,

219 4453 274 4513 aut
299 4467 361 4540 per
387 4446 548 4519 Turtaros
575 4445 637 4520 sub
665 4452 826 4522 extremis
854 4447 1100 4541 Seljulridarum
1126 4448 1338 4521 Sultanorum
1374 4446 1593 4543 temporibus,

215 4554 286 4629 lieri
313 4565 419 4656 potuit
443 4573 480 4634 ut
505 4562 597 4635 multi
625 4562 805 4637 Christiani
832 4587 874 4636 eo
890 4567 1162 4657 commigrarent,
1190 4573 1289 4660 atque
1303 4568 1389 4636 inter
1416 4585 1477 4635 eos
1499 4584 1593 4634 non-

215 4673 305 4763 nulli,
332 4678 389 4772 qui
413 4677 629 4750 Patriarcbae
654 4679 883 4752 Jacobitarum
899 4679 1132 4752 Alexandrino
1151 4680 1406 4772 subjicerentur,
1433 4689 1467 4750 et
1493 4678 1593 4752 sedes

214 4784 280 4858 illic
312 4789 463 4866 fixerint:
497 4816 574 4866 nam
608 4817 654 4865 ex
687 4794 850 4892 Aegypto
883 4819 952 4869 non
986 4794 1127 4868 difficilis
1162 4805 1235 4866 erat
1271 4798 1305 4866 in
1337 4793 1482 4866 Insulam
1518 4805 1593 4865 tra-

213 4904 396 4993 jectus.1d
423 4912 453 4982 si
477 4909 601 4982 lactum
629 4920 693 5001 est,
721 4911 810 5007 quod
837 4934 945 5007 aequa
970 4909 1070 4983 facile
1096 4909 1168 4999 lirit,
1197 4933 1295 5005 quam
1315 4909 1593 4982 Nestoriauorum

218 5028 251 5090 et
276 5019 515 5098 Maronitarum
549 5024 790 5119 transfretatio,
824 5028 866 5100 ad
893 5031 977 5101 istos
1003 5025 1176 5098 Jacobitas
1202 5024 1379 5099 referenda
1407 5036 1477 5118 est,
1509 5027 1593 5097 baec

242 5158 355 5205 rammi
1336 5141 1385 5213 it
