4525 6034
683 567 760 641 272
1162 567 1570 646 COMMENTARIUS

683 754 810 830 Christi,
834 753 969 834 quamvis
992 753 1030 815 de
1053 754 1171 835 integra
1193 755 1224 816 in
1246 753 1382 816 eumdem
1404 755 1651 817 transmutatione
1673 754 1736 816 vini
1759 754 1789 816 in
1812 755 1907 819 calice
1937 776 2052 821 secam-

683 853 769 916 dario
798 860 903 934 posset
932 853 1070 915 dubitari.
1099 853 1204 916 Porro·
1218 871 1297 934 quae
1320 853 1377 915 buc
1398 871 1498 934 usque
1520 854 1559 916 de
1583 855 1704 934 antiqua
1731 854 1812 916 illius
1835 856 1917 917 circa
1939 874 2052 920 conse

682 954 859 1030 cretionem,
884 960 935 1014 aut
956 953 1221 1017 sanctificationem
1248 952 1351 1014 calicis
1372 970 1430 1033 per
1450 954 1638 1033 particulam,
1665 961 1716 1015 aut
1741 972 1797 1034 per
1822 954 2051 1019 transfusionem

685 1052 903 1117 consuetudine
930 1051 1009 1113 dicta
1032 1061 1111 1131 sunt,
1136 1052 1174 1114 ad
1188 1052 1342 1133 Copticam
1357 1051 1525 1115 Ecclesiam
1547 1053 1767 1134 quodammodo
1790 1055 1946 1135 pertinere
1963 1055 2051 1118 vide-

682 1153 804 1230 buntur,
827 1170 894 1213 cunr
916 1150 1102 1213 Abulbircati
1124 1151 1227 1213 verbis
1250 1151 1407 1231 disciplina
1429 1153 1568 1232 exposita
1591 1154 1658 1214 erit.

410 1251 482 1307 Ritus
505 1256 671 1309 nocumenti
771 1252 842 1314 Post
864 1252 1019 1312 recitatam
1042 1249 1111 1312 [idei
1136 1250 1363 1313 Confessionem
1385 1253 1526 1332 superias
1548 1271 1566 1313 a
1588 1251 1676 1314 nobis
1699 1251 1894 1332 explicatam,
1922 1251 2051 1312 descer-

359 1340 447 1396 0¹¹³⁰³⁸
466 1359 497 1395 ⁶¹
512 1343 671 1396 Abutbircat.
684 1351 730 1413 dit
749 1350 906 1412 Dimomts
927 1357 957 1411 et
974 1350 1209 1429 prostrationem
1227 1349 1432 1428 [cadvernis
1450 1351 1592 1430 papatiam
1624 1357 1732 1424 (causa
1758 1350 1874 1413 scilicet
1903 1349 2051 1416 salutandi

684 1458 715 1512 et
737 1448 950 1526 monendi,.ut
972 1448 1010 1510 ad
1038 1449 1275 1510 communionem
1302 1468 1337 1511 se
1366 1454 1573 1530 praeparent)
1603 1468 1823 1530 conannsmae
1848 1451 1892 1511 ad
1918 1451 2051 1511 mmdesr

680 1552 823 1629 poprdam
843 1550 1015 1624 Sacerdm,
1038 1549 1131 1609 leven
1152 1550 1376 1611 institutionem
1395 1548 1483 1627 facit.
1515 1548 1587 1610 lien
1613 1551 1813 1611 commrmicat
1839 1551 1905 1628 ipse
1932 1557 1964 1611 st
1987 1549 2050 1611 Sa-

683 1651 793 1711 cerdos
815 1651 972 1724 arantem,
993 1649 1047 1727 qai
1066 1666 1135 1709 cam
1156 1667 1193 1710 ao
1210 1650 1401 1711 mmsnaait
1422 1648 1557 1710 Peracta
1573 1668 1689 1728 qrmqrte
1707 1649 1837 1710 alimum
1852 1647 2050 1711 Sacerdom

682 1751 898 1824 communione,
921 1750 951 1809 si
971 1749 1032 1808 sirit
1052 1766 1145 1826 super
1164 1749 1264 1810 attare
1286 1749 1365 1810 alter
1384 1757 1440 1810 aat
1455 1749 1560 1828 places
1581 1748 1703 1823 edices,
1725 1766 1779 1809 sos
1799 1756 1968 1828 comeant
1994 1768 2050 1811 ac-

682 1850 821 1928 cips'enda
856 1849 973 1910 scilieet
1001 1867 1042 1907 ea
1069 1848 1166 1908 calice
1194 1848 1306 1926 memori
1335 1851 1367 1909 in
1393 1847 1535 1928 Litrtrps'a
1560 1856 1755 1924 coruscante,
1784 1856 1814 1908 ct
1838 1847 1994 1925 frendendo
2018 1850 2050 1910 in

680 1950 774 2010 adam
794 1967 854 2010 nan
876 1953 1085 2009 cmmecratam
1107 1947 1170 2007 tria
1191 1947 1384 2023 cocblearia,
1414 1947 1543 2009 dicendo
1567 1948 1657 2008 mmai
1676 1945 1850 2008 &utonem
1870 1965 1948 2026 qaae
1969 1948 2048 2008 mci-
2131 1987 2134 1992 »

588 2129 589 2134 ¹
677 2048 724 2127 pit
744 2046 924 2109 Benedictus
947 2054 1005 2108 etc.
1029 2045 1202 2124 Respondet
1219 2047 1364 2125 papatis,
1388 2044 1471 2108 Unus
1492 2046 1583 2108 Pater
1603 2054 1737 2119 sanctus,
1752 2053 1811 2107 etc.
1834 2044 2048 2125 emensam-

678 2166 735 2227 qae
766 2148 849 2212 ittam
877 2147 1152 2220 contemneremus,
1178 2143 1333 2221 sanderado
1362 2153 1409 2207 ter
1438 2165 1479 2207 es
1505 2165 1568 2207 ano
1597 2146 1693 2207 calice
1721 2147 1755 2206 ia
1783 2146 1884 2213 atam
1936 2145 2049 2207 Postea

675 2247 847 2326 perticatas
868 2252 1066 2308 consecratas
1087 2263 1129 2304 en
1150 2243 1306 2320 lsbodico,
1335 2246 1465 2306 immitit
1485 2247 1518 2307 in
1539 2245 1666 2307 calicem
1693 2247 1851 2324 minorem,
1881 2263 1936 2305 eas
1962 2244 2048 2305 scili-
2158 2225 2161 2234 ⁵

680 2353 728 2408 cet
748 2365 826 2426 qnae
845 2345 1068 2426 superfuerant,
1090 2351 1120 2406 et
1141 2361 1197 2405 ear
1218 2342 1364 2418 cubabit,
1383 2345 1575 2425 partiturque
1590 2346 1622 2406 in
1640 2344 1772 2423 aetianos
1789 2343 1910 2406 calices
1932 2342 2050 2404 Deinde

679 2446 914 2507 communionem
936 2446 991 2506 dat
1010 2443 1150 2505 Diacono
1172 2444 1224 2523 qai
1244 2462 1312 2504 cam
1333 2462 1369 2505 eo
1390 2444 1589 2519 munem,
1611 2450 1642 2506 et
1660 2444 1785 2523 reliquis
1804 2441 1968 2517 Diaemrss,
1990 2459 2049 2501 ca-

678 2546 817 2626 mitraque
837 2544 977 2606 Psalmas
1000 2542 1072 2607 108.
1097 2551 1167 2605 torro
1189 2543 1324 2618 diverso,
1345 2543 1508 2603 sanandam
1525 2542 1673 2621 festorum
1693 2542 1883 2616 amantea,
1906 2548 1966 2602 tum
1985 2540 2048 2600 ald·

678 2652 750 2725 qaut
772 2645 828 2706 alii
849 2646 951 2727 bpmm
978 2651 1008 2706 et
1035 2640 1205 2705 llmotolria.
1237 2639 1367 2734 stampas
1394 2641 1471 2703 baec
1502 2643 1693 2721 compleverit
1719 2643 1805 2730 circa
1833 2638 2048 2702 commendatiis

678 2744 926 2819 distributionem,
947 2743 1103 2805 Sacerdos
1125 2759 1232 2804 naam
1252 2739 1383 2816 babebit,
1404 2750 1438 2812 at
1459 2744 1488 2804 si
1506 2741 1587 2820 sorte
1609 2742 1715 2822 aliqua
1731 2741 1889 2820 particula
1910 2737 2049 2821 mannis

677 2844 802 2905 anniam
824 2844 964 2923 corporis
986 2848 1137 2922 armarat,
1159 2858 1226 2902 eam
1250 2840 1386 2920 codipat,
1416 2847 1447 2902 et
1472 2839 1713 2903 ministrantibus
1741 2839 1784 2901 ad
1811 2840 1910 2901 altare
1938 2837 2048 2899 distri-

678 2943 758 3005 baat.
781 2942 939 3004 Diaconos
960 2960 1075 3022 qaoque
1097 2938 1215 3019 aderet
1243 2939 1368 3000 catcem
1394 2939 1426 3000 in
1454 2958 1512 3020 qao
1542 2940 1775 3001 communicavit
1801 2938 2049 3001 Sacerdotem

677 3041 835 3119 labodico,
860 3047 949 3121 atque
971 3042 1017 3101 ita
1038 3041 1232 3120 sanquinem,
1254 3038 1284 3098 si
1304 3058 1345 3099 en
1366 3056 1402 3099 eo
1424 3038 1539 3118 aliquid
1560 3045 1705 3117 superest.
1749 3037 1875 3118 Reliqua
1905 3036 1944 3099 de
1966 3034 2049 3096 divi-

676 3142 761 3204 sione
784 3138 984 3203 Eucharistici
1006 3140 1093 3220 panis
1115 3139 1173 3200 rite
1194 3135 1341 3215 iacienda,
1366 3143 1458 3218 utque
1479 3136 1646 3217 particulae
1666 3137 1786 3199 modum
1809 3154 1870 3199 non
1886 3135 2046 3213 excedant,

677 3241 732 3305 sed
754 3240 831 3303 tales
853 3240 931 3318 sint,
954 3247 987 3301 ut
1009 3236 1166 3301 commode
1189 3237 1301 3317 suscipi
1324 3254 1342 3298 a
1365 3236 1650 3300 communicantibus
1673 3243 1800 3317 queant,
1831 3234 2047 3314 buccellaeque

676 3342 841 3422 quantitate
865 3339 1059 3417 definiantur,
1091 3344 1121 3399 et
1143 3338 1203 3399 sint
1225 3335 1377 3398 crucicula
1400 3337 1576 3418 insignitae,
1608 3336 1765 3399 traduntur
1792 3336 1829 3398 ab
1858 3334 1965 3397 eodem
1988 3352 2047 3396 au-

677 3450 762 3518 tore,
786 3449 817 3503 et
840 3439 943 3502 iisdem
966 3454 1063 3519 prope
1086 3437 1189 3499 verbis
1211 3453 1290 3516 quae
1311 3453 1403 3516 supra
1426 3455 1467 3499 ex
1488 3436 1687 3498 Echmimensi
1709 3435 1883 3514 retulimus,
1906 3451 2046 3497 necnon

676 3559 750 3604 cura
771 3537 908 3602 habenda
931 3557 949 3600 a
971 3536 1185 3600 Sacerdotibus
1208 3542 1239 3597 et
1260 3534 1403 3597 Diacouis
1426 3536 1643 3616 nequidquam
1665 3556 1706 3598 ex
1728 3535 1830 3612 disco,
1858 3534 1906 3597 vel
1929 3554 1970 3597 ex
1992 3552 2048 3595 aa·

677 3638 735 3702 lice
760 3638 887 3702 decidat.
911 3637 958 3699 Ex
981 3637 1052 3710 hoc,
1076 3654 1166 3717 quem
1186 3637 1271 3717 prius
1294 3635 1475 3716 explicavit,
1505 3637 1580 3715 ritu,
1611 3634 1755 3698 habemus
1784 3634 1904 3697 modum
1933 3633 2049 3696 constr-

678 3737 788 3815 mandi,
812 3745 843 3801 et
864 3735 1068 3801 sanctificandi
1091 3736 1202 3798 caucos
1225 3733 1434 3797 ministeriales
1458 3735 1494 3798 ad
1512 3734 1671 3799 Laicorum
1689 3736 1937 3811 communionem,
1958 3750 2048 3795 eum-

678 3857 737 3919 que
760 3837 922 3919 duplicem,
946 3855 1002 3918 per
1023 3834 1188 3917 particulae
1211 3840 1418 3913 consecratae,
1441 3853 1495 3897 seu
1518 3834 1662 3910 ladodici
1684 3835 1907 3912 immissionem,
1929 3840 1962 3895 et
1990 3849 2048 3911 per

677 3939 804 4020 liquoris
827 3937 1014 4001 inlusionem.
1058 3936 1115 3998 Per
1137 3936 1262 4017 primam
1284 3933 1408 3996 allicitur
1430 3954 1470 3997 ex
1493 3934 1689 3997 Orientalium
1711 3934 1878 4007 sententia,
1906 3932 1937 3994 id
1965 3929 2046 4012 quod

678 4039 818 4120 exprimit
840 4038 935 4099 oratio
957 4039 1093 4117 ipsorum
1116 4053 1175 4115 qua
1198 4034 1300 4097 dicunt
1322 4051 1357 4096 se
1379 4034 1577 4118 consignare,
1612 4042 1643 4097 et
1669 4033 1881 4110 sanctificare,
1910 4040 1941 4094 et
1970 4050 2048 4093 con·

673 4139 806 4222 jungere
829 4154 939 4218 corpus
962 4135 1080 4198 Domini
1103 4134 1199 4197 nostri
1219 4135 1295 4197 lesu
1318 4136 1429 4201 Christi
1452 4156 1518 4200 cum
1541 4137 1606 4218 ejus
1629 4138 1793 4219 sanguine,
1817 4142 1848 4196 et
1870 4133 2047 4215 sanguinem

678 4258 745 4303 curn
773 4255 917 4318 corpore:
947 4253 1055 4316 nempe
1083 4243 1240 4314 utramque
1270 4238 1404 4317 speciem
1434 4236 1679 4314 conrndscendo,
1709 4243 1742 4297 ut
1772 4232 1948 4296 ostendatur
1975 4230 2047 4293 unio

677 4341 811 4424 ejusdem
840 4338 1044 4416 Sacramenti,
1074 4338 1129 4400 sub
1160 4337 1288 4400 dirersis
1317 4338 1490 4418 speciebus.
1540 4337 1646 4418 Neque
1677 4353 1806 4415 unquam
1832 4333 1911 4415 apud
1940 4348 2047 4393 eorum

679 4441 853 4524 theologos
876 4447 926 4502 aut
947 4439 1065 4500 Rituum
1088 4439 1271 4518 interpretes
1294 4437 1453 4518 quidquam
1475 4438 1561 4500 nobis
1585 4436 1739 4513 occurrit,
1768 4433 1849 4496 unde
1872 4432 2047 4512 conjectura

678 4545 745 4625 capi
768 4549 873 4622 queat,
896 4558 933 4601 an
957 4556 1034 4619 quae
1056 4535 1136 4617 apud
1158 4535 1281 4600 Latinos
1303 4537 1451 4618 disputata
1479 4545 1548 4601 sunt
1577 4537 1658 4599 circa
1687 4533 1946 4599 consecrationem
1973 4530 2045 4607 vini,

678 4661 734 4723 per
756 4641 917 4705 immissam
939 4636 1130 4720 particulam,
1154 4637 1192 4699 de
1214 4655 1273 4718 qua
1296 4638 1436 4718 superius
1458 4638 1569 4701 dictum
1591 4644 1655 4717 est,
1684 4637 1715 4697 in
1739 4635 1943 4715 quaestionem
1966 4627 2045 4710 apud

677 4742 761 4821 ipsos
785 4747 892 4801 vocata
915 4739 993 4812 sint3
1023 4755 1079 4799 nec
1101 4736 1265 4799 verisimile
1287 4736 1407 4800 videtur
1437 4738 1467 4800 id
1496 4737 1576 4820 apud
1603 4756 1656 4800 eos
1684 4736 1827 4818 agitatum
1855 4732 1961 4794 luisse:
1995 4727 2045 4810 qui

677 4843 729 4902 vix
751 4841 789 4902 de
813 4841 1008 4904 Sacramenta
1030 4836 1236 4900 Eucharistiae
1259 4836 1424 4917 disputant,
1454 4838 1562 4901 sedin
1586 4835 1803 4917 simplicissima
1833 4832 1960 4895 traditae
1987 4847 2046 4889 an-

677 4942 800 5021 tiquitus
824 4939 893 5002 iidei
915 4938 1124 5019 expositione,
1148 4937 1382 5019 disciplinaeque
1406 4937 1608 5018 explicatione
1631 4935 1857 5016 conquiescunt
1901 4931 1942 4994 At
1968 4928 2045 4991 cali-

678 5059 744 5105 cem
766 5039 941 5104 consecrari
963 5045 1058 5100 totum
1080 5045 1171 5118 atque
1192 5038 1361 5122 integrum,
1384 5056 1424 5101 ex
1446 5037 1622 5101 admistione
1644 5035 1786 5116 liquoris,
1814 5032 1865 5114 qui
1886 5050 1927 5093 ex
1947 5030 2045 5111 primo
