4525 6034
515 603 575 680 DE
600 601 995 682 llESl'OlildliORUll
1025 599 1265 682 tirbuens.
1499 602 1575 679 567

206 815 280 866 cum
301 789 467 864 multoties
488 789 723 865 cumGraecis
744 788 924 865 concordia
944 791 1024 863 inita
1044 788 1156 881 luerit,
1179 797 1236 862 aut
1257 788 1445 870 Orientales
1469 788 1573 865 Chri-

206 911 304 983 stiuui
330 907 371 979 ad
397 910 555 980 unitatem
581 910 720 1003 recepti
747 909 994 980 accusationem
1019 904 1141 978 nullam
1169 909 1390 997 sustinuerint,
1418 912 1514 1003 quasi
1538 912 1574 982 in

204 1027 398 1097 necessaria
425 1022 606 1097 verborum
632 1025 895 1097 consecrationis
922 1020 1047 1110 forma,
1073 1031 1263 1148 peccarent
1317 1023 1442 1098 Omnes
1468 1048 1573 1121 porro

205 1142 360 1215 Graecae
392 1140 564 1232 Liturgiue
596 1140 684 1212 illam
716 1138 839 1212 hahent
873 1162 971 1234 quam
996 1119 1238 1266 Evangelisthe
1272 1139 1438 1231 referunt,
1473 1143 1571 1212 etiam

204 1256 349 1330 diversis
377 1255 552 1352 aliquando
585 1254 701 1329 verbis
736 1257 939 1353 expositam.
971 1257 1016 1326 ita
1042 1215 1208 1355 Syriacae
1238 1265 1306 1328 tam
1331 1255 1571 1345 Melchitarum,

205 1396 302 1470 quam
329 1372 567 1462 Jacohitarum,
595 1371 770 1469 Copticae,
796 1372 1015 1459 Armenicae,
1042 1393 1158 1445 omnes
1186 1371 1335 1444 undem:
1369 1373 1465 1446 solae
1490 1375 1572 1448 Ma-

203 1493 365 1564 roniticae
401 1488 549 1562 blissalis
587 1487 718 1562 Romae
756 1487 834 1561 editi
871 1487 971 1560 talem
1005 1488 1295 1584 interpolationem
1328 1512 1452 1586 passae
1487 1501 1572 1580 sunt,

203 1606 314 1695 nulla,
346 1609 441 1699 cujus
466 1606 646 1679 Decretum
672 1613 782 1695 extet,
809 1607 986 1677 autoritate
1011 1604 1195 1678 Pontificis:
1222 1605 1325 1680 multo
1351 1609 1458 1680 miuus
1484 1631 1572 1703 pro-

203 1727 329 1819 scripta
370 1724 535 1819 reperitur
573 1719 753 1794 verborum
789 1719 911 1794 Christi
952 1720 1238 1795 sacramentalium
1272 1721 1435 1809 formula,
1474 1748 1573 1820 quam

204 1837 359 1912 Graecae
384 1837 559 1911 Ecclesiae
585 1860 606 1909 a
632 1837 741 1909 multis
767 1835 912 1909 saeculis
945 1858 1007 1909 usu
1043 1836 1232 1932 quotidiano
1265 1838 1572 1936 frequentaverunt,

204 1954 331 2050 absque
356 1954 423 2026 ulla
448 1953 641 2041 Romanae,
677 1976 763 2049 quae
789 1976 864 2025 oum
890 1952 954 2026 illis
980 1953 1265 2043 communicabat,
1301 1956 1571 2053 reprehensione.

104 2084 110 2094 ‘
203 2072 324 2168 Neque
350 2094 432 2144 sane
459 2079 531 2142 erat
556 2072 738 2166 suspicioni
763 2070 871 2161 locus,
899 2091 973 2141 cum
1000 2067 1152 2158 Gothico,
1178 2070 1402 2162 Mosarahioa,
1429 2082 1463 2145 et
1480 2075 1574 2149 Am-

204 2187 363 2262 brosiana
398 2186 570 2280 Litargiae
607 2185 726 2259 eodem
759 2186 859 2260 modo
886 2185 994 2259 verba
1021 2183 1144 2259 Christi
1168 2186 1331 2276 referant,
1360 2199 1396 2262 ut
1422 2213 1442 2260 a
1468 2189 1572 2264 trihus

203 2303 432 2397 Evangelistis
460 2314 494 2375 et
518 2303 686 2399 Apostolo
711 2302 816 2377 Paulo
842 2305 1049 2397 praescripta
1076 2312 1162 2375 sunt
1272 2338 1278 2345 ·

306 2420 349 2492 Χ
376 2420 454 2491 Pari
480 2422 610 2491 ratione
636 2418 755 2490 multm
782 2417 934 2514 Syriacis
959 2417 1119 2510 Liturgiis
1154 2422 1383 2494 caeremonias
1415 2420 1572 2496 addidere
1620 2446 1687 2502 cna
1674 2453 1801 2506 cremona
1818 2453 1893 2507 ιιιι-

203 2536 375 2611 Censores
402 2535 563 2623 Lusitani
591 2558 656 2631 quo
671 2534 830 2609 Romanis
857 2557 919 2630 per
946 2538 1056 2609 omnia
1083 2535 1209 2609 similes
1237 2547 1360 2626 essent,
1382 2549 1422 2611 ut
1447 2538 1632 2613 eleva·er
1585 2535 1632 2589 ‘¹⁰
1632 2535 1857 2593 ⁰¹¹⁶¹²⁸⁸¹il¹¹⁵
1851 2556 1894 2593 ¹¹·

201 2657 327 2727 donem
351 2650 601 2741 Eucharistiae,
634 2655 742 2725 statim
777 2661 855 2749 post
887 2656 1196 2748 pronunciationem
1228 2652 1410 2728 verborum
1438 2653 1572 2746 Christi,
1585 2640 1625 2676 '¹⁸¹
1616 2630 1699 2679 “m

203 2792 290 2866 quae
317 2767 558 2842 consuetudo
548 2791 583 2840 m
609 2769 746 2841 Oriente
771 2766 882 2841 locum
908 2766 1120 2858 nonhabet,
1147 2768 1234 2842 adeo
1262 2772 1332 2841 ut
1322 2793 1356 2841 ru
1381 2770 1571 2845 Maronita-

201 2909 274 2959 rum
301 2884 431 2958 Missali
458 2883 589 2977 adjecta
615 2907 681 2957 non
709 2883 818 2956 fuerit,
871 2883 1048 2958 Timehaut
1073 2886 1202 2959 seilicet
1226 2883 1306 2958 honi
1338 2885 1384 2958 illi
1415 2889 1496 2976 viri,
1526 2912 1571 2962 ue

204 3001 356 3075 adoratio
389 2998 619 3073 Eucharistiae
653 3000 775 3072 deesse
811 3000 992 3073 videretur.
1050 3003 1097 3074 At
1129 3004 1219 3073 scire
1254 3001 1448 3077 debuissent
1481 3004 1571 3078 illam

203 3119 332 3190 elevari
358 3117 472 3191 solere
496 3120 530 3190 in
558 3117 710 3204 Oriente,
737 3138 814 3209 cum
838 3116 1051 3207 inclamatur,
1086 3116 1221 3189 Sancto
1251 3123 1397 3208 sanctis,
1430 3132 1464 3193 et
1494 3131 1571 3194 tunc

202 3233 354 3307 exhiberi
380 3233 504 3329 populo
532 3232 749 3306 adorandam:
777 3231 866 3328 quod
893 3255 939 3304 ex
957 3230 1118 3329 Copticis,
1144 3232 1405 3332 Jacobiticisque
1432 3238 1570 3311 etllel-

201 3350 328 3424 chiticis
355 3350 519 3448 Syrorum
546 3347 729 3422 Ritualihus
756 3348 887 3423 abunde
913 3350 1134 3422 confirmatur.
1185 3352 1235 3424 Ita
1264 3374 1326 3447 per
1350 3355 1571 3449 importunam

202 3466 474 3540 reformationem
502 3465 598 3538 datur
624 3467 758 3538 occasio
785 3465 989 3539 adversariis
1003 3465 1180 3540 Ecclesiae
1199 3467 1459 3564 limpidissimum
1476 3470 1570 3544 Tra-

201 3582 333 3655 ditionis
358 3582 484 3655 fontem
511 3582 741 3671 conturbandi,
767 3585 863 3677 quasi
889 3580 1033 3672 damnet,
1061 3583 1150 3678 quod
1177 3582 1220 3656 ad
1244 3587 1337 3658 initio
1362 3585 1569 3660 Christianae

200 3699 373 3792 religionis
403 3698 527 3795 ubique
558 3709 746 3794 receptum,
780 3702 855 3795 ipsa
889 3721 952 3794 per
984 3702 1251 3773 communionem
1283 3700 1392 3774 multis
1426 3702 1569 3777 socordis

200 3839 274 3888 cum
303 3815 524 3889 Orientalibus
550 3815 712 3888 Ecclesiis
739 3818 961 3889 continuatam
993 3815 1202 3913 approbavit

303 3933 361 4005 Xl.
413 3933 489 4005 Alia
525 3956 611 4028 quae
644 3931 792 4008 similiter
825 3931 995 4006 Censores
1030 3933 1180 4007 Lusitani
1214 3934 1473 4009 emendaverunt
1499 3941 1567 4011 suis
1621 3967 1754 4025 turoam
1781 3945 1889 4042 spiritu

198 4048 284 4122 locis
311 4047 597 4136 examinabuntur,
623 4071 722 4121 uuum
748 4047 848 4123 modo
876 4053 1084 4142 attingemus
1131 4050 1169 4122 In
1195 4050 1346 4124 omuibus
1373 4055 1567 4145 cujuscum-
1581 4069 1642 4107 ἰιι
1643 4046 1667 4107 ti

200 4188 266 4260 que
291 4165 426 4257 liuguae
451 4164 610 4257 liturgiis
638 4164 874 4253 Orientalibus
907 4166 1080 4239 luvocatio
1113 4169 1221 4239 sancti
1247 4169 1430 4265 Spiritus
1420 4192 1454 4242 ru
1480 4169 1567 4242 dona

199 4285 391 4377 proposita,
427 4290 461 4353 et
491 4280 607 4354 verbis
633 4281 850 4375 Evangelicis
883 4292 1100 4382 consecrata,
1136 4287 1245 4357 statim
1273 4295 1372 4382 atque
1397 4285 1453 4359 illa
1478 4308 1567 4382 pro-

198 4401 353 4469 nunciata
386 4406 476 4486 sunt,
510 4396 690 4491 subjicitur.
748 4399 785 4471 lu
811 4397 929 4471 Latina
959 4403 1119 4472 versione
1149 4399 1267 4474 iisdem
1292 4401 1508 4498 praeponitur
1534 4413 1569 4476 et

199 4516 241 4585 iis
269 4514 400 4609 quidem
425 4512 541 4588 verbis
569 4537 656 4611 quae
680 4513 797 4588 lormis
824 4515 961 4588 aliarum
988 4514 1212 4609 Liturgiarum
1238 4540 1306 4592 nou
1337 4520 1470 4592 omnino
1502 4541 1566 4591 re-

200 4630 382 4726 spondent,
415 4630 534 4705 desunt
567 4635 654 4703 enim
685 4634 764 4705 ista:
798 4638 837 4703 at
868 4634 1052 4704 adremarus
1083 4632 1236 4727 Spiritus
1266 4641 1404 4706 coactas
1435 4636 1568 4727 efficiat

195 4769 322 4840 paparo
347 4747 481 4841 quidem
505 4750 603 4820 istum
636 4771 760 4841 corpas
787 4748 929 4838 Christi,
961 4756 996 4822 ct
1027 4750 1170 4821 culicem
1204 4754 1401 4848 sooyairrem
1427 4749 1565 4836 Christi,

200 4868 265 4934 etc.
291 4874 327 4936 ut
352 4861 513 4937 habentur
538 4867 572 4936 iu
597 4867 690 4960 ipso,
726 4864 768 4937 de
794 4888 861 4961 quo
888 4869 1035 4959 agimus,
1068 4855 1361 4941 Nestoriano'ritu
1385 4869 1419 4939 iu
1446 4867 1565 4940 Theo-

200 4977 272 5050 dori
300 4988 335 5052 et
359 4979 508 5054 Nestorii
532 4980 701 5074 Liturgiis.
754 4979 872 5055 Statim
900 4984 1045 5056 occurrit
1075 4986 1185 5056 animo
1212 4983 1438 5059 diversitatem
1474 4983 1562 5056 idam

200 5092 241 5166 ab
279 5094 396 5167 eadem
429 5095 614 5170 Censorum
647 5121 747 5171 mauu
782 5121 860 5173 esse
894 5098 1095 5196 proiectam,
1143 5103 1197 5196 qui
1230 5103 1356 5177 veteris
1391 5101 1563 5176 doctrinae
