4525 6034
699 553 775 629 628
1208 550 1568 632 litoreis

696 741 772 833 lice,
799 764 874 814 cum
901 749 993 815 esset
1018 740 1182 835 indiguus.
1235 740 1364 813 Verum
1388 737 1578 830 roboretur,
1605 749 1640 811 et
1665 737 1872 814 confortetur
1894 746 1926 816 io
1947 751 2037 820 oud-

698 855 761 930 bus
789 881 875 954 quae
901 855 960 931 tibi
986 869 1064 930 sont
1088 856 1226 954 placita:
1253 867 1290 930 ut
1314 856 1407 950 digni
1432 859 1536 930 simus
1554 879 1630 930 curu
1646 860 1853 931 conscientia
1871 883 1948 956 pura
1962 885 2041 936 con-

699 975 885 1047 munioandi
911 979 1047 1071 corpori
1074 985 1108 1048 at
1134 976 1289 1068 sanguini
1302 971 1425 1047 christi
1451 977 1508 1045 tui.
1541 973 1587 1046 Ut
1612 971 1744 1069 modo
1771 973 1926 1048 stabimus
1949 1000 2039 1053 coram

699 1101 734 1162 tc
767 1094 800 1162 in
833 1091 889 1165 illo
924 1090 1078 1165 tribunali
1109 1089 1282 1164 tremendo
1318 1100 1353 1164 ct
1386 1089 1557 1183 glorioso,
1591 1112 1704 1163 coram
1739 1088 1858 1162 throno
1892 1098 2042 1186 majestatis

697 1215 787 1296 tuae,
814 1211 1024 1281 inveniamus
1051 1207 1312 1281 misericordiam
1340 1216 1374 1279 et
1400 1209 1551 1300 gratiam
1578 1205 1793 1302 fruamurque
1816 1207 1916 1281 honis
1937 1209 2044 1299 futuru,

697 1344 765 1395 nou
799 1328 1007 1415 transituris,
1046 1348 1121 1397 cum
1157 1321 1311 1397 omnibus
1352 1324 1407 1418 qui
1444 1347 1464 1396 a
1497 1322 1634 1396 saeculo
1668 1322 1865 1419 placuerunt
1898 1326 1969 1398 titi:
1997 1349 2043 1423 per

699 1443 845 1530 gratiam
872 1451 906 1513 et
931 1444 1165 1514 miserationes
1191 1441 1363 1534 Unigouiti
1388 1442 1454 1512 tui:
1481 1462 1556 1512 cum
1583 1461 1650 1534 quo
1677 1438 1736 1511 tihi
1761 1440 1924 1532 Domine,
1946 1442 2045 1534 gloria,

697 1555 822 1645 honor,
849 1567 1001 1654 potestas
1029 1569 1064 1630 et
1089 1557 1272 1645 exaltatio,
1301 1577 1378 1628 com
1404 1555 1528 1652 Spiritu
1554 1566 1611 1628 tuo
1638 1557 1720 1630 viro
1748 1566 1867 1630 sancta
1893 1568 1927 1629 et
1948 1558 2045 1631 vivii·

698 1682 814 1762 cante,
841 1695 929 1746 nunc
954 1683 989 1746 et
1014 1695 1150 1772 semper
1174 1684 1209 1746 et
1233 1675 1268 1745 iu
1294 1671 1432 1744 saecula
1458 1672 1676 1744 saeculorum.

801 1789 952 1886 Rdiquo
974 1777 1202 1885 perficiuntur
1227 1791 1408 1862 secusdum
1434 1790 1626 1884 Liturpium
1651 1790 1906 1884 Apostolorum

801 1907 921 1979 Canon
947 1912 1005 2003 qui
1031 1909 1158 1980 dicitur
1183 1908 1261 1980 loco
1287 1907 1379 1980 ttttm
1405 1911 1576 1980 orationis
1601 1929 1691 2002 quoe
1721 1909 1853 2001 incipit.

801 2023 933 2117 Dignos
959 2023 1014 2097 iac
1040 2047 1104 2098 nos
1129 2024 1285 2114 Domine,
1311 2033 1393 2098 mute
1420 2027 1617 2099 Orationem
1642 2028 1869 2099 Dorsisicum.

798 2139 944 2214 Dorum
969 2140 1119 2215 habitare
1145 2140 1201 2213 isc
1225 2141 1493 2239 tranquilitatem
1519 2153 1608 2216 tuam
1632 2147 1719 2215 inter
1743 2164 1821 2233 nos,
1846 2164 1963 2239 paoem
1975 2151 2049 2214 um

694 2261 728 2329 in
754 2255 919 2330 menu'bus
945 2261 1087 2332 nosris:
1113 2260 1292 2332 veritstem
1317 2269 1406 2331 tuam
1433 2269 1673 2332 commemoret
1694 2258 1809 2351 lingua
1826 2271 1959 2333 nostra:
1980 2278 2050 2328 mur

694 2383 750 2447 tua
778 2376 822 2446 sit
846 2382 961 2447 custos
988 2376 1171 2447 animarum
1197 2384 1403 2448 nostrarum:
1430 2378 1555 2473 quippe
1579 2375 1720 2449 facimus
1747 2397 1807 2448 ors
1822 2385 1940 2450 nostra
1958 2370 2051 2446 citho-

693 2512 751 2563 ras
777 2512 907 2579 novas,
934 2501 969 2562 et
994 2492 1143 2563 canimus
1169 2488 1266 2562 labiis
1293 2488 1511 2563 inflammatis.
1553 2492 1694 2565 Praesta
1718 2492 1816 2566 nolis
1841 2492 2051 2576 Domiuc,ut

694 2631 769 2679 cum
794 2606 914 2680 fiducia
942 2630 1028 2702 quae
1055 2631 1075 2680 a
1102 2619 1136 2679 te
1163 2608 1224 2695 sit,
1251 2610 1510 2703 pronunciemus
1537 2629 1652 2681 omum
1685 2619 1720 2680 tc
1753 2613 1939 2682 orationem
1968 2608 2054 2690 istum

692 2745 811 2818 puram
845 2734 878 2795 et
913 2734 1079 2812 sanctam,
1115 2745 1213 2819 quam
1245 2707 1358 2797 docuit
1387 2743 1428 2795 os
1460 2733 1551 2797 tuum
1583 2722 1754 2797 vivificum
1786 2723 1969 2818 discipulos
1990 2729 2053 2793 um

660 2836 665 2860 ¹
692 2849 828 2912 sanctos
855 2842 1036 2935 participes
1062 2842 1299 2936 mysteriorum
1326 2848 1475 2928 tuemur,
1510 2861 1584 2912 cum
1620 2838 1721 2928 dixit,
1755 2838 1890 2935 quando
1921 2834 2053 2921 malitis,

692 2954 791 3027 dicite
827 2957 878 3026 sic
904 2966 1050 3044 orantes,
1080 2957 1209 3047 gratim
1235 2965 1397 3049 agentes,
1423 2955 1593 3042 dicentes,
1619 2964 1654 3027 et
1679 2955 1944 3053 respondentes,
1968 2953 2054 3025 Pater

690 3081 807 3144 noster
833 3072 889 3166 qui
915 3094 954 3144 cs
980 3075 1014 3143 in
1041 3070 1166 3163 coelis,
1191 3081 1255 3144 ete.

992 3346 1113 3419 Oratio
1138 3353 1219 3442 post
1243 3350 1490 3441 susceptionem
1515 3350 1760 3442 mysteriorum

795 3536 882 3623 Quia
909 3538 1100 3632 acecpimus
1127 3559 1253 3633 corpus
1279 3547 1369 3610 tuum
1394 3536 1585 3625 manifeste,
1617 3537 1742 3611 habitet
1773 3541 1807 3609 iu
1833 3536 1935 3610 nobis
1959 3540 2053 3608 uirtus

690 3663 746 3724 tua
774 3663 921 3741 secreto,
946 3661 983 3724 ut
1008 3673 1170 3725 exeamus
1195 3657 1229 3725 in
1256 3675 1432 3726 occursum
1459 3663 1549 3726 tuum
1575 3653 1751 3744 laetanter,
1777 3665 1897 3751 terque
1923 3653 1980 3726 tibi
1997 3672 2052 3723 ca-

689 3788 805 3840 namus
832 3766 988 3861 gloriam,
1016 3791 1092 3842 cum
1109 3772 1204 3842 veris
1224 3769 1299 3842 liliis
1324 3772 1559 3866 mysteriorum
1581 3780 1724 3860 tuorum,
1742 3773 1888 3845 Domine
1911 3769 2052 3844 omnium.

795 3880 927 3980 Corpus
954 3896 1043 3957 tuum
1069 3885 1214 3959 Domine
1238 3888 1354 3957 vivum
1382 3885 1470 3980 quod
1496 3885 1719 3976 comedimus,
1751 3897 1786 3959 et
1818 3888 1959 3981 sanguis
1989 3893 2053 3954 uus

689 4023 793 4098 purus
822 4024 919 4096 quem
945 3998 1105 4087 hibimm,
1131 4025 1176 4075 ne
1202 4004 1245 4076 sit
1270 4001 1369 4075 nobis
1395 4000 1540 4075 Domine
1565 4005 1598 4074 iu
1624 4011 1855 4075 nocumentum
1883 4012 1943 4074 aut
1965 3997 2052 4070 mtr-

688 4121 853 4208 mitatem,
886 4117 948 4190 sed
974 4117 1017 4190 ad
1043 4120 1276 4215 expiationem
1297 4117 1490 4191 delictorum
1517 4128 1552 4190 et
1583 4107 1816 4193 remissionem
1847 4124 2052 4214 peccatumn

541 4237 543 4244 ’
687 4234 832 4307 Domine
857 4236 1012 4307 omnium.

794 4349 994 4444 Obsipnatio
1019 4353 1256 4443 mysteriorum
1280 4372 1341 4422 seu
1367 4350 1486 4422 ultimo
1510 4348 1705 4423 benedictio
1734 4374 1823 4446 quoe
1856 4351 1985 4422 dieitur
2012 4344 2052 4416 ud

687 4470 811 4538 ostium
837 4465 1075 4538 mosellorum

792 4582 833 4654 Ei
861 4585 916 4678 qui
944 4586 1062 4681 expiat
1088 4582 1208 4656 delicta
1235 4593 1352 4656 nostra
1377 4606 1440 4679 per
1466 4606 1589 4681 corpus
1615 4607 1721 4673 suum,
1748 4593 1783 4656 et
1808 4583 1898 4658 delet
1922 4590 2051 4680 peccatu

687 4709 804 4773 nostra
829 4722 892 4797 per
919 4702 1116 4793 sanguinem
1142 4721 1256 4788 suum,
1282 4697 1356 4771 laus
1383 4703 1427 4771 sit
1451 4703 1486 4772 in
1510 4699 1666 4774 Ecclesia
1692 4704 1782 4793 ejus:
1809 4708 1844 4771 et
1869 4721 1972 4796 super
1993 4714 2051 4768 vos

688 4838 812 4891 servos
838 4818 972 4890 Domini
1000 4824 1034 4889 et
1059 4838 1146 4890 oves
1171 4837 1320 4912 psscuaa
1347 4819 1420 4909 ejus
1446 4815 1591 4891 effundat
1616 4817 1707 4892 hona
1732 4839 1808 4908 suu,
1832 4826 1868 4890 et
1883 4814 1976 4912 pluat
1994 4836 2050 4888 su-

691 4955 754 5029 per
779 4954 845 5007 vos
871 4930 1121 5008 benedictiones
1148 4954 1245 5007 suas:
1271 4930 1391 5006 liberat
1415 4956 1482 5010 uos
1509 4957 1529 5006 a
1555 4932 1656 5023 malo,
1682 4943 1717 5005 et
1731 4931 1951 5029 potestatibus
1970 4934 2049 5025 ejus:

687 5047 790 5123 iaciat
815 5071 882 5123 vos
909 5071 995 5123 vasa
1020 5049 1197 5147 praeclara
1224 5049 1266 5123 ad
1291 5049 1455 5124 honorem
1480 5050 1659 5126 divinitatis
1673 5071 1774 5123 suae:
1801 5058 1933 5124 avertat
1947 5071 1968 5120 a
1984 5066 2047 5120 ro·
