4525 6034
698 573 724 648 4
1087 568 1266 648 orno
1320 512 1697 647 cannonis

697 760 762 833 lice
787 760 872 850 hoc,
898 760 1009 833 calice
1030 756 1161 847 salutis,
1188 760 1380 830 innomine
1406 759 1515 849 Patris
1542 764 1576 827 et
1601 753 1678 828 Filii
1710 766 1744 827 et
1775 754 1911 852 Spiritus
1943 760 2045 850 sancti,

697 877 818 952 Amen.

801 993 963 1065 lacerarat
986 993 1094 1064 aelam
1119 994 1244 1079 minas,
1272 993 1357 1083 teptt
1382 990 1441 1061 illo
1469 989 1627 1085 calicem,
1655 996 1723 1060 tam
1748 990 1851 1060 dicit:

802 1110 909 1182 Induit
934 1109 1094 1181 Dominus
1120 1107 1343 1178 tortitudinem
1371 1114 1405 1178 et
1429 1103 1610 1179 roboratus
1638 1116 1706 1178 est:
1734 1115 1769 1176 et
1784 1105 1924 1177 firmavit
1945 1105 2045 1180 urbem

699 1236 826 1315 terrae,
852 1236 981 1298 utnon
1007 1235 1275 1298 commoveatur:
1301 1223 1411 1311 Pater,
1438 1220 1541 1295 Filius
1569 1229 1603 1291 et
1621 1220 1763 1315 Spiritus
1779 1233 1920 1310 sanctus,
1944 1224 2047 1296 Amen

804 1343 964 1414 lacerarat
988 1330 1096 1413 aelam
1120 1345 1245 1432 majam
1274 1345 1309 1410 et
1334 1342 1419 1434 tepit
1444 1359 1484 1409 ec
1513 1338 1640 1409 dr'acara
1653 1338 1857 1427 etcaltcerm
1883 1346 1945 1410 tara
1958 1340 2044 1410 dicit:

804 1459 919 1556 Operti
947 1466 1021 1530 sunt
1046 1454 1135 1529 coeli
1160 1455 1293 1548 fulgore
1318 1455 1460 1547 gloriosi
1494 1452 1596 1541 illius,
1633 1463 1668 1525 et
1698 1451 1797 1525 laude
1832 1456 1904 1546 ejus
1935 1454 2046 1550 repleta

703 1584 755 1647 est
782 1578 890 1647 omnis
918 1584 1018 1645 terra.

807 1691 996 1763 Coaoercas
1022 1690 1069 1760 ad
1089 1688 1253 1782 papulam
1278 1690 1415 1758 centum
1437 1690 1544 1781 petit,
1572 1687 1698 1760 dicens.
1752 1686 1854 1759 Orate
1879 1709 1938 1783 pro
1962 1709 2018 1758 me.

811 1806 979 1880 Vertitur:
1004 1811 1176 1878 incensam
1201 1804 1317 1876 adolet
1343 1807 1441 1875 circa
1466 1803 1579 1874 altare
1606 1809 1640 1874 et
1666 1808 1928 1876 circanataatcs.
1975 1804 2050 1875 Dan

701 1922 818 1993 adolet
842 1927 1022 1996 incertarum.

805 2038 928 2112 Venite
969 2038 1140 2112 laudemus
1181 2038 1377 2129 Dominum,
1420 2058 1577 2113 canamus
1618 2036 1694 2108 Deo
1737 2034 1899 2108 salvatori
1938 2044 2050 2124 nostro,

701 2177 988 2252 praeoccupemus
1015 2154 1132 2227 faciem
1161 2157 1234 2246 ejus
1260 2158 1294 2226 in
1320 2153 1552 2242 confessione,
1582 2163 1616 2225 et
1641 2155 1675 2223 in
1693 2153 1832 2224 canticis
1850 2148 2052 2242 glorificemus

702 2293 788 2343 eum.
832 2272 1005 2358 Quoniam
1031 2271 1125 2343 Deus
1157 2279 1209 2343 est
1240 2291 1381 2363 maguus
1415 2269 1599 2359 Dominus,
1632 2278 1666 2341 et
1697 2291 1762 2340 rex
1794 2288 1935 2358 magnus
1967 2288 2052 2361 super

702 2409 819 2461 omnes
845 2387 955 2461 Deos:
995 2391 1029 2459 in
1062 2386 1215 2469 manibus
1242 2389 1314 2480 ejus
1350 2395 1426 2460 sunt
1456 2385 1669 2458 fundamenta
1702 2396 1835 2476 terrae,
1870 2393 1903 2454 et
1935 2381 2052 2454 altitudo

701 2507 859 2575 montium
884 2506 988 2600 ipsius
1015 2512 1088 2592 est3
1114 2523 1223 2590 mare,
1250 2506 1324 2598 ipse
1349 2502 1431 2575 lecit
1456 2500 1535 2574 illud
1562 2513 1596 2574 et
1614 2501 1740 2574 aridam
1755 2500 1967 2572 firmaverunt
1987 2521 2052 2570 ma-

702 2640 764 2692 nus
791 2621 876 2711 ejus.
930 2618 1051 2721 Venite
1076 2600 1288 2714 procidamus
1315 2628 1349 2689 et
1367 2618 1544 2691 adoremus
1562 2640 1650 2709 eum,
1676 2627 1710 2689 et
1721 2614 1956 2688 benedicamus
1980 2638 2052 2705 eun,

703 2739 760 2830 qui
784 2735 865 2808 iecit
888 2757 972 2825 nos,
996 2734 1157 2825 Alleluia,
1183 2733 1346 2825 Alleluia,
1372 2734 1525 2807 Alleluia.

598 2852 603 2861 ‘
806 2851 938 2923 Postea
963 2874 1076 2923 omnes
1101 2851 1218 2921 dicant
1243 2848 1435 2922 Sacerdote
1458 2833 1658 2943 praeeabte

804 2968 945 3040 Incensa
980 2989 1079 3063 pura,
1115 2989 1203 3063 quae
1233 2966 1294 3055 tibi
1327 2966 1516 3039 obtulerunt
1548 2965 1605 3037 filii
1639 2964 1815 3039 Ecclesiae
1852 2965 1973 3053 fidebs,
2002 2986 2053 3060 per

599 3170 601 3172 ,
702 3106 819 3157 manus
845 3082 1086 3174 Sacerdotum,
1113 3082 1156 3155 ad
1182 3082 1379 3178 placandam
1406 3082 1612 3155 divinitatem
1626 3093 1733 3172 mam,
1761 3087 1896 3179 suscipe
1913 3103 2054 3178 pergra-

703 3202 781 3271 tiam
806 3199 1018 3291 benignitatis
1046 3210 1131 3271 tuae.
1186 3199 1350 3272 Miserere
1375 3202 1629 3296 poenitentium,
1664 3209 1697 3270 et
1723 3202 1807 3271 sicut
1834 3209 1984 3294 suscepta
2006 3196 2054 3268 brit

702 3314 825 3388 oblatio
851 3315 1012 3389 Abrahae
1049 3318 1083 3386 in
1117 3319 1238 3390 montis
1271 3318 1421 3405 vertice,
1457 3326 1490 3387 et
1522 3318 1637 3389 suavm
1670 3312 1730 3386 tibi
1762 3315 1823 3386 fuit
1855 3315 1938 3388 odor
1968 3313 2053 3385 buris

705 3432 823 3504 Aaron
849 3431 1060 3521 Sacerdotis,
1090 3434 1135 3506 ita
1162 3441 1278 3524 gratus
1304 3429 1364 3502 tibi
1390 3434 1433 3504 sit
1459 3430 1544 3502 odor
1570 3434 1781 3504 incensorum
1812 3441 2006 3519 nosuomm,
2027 3435 2054 3500 et

705 3547 763 3620 illo
789 3546 939 3643 placatas
967 3557 1063 3637 esto,
1089 3542 1183 3621 Deus
1208 3547 1330 3619 multae
1356 3546 1616 3621 misericordiae.

807 3656 981 3736 Sacerdos
1013 3665 1114 3752 dicit,
1142 3663 1276 3757 Populo
1303 3661 1533 3758 arbrepaente.
1559 3663 1665 3758 llyrie
1692 3662 1840 3755 eleison,
1868 3661 2053 3761 llyrieelei·

706 3800 787 3869 son,
814 3779 954 3852 Sanctus
981 3801 1019 3853 es
1045 3782 1139 3855 Deus
1146 3832 1158 3868 ,
1185 3778 1327 3871 Sanctus
1354 3801 1391 3851 es
1418 3779 1535 3871 icrtis,
1569 3779 1712 3855 Sanctus
1747 3801 1785 3852 es
1813 3803 1834 3852 o
1870 3776 2054 3865 mundalis,

707 3898 867 3968 miserere
891 3896 998 3970 nobis.
1051 3899 1151 3987 Pater
1176 3907 1292 3968 noster
1319 3899 1373 3990 qui
1400 3916 1438 3967 es
1464 3900 1498 3965 in
1525 3895 1644 3984 coelis,
1672 3907 1734 3968 etc.

809 4011 992 4083 Sacerdos.
1046 4009 1162 4087 Gloria
1189 4012 1279 4083 Patri
1305 4022 1340 4083 et
1364 4010 1449 4083 Filio
1478 4020 1511 4083 et
1537 4010 1674 4108 Spiritui
1700 4023 1837 4085 sancto:
1876 4034 1972 4109 super
2002 4028 2052 4081 nos

707 4137 816 4199 autem
842 4128 988 4201 infirmos
1016 4137 1049 4200 et
1081 4136 1297 4224 peccatores,
1332 4128 1559 4200 misericordia
1592 4137 1626 4199 et
1657 4132 1764 4223 gratia
1799 4126 2053 4202 eilrmduntsrit

706 4254 846 4339 unoque
873 4245 1008 4318 saeculo
1034 4266 1140 4336 nunc,
1168 4254 1230 4316 etc.

809 4359 996 4435 Diacoaca.
1047 4362 1115 4433 Pro
1140 4360 1372 4455 tranquillitate
1399 4368 1433 4431 et
1457 4380 1543 4455 pace
1569 4363 1669 4459 totius
1695 4360 1806 4433 mundi
1840 4364 1877 4435 in
1908 4358 2052 4432 Christum

707 4475 928 4565 credentium,
956 4500 976 4548 a
1001 4474 1118 4550 linibus
1144 4475 1319 4572 usquead
1346 4474 1429 4549 fines
1465 4473 1578 4566 orbis,
1609 4497 1672 4571 pro
1704 4477 1840 4551 inbrmis
1869 4483 1902 4548 et
1935 4472 2052 4555 afflictis,

709 4602 744 4664 et
769 4591 939 4665 animabus
966 4594 1001 4665 in
1025 4594 1177 4685 angustia
1204 4590 1358 4684 dejectis:
1384 4614 1446 4688 pro
1479 4589 1642 4688 patribus,
1680 4590 1836 4665 iratribus
1872 4600 1907 4664 et
1936 4588 2052 4659 Docto-

708 4705 800 4780 ribus
826 4711 967 4783 nostris:
993 4709 1249 4806 propeccatis,
1276 4710 1469 4804 insipientiis
1496 4716 1530 4778 et
1556 4706 1737 4782 defectibus
1752 4712 1895 4781 omnium
1912 4714 2050 4785 nostrum»

634 4821 636 4823 ’
709 4833 745 4895 et
769 4846 831 4918 pro
856 4823 1006 4897 fidelibus
1034 4822 1204 4913 debrnctis
1223 4827 1278 4920 qui
1304 4846 1324 4896 a
1348 4823 1445 4899 nobis
1473 4822 1640 4921 abierunt,
1675 4847 1751 4899 cum
1776 4823 1933 4900 odoribus
1957 4823 2052 4916 inpo-

709 4941 802 5033 sitis,
828 4963 960 5021 0ramus
985 4942 1140 5015 Domine.
