4525 6034
671 573 1208 651 lllrEXllNDRlNO.
1541 574 1613 649 eol

345 762 484 835 XXVII.
511 761 630 858 Neque
657 759 932 858 praetereundum
960 766 1024 845 est,
1052 758 1140 853 quod
1166 759 1303 833 ulterius
1330 760 1373 833 ad
1399 761 1616 834 evertendam
1664 777 1800 831 neretum
1814 779 1932 834 eruum

239 883 440 953 narrationis
466 877 623 974 Eutqcbii
654 877 752 950 Iidem
786 880 951 972 pertinet,
986 885 1154 948 constare-
1178 899 1223 948 ex
1257 880 1331 973 ipsa
1365 877 1617 951 Alexandrinae
1630 865 1676 915 ¹¹⁸·

237 995 415 1068 Ecclesiae
440 993 601 1082 historin,
637 1016 680 1066 eo
709 996 868 1089 temporis
900 990 1076 1064 intervallo
1109 1014 1176 1086 quo
1202 993 1416 1066 Patriarcbas
1447 1016 1494 1065 ax
1526 994 1618 1066 duo·

237 1110 347 1182 decim
374 1111 652 1207 Presbyteromm
679 1132 819 1182 numero
847 1117 1013 1181 assumtos
1046 1129 1124 1179 esse
1161 1108 1347 1197 contendit,
1388 1109 1473 1183 duos
1508 1132 1617 1206 repe-

237 1230 315 1313 riri,
353 1228 576 1324 Agrippinum
610 1237 645 1298 et
676 1226 901 1313 Demetrium,
937 1227 992 1318 qui
1024 1245 1070 1294 ex
1106 1246 1222 1296 eorum
1257 1226 1374 1298 ordlne
1408 1248 1477 1298 non
1512 1238 1616 1299 erant.

235 1342 325 1415 Nam
361 1347 486 1439 primus
522 1367 567 1416 ex
598 1341 698 1437 plebe
726 1341 925 1412 Christiana
950 1340 1056 1411 fuisse
1082 1339 1218 1429 dicitur,
1244 1340 1309 1414 boc
1336 1353 1388 1415 est
1413 1341 1555 1415 Latous:
1574 1344 1618 1416 de
1680 1345 1744 1397 We·
1769 1345 1840 1400 Μ’·
1867 1346 1941 1400 noe.

236 1459 345 1531 altero
373 1481 440 1533 non
467 1459 567 1532 modo
595 1456 743 1530 scribunt
769 1480 844 1529 eum
871 1456 1008 1528 Laicum
1034 1454 1156 1544 luisse,
1186 1455 1246 1529 sed
1272 1479 1415 1530 uxorem
1442 1457 1615 1534 babuisse:
1642 1450 1670 1501 ¹²·
1689 1432 1732 1483 ²⁰·

235 1574 327 1646 unde
355 1579 453 1649 etiam
481 1584 553 1648 orta
587 1597 655 1649 non
689 1575 776 1646 leus
810 1575 978 1645 contentio
1012 1582 1083 1660 ost,
1117 1573 1226 1645 multis
1260 1596 1335 1645 eum
1367 1572 1615 1668 repellentibus,

237 1694 316 1783 quia
344 1690 471 1780 nullus,
499 1690 702 1786 inquiebant,
730 1712 749 1761 a
776 1689 818 1760 Ι).
844 1687 976 1776 Marco,
1003 1709 1110 1783 usque
1137 1687 1178 1759 od
1206 1688 1261 1759 illa
1288 1697 1439 1785 tempora
1467 1688 1508 1759 ad
1526 1689 1615 1787 Epi·
1712 1690 1716 1699 ’

236 1815 413 1902 scopatum
439 1807 704 1879 Alexandrinum
731 1816 902 1901 promotus
928 1804 1059 1893 fuerat,
1090 1807 1153 1875 uisi
1185 1808 1369 1900 nuptiarum
1403 1827 1550 1901 expers,
1583 1818 1617 1878 et

237 1926 294 2018 qui
322 1927 548 2014 virginitatem
576 1923 618 1995 ab
647 1926 781 1993 Ineunte
807 1929 917 1993 aetate
943 1930 1128 1992 servasset
1182 1920 1280 1992 Unde
1305 1920 1495 1993 Demetrius
1523 1926 1615 1994 inte-

236 2043 396 2129 gritatem
423 2061 517 2112 suam
543 2036 586 2111 ab
615 2060 719 2134 opere
746 2036 915 2130 conjugali
940 2035 1101 2108 miraculo
1128 2040 1292 2127 asseruit,
1324 2041 1420 2128 jussa
1446 2059 1555 2110 uxore
1580 2048 1617 2112 ut

236 2178 366 2251 prunas
394 2156 551 2228 ardentes
579 2160 612 2227 in
639 2158 712 2227 sinu
739 2157 845 2227 vestis
877 2157 1176 2246 circumgestaret,
1201 2175 1309 2248 quam
1343 2152 1513 2226 historiam
1549 2154 1616 2226 de-

238 2275 435 2366 scripsimus
462 2276 494 2343 in
522 2276 591 2344 vita
618 2272 789 2343 Demetrii.
825 2268 1027 2342 Athanasius
1053 2270 1225 2342 Diacouus
1246 2280 1339 2360 erat,
1365 2291 1433 2342 non
1459 2291 1504 2340 ex
1524 2272 1616 2343 Pre-

239 2386 455 2483 sbyteromm
483 2387 639 2479 collegio.

345 2504 499 2576 XXVIII.
534 2505 571 2575 ln
599 2503 715 2575 eadem
742 2501 972 2598 Eutychiauae
999 2499 1158 2573 distortae
1185 2502 1367 2596 particula,
1408 2524 1504 2596 quam
1532 2501 1616 2575 Sel·
1632 2499 1687 2599 0l¹¹
1707 2498 1842 2554 ¹⁰⁰⁰¹¹¹¹l¹⁵
1853 2509 1944 2598 .⁰⁸⁸⁰¹¹.‘
2020 2516 2039 2531 ·

238 2619 348 2691 denus
383 2620 533 2692 Latinam
565 2615 668 2713 lecit,
708 2621 805 2691 etiam
840 2638 964 2690 novum
994 2613 1209 2714 παράδοξον
1240 2617 1382 2710 legitur,
1416 2616 1503 2712 quod
1539 2617 1619 2691 nulli
1631 2603 1658 2639 ¹¹¹
1676 2586 1768 2656 ΑΨ
1770 2594 1796 2639 ‘⁰
1810 2585 1941 2654 Episcopi.

239 2746 308 2807 tum
336 2746 452 2807 esseut
478 2739 514 2805 tn
535 2738 728 2828 provectu
753 2735 980 2829 Aepgptiacis
1006 2734 1174 2826 Episcopi
1199 2755 1306 2828 usque
1335 2732 1377 2805 ad
1402 2733 1617 2805 Demetrium.
1692 2793 1696 2801 .

239 2851 316 2923 Jam
344 2850 386 2923 ab
413 2849 601 2924 Echellensi
629 2850 845 2923 observatum
871 2848 932 2920 luit
958 2856 990 2919 et
1017 2873 1037 2921 a
1064 2847 1161 2920 nobis
1189 2852 1223 2920 in
1249 2851 1320 2921 vita
1351 2850 1436 2922 illius
1463 2848 1617 2921 Patriar-

240 2965 350 3055 cbae,
377 2966 472 3037 aliter
498 2968 656 3062 scriptum
684 2964 726 3037 ab
753 2964 937 3061 Eutychio,
965 2967 1020 3059 qui
1046 2963 1218 3057 singulare
1244 2986 1366 3037 nornen
1395 2964 1548 3055 adbibetq
1573 2987 1619 3038 ex

239 3104 309 3175 quo
337 3086 501 3176 interpres
528 3082 657 3177 plurale
683 3082 772 3154 fecit
824 3080 1017 3151 Prociuciu
1043 3081 1193 3175 Aegypti
1219 3103 1286 3153 non
1313 3090 1414 3153 totam
1432 3084 1617 3174 regionem,

238 3196 304 3270 sed
330 3197 546 3286 Inferiorem,
575 3220 661 3293 quae
688 3198 784 3270 aliter
809 3195 908 3270 Delta
936 3195 1140 3292 appellatur,
1167 3197 1347 3288 significat:
1376 3207 1474 3292 atque
1502 3221 1543 3269 ea
1567 3207 1619 3269 est

239 3334 342 3405 quam
367 3317 531 3410 Aegqptii
566 3317 703 3410 proprie
734 3318 840 3409 Χημι
876 3313 1061 3408 appellant,
1097 3324 1133 3384 ut
1172 3337 1218 3385 ex
1250 3313 1359 3385 forma
1393 3314 1619 3410 Epistularum

237 3427 491 3523 encyclicarum
524 3438 683 3526 apparet,
718 3428 819 3501 scribi
853 3428 1023 3501 sulitamm
1056 3440 1135 3523 post
1166 3429 1349 3501 ordinatum
1383 3428 1618 3502 Patriarcbam.

236 3545 280 3616 ln
307 3543 371 3615 illis
398 3550 485 3617 enim
523 3552 627 3640 Χημι
662 3546 872 3638 distinguitur
907 3568 926 3616 a
960 3544 1103 3634 Sabide,
1137 3549 1213 3617 sive
1246 3549 1410 3642 superiori
1445 3547 1618 3641 Aegypto.

235 3659 335 3732 Fieri
361 3664 466 3755 potuit
491 3671 526 3733 ut
552 3660 728 3757 aquuando
756 3682 839 3733 unus
865 3659 1115 3735 Alexandrinus
1141 3660 1333 3758 Episcopus
1359 3672 1460 3735 totam
1475 3659 1618 3733 inferio-

237 3798 317 3846 rem
343 3777 538 3873 Aegyptum
569 3781 715 3863 rexerit,
749 3780 811 3849 etsi
844 3775 876 3847 id
910 3780 1044 3850 omnino
1076 3787 1242 3874 repugnet
1275 3782 1422 3873 ipsorum
1456 3775 1619 3865 Arabum,

241 3894 303 3986 qui
330 3890 495 3988 Eutychio
522 3916 588 3965 nou
615 3896 723 3965 minus
748 3892 846 3964 Iidem
874 3904 1059 3983 merentur,
1087 3897 1300 3967 testimoniis:
1327 3894 1404 3966 dum
1418 3894 1566 3966 scribunt
1576 3891 1619 3964 ad

238 4006 443 4081 electionem
477 4007 762 4097 Patriarcbamm,
799 4011 854 4102 qui
891 4018 967 4079 ante
1002 4010 1207 4081 Demetrium
1242 4008 1392 4100 luerunt,
1426 4007 1619 4104 Episcopus

238 4126 456 4196 eonveuiSse.
510 4124 629 4219 Neque
665 4135 729 4196 tam
760 4125 901 4214 insignis
934 4122 1011 4194 lacti
1044 4128 1190 4196 meminit
1226 4126 1376 4197 Severus
1409 4124 1619 4197 Ascbmoni-

238 4242 378 4327 nensis,
405 4243 499 4331 cujus
526 4242 685 4313 autoritas
712 4238 879 4335 aequalis,
916 4249 972 4310 aut
1003 4238 1151 4314 sortasse
1178 4244 1332 4337 superior
1358 4250 1419 4311 est.
1473 4237 1557 4309 Tum
1585 4248 1620 4309 et

237 4352 326 4427 illud
359 4355 630 4428 absurdissImum
665 4365 862 4451 sequeretur
902 4366 1019 4426 contra
1054 4360 1199 4429 omnium
1234 4356 1461 4429 Ecclesiarum
1493 4375 1618 4443 mores,

160 4463 163 4473 “
239 4480 279 4543 ut
306 4468 466 4566 Episcopi
492 4470 572 4543 nulli
597 4475 630 4543 in
663 4473 825 4567 Aegypto
857 4469 1014 4559 luissent,
1049 4483 1126 4544 ante
1158 4473 1361 4544 Demetrium
1393 4466 1619 4542 Patriarcbam

238 4584 511 4658 Alexandrinum
538 4610 557 4658 a
584 4586 797 4682 Presbyteris
825 4585 1028 4660 ordinatum:
1062 4588 1152 4683 quud
1185 4593 1214 4662 si
1246 4586 1430 4659 verisimile
1462 4583 1616 4681 Presby-

239 4704 376 4773 terlano
402 4706 514 4775 visum
539 4712 609 4792 est,
637 4714 671 4775 at
697 4701 850 4775 omnibus
878 4706 932 4798 qni
960 4704 1102 4798 aliquem
1134 4704 1327 4801 disprlinae
1360 4701 1620 4775 Ecclesiasticae

240 4824 379 4909 gustum
406 4815 546 4907 habent,
572 4840 738 4914 nunquma
764 4817 898 4908 suaderi
930 4824 1069 4915 poterit,
1103 4822 1203 4893 etium
1223 4824 1268 4900 ,si
1299 4816 1454 4914 Eutycbii
1489 4826 1620 4889 centum

150 4984 153 4989 -
239 4931 278 5003 id
307 4932 475 5006 affirment.
529 4932 612 5020 Quis
639 4937 727 5006 enim
755 4932 882 5006 dubitet
906 4937 940 5007 in
966 4934 1074 5008 moltis
1100 4935 1348 5009 Ecclesiasticis
1367 4936 1477 5007 causis
1494 4954 1619 5004 exem-

239 5047 337 5143 plum
363 5045 539 5121 Ecclesiae
564 5060 631 5122 tam
659 5048 802 5123 celebris
828 5048 1006 5123 valiturum
1031 5050 1135 5124 fulsse
1161 5060 1276 5124 contra
1291 5050 1499 5147 Episcopus,
1526 5052 1619 5142 cnjus
