4525 6034
609 564 1105 648 smsnmrnnnonam
1471 561 1544 638 usa
1696 537 1698 546 ’

288 759 464 832 Dioeoouc
487 759 680 853 respondet.
731 756 807 830 Pax
831 755 902 846 tibi,
928 754 1097 829 Sacerdos
1121 751 1326 827 venarando.

289 880 473 953 Sacerdos.
525 879 578 952 'lu
609 900 649 952 es
681 888 776 974 petra
812 873 892 946 dura
929 895 1015 967 quae
1058 874 1195 946 emisisti
1238 868 1410 944 duodecim
1451 869 1546 941 rivos
1676 941 1678 946 ,

197 1019 344 1095 aquamm
370 996 414 1070 ad
440 995 612 1069 duodecim
638 994 759 1068 Tribus
784 989 900 1066 lsrael.

287 1113 383 1184 Doni
405 1131 527 1206 pacoro
552 1115 590 1183 io
614 1110 783 1183 Ecclesia.
836 1106 1015 1179 macoma
1040 1107 1134 1177 elicit.

289 1228 421 1302 Stemus
448 1227 606 1301 decomer
631 1237 784 1300 orantes:
811 1233 935 1296 stemus
961 1245 1035 1295 cum
1060 1224 1192 1313 timore,
1218 1231 1281 1294 etc.

288 1344 462 1417 Sacerdos
486 1345 607 1417 looitcr
633 1348 818 1416 commouet
841 1340 959 1428 oclsun,
985 1344 1021 1411 et
1047 1338 1141 1409 dicit.

289 1460 420 1534 Caritas
446 1462 511 1534 Dei
536 1460 662 1533 Patris:
698 1468 733 1533 et
756 1460 864 1552 gratia
890 1458 1049 1548 unigeniti
1074 1454 1150 1527 Filii
1175 1467 1210 1529 et
1235 1452 1484 1532 communicatio
1512 1461 1547 1523 et

192 1576 377 1651 inhabitatio
408 1576 550 1673 Spiritus
577 1580 684 1652 sancti
718 1578 784 1649 sint
817 1600 892 1649 cum
917 1571 1016 1648 vobis
1049 1571 1220 1663 omnibus,
1252 1572 1374 1645 [rau-es
1400 1571 1486 1660 mei,
1512 1570 1546 1639 in

191 1933 264 2000 tore
288 1934 344 1998 ter
368 1931 497 2024 &motu
523 1932 637 2000 coccis
658 1932 760 2023 socii,
785 1925 994 2020 rcooloitpoc
1018 1922 1106 2011 oola,
1133 1920 1378 2017 qaomooaa
1393 1924 1427 1990 ct
1453 1916 1549 1989 colia
1654 1916 1660 1931 ’

190 2041 442 2138 operiebantur,
468 2051 504 2116 et
527 2045 612 2117 dicit
635 2051 699 2117 ter.

287 2158 406 2233 Gloria
432 2160 523 2233 Patri
549 2171 584 2233 et
608 2161 706 2250 Filio,
733 2169 768 2233 et
796 2139 930 2256 Spiritui
956 2164 1090 2231 sancto:
1121 2157 1282 2252 mysterio
1320 2150 1489 2226 adorando
1516 2161 1550 2225 et

190 2274 353 2368 glorioso,
379 2279 412 2348 in
439 2299 505 2373 quo
530 2299 599 2350 non
624 2287 677 2351 est
702 2276 839 2349 divisio:
864 2296 952 2347 nunc
978 2283 1013 2347 et
1037 2295 1171 2370 semper
1196 2277 1230 2344 in
1256 2270 1401 2344 saecula.

198 2431 203 2435 ·
288 2393 453 2487 Populos.
504 2396 624 2468 Amen.

289 2508 476 2581 Sacerdos.
529 2508 668 2584 Sursum
701 2512 766 2583 sint
798 2518 944 2596 montes,
984 2505 1169 2580 intellectus
1201 2516 1234 2578 et
1273 2502 1376 2578 corda
1407 2502 1551 2575 omnium

187 2637 346 2700 noslt'um.

289 2741 452 2835 Populos.
505 2739 675 2814 Habemus
702 2741 745 2814 ad
763 2753 814 2830 te,
840 2740 992 2814 Domine.

290 2857 476 2931 Sacerdos.
529 2858 663 2931 Gratias
690 2880 828 2951 agamus
862 2857 1005 2931 Domino
1040 2878 1114 2928 cum
1141 2856 1279 2945 timore,
1315 2863 1349 2925 et
1374 2852 1551 2926 adoremus

188 2996 262 3045 cum
290 2983 448 3048 tremore.

291 3090 454 3185 Populos.
506 3091 651 3184 Dignum
677 3102 711 3164 et
732 3094 857 3185 justum
883 3099 944 3164 ost

291 3206 469 3279 Sacerdos
494 3208 685 3280 incibatus.
739 3206 871 3298 Cordo,
901 3209 1010 3279 animo
1045 3212 1079 3277 et
1117 3204 1231 3297 lingua
1264 3206 1389 3296 gratias
1423 3207 1551 3299 agimus

187 3322 259 3412 tibi,
286 3323 400 3413 Pater,
425 3322 500 3413 Fili,
527 3333 562 3397 et
586 3324 727 3421 Spiritus
754 3334 882 3415 sancte,
908 3326 963 3420 qui
990 3344 1028 3395 es
1053 3344 1137 3395 unus
1164 3321 1257 3394 Deus
1283 3342 1397 3395 varus.

291 3439 444 3511 moon
467 3463 592 3513 vocem.
646 3438 728 3513 Cum
755 3442 869 3514 turmis
895 3438 1125 3528 invisibilibus,
1152 3449 1186 3511 et
1201 3436 1369 3511 ordinibus
1395 3441 1553 3511 innume-

187 3554 370 3644 muitum,
402 3556 614 3651 spiritualiter
645 3568 679 3629 et
709 3555 883 3653 seraphiae
910 3556 1059 3649 adjungit
1089 3578 1128 3630 se
1164 3553 1307 3652 populus
1334 3558 1441 3628 omnis
1477 3565 1553 3628 tuus

185 3670 309 3760 tidelis,
335 3670 489 3763 Domina,
516 3675 570 3768 qui
596 3684 647 3745 ter
672 3685 706 3746 ta
731 3673 928 3766 glorificant,
954 3673 1107 3762 clamant,
1124 3670 1350 3746 vociferantum
1375 3680 1410 3743 et
1435 3671 1555 3745 dicrmt.

292 3787 454 3881 Populus.
506 3789 659 3863 Sanctus.

293 3902 469 3977 Sacerdos
495 3905 686 3977 inclinatos.
739 3904 881 3978 Sanctus
913 3928 951 3977 es
976 3906 1069 3978 Deus
1100 3905 1220 3977 Pater:
1254 3904 1396 3979 Sanctus
1424 3929 1556 4002 quoque

186 4016 295 4092 Filius
336 4031 410 4093 tuus
446 4024 647 4115 unigenitus:
689 4020 832 4096 Sanctus
873 4023 971 4094 etiam
1010 4021 1152 4117 Spiritus
1196 4031 1270 4096 tuus
1310 4024 1555 4096 sanctissimus:

186 4137 268 4229 quia
294 4158 357 4230 per
383 4137 662 4234 dispensationem
687 4138 745 4211 lilii
769 4142 827 4228 tui,
853 4137 1001 4211 liberasti
1026 4138 1181 4210 mundum
1207 4138 1249 4212 ab
1272 4159 1389 4212 erroro
1415 4143 1555 4235 peccati.

295 4252 446 4327 mevam
469 4278 595 4327 ooecro.
648 4256 712 4343 Qui
745 4279 819 4328 cum
850 4265 987 4352 paratus
1018 4254 1177 4328 essetab
1208 4257 1398 4350 passionem
1424 4252 1554 4327 saluta-

186 4389 277 4457 νοω,
303 4369 338 4439 in
363 4391 451 4465 pane
476 4374 532 4465 qui
558 4368 600 4443 ab
628 4393 670 4443 eo
696 4368 907 4459 benedictus,
935 4369 1174 4459 sanctificatus,
1200 4369 1344 4463 nactus,
1377 4382 1411 4444 et
1436 4370 1555 4444 distri-

184 4481 291 4557 butus
316 4482 435 4574 luerat,
460 4485 635 4583 Apostolr's
661 4490 793 4576 sanctis,
821 4507 942 4583 corpus
975 4508 1071 4560 suum
1102 4487 1312 4561 sanctificans
1345 4487 1434 4561 dedit
1458 4485 1555 4561 nobis

95 4649 103 4664 .
186 4598 326 4673 dicens:
353 4604 493 4698 accipite
519 4613 553 4675 et
577 4602 774 4676 manducate
800 4625 846 4675 ex
872 4625 930 4675 eo:
963 4602 1038 4677 Hoc
1063 4614 1115 4676 est
1140 4626 1260 4699 nempe
1285 4626 1408 4701 corpus
1433 4626 1555 4694 meum,

186 4716 287 4812 quod
311 4739 374 4813 pro
399 4717 500 4793 vobis
533 4731 566 4792 et
597 4741 660 4816 pro
693 4719 803 4794 multis
828 4717 990 4812 frangitur
1022 4731 1056 4793 et
1081 4719 1237 4793 dividitm
1262 4719 1305 4793 ad
1330 4724 1555 4819 expiationem

187 4831 391 4907 delictomm
418 4843 451 4907 ot
476 4838 706 4911 remissionem
730 4845 955 4933 peccatorum,
982 4836 1154 4911 advitam
1181 4846 1360 4911 aeternam.

297 4950 457 5046 Populus.
507 4952 627 5028 Amen
