4525 6034
341 2156 403 2226 Pap.
418 2157 443 2208 1.

376 2400 489 2469 biturgia
508 2397 570 2467 quid
584 2412 651 2465 pro·

344 2488 400 2555 prie
415 2483 549 2555 significet.

361 4486 423 4553 Ejus
435 4489 507 4540 varia
523 4491 634 4574 nomina.

885 908 889 917 Ν
1036 1006 1676 1190 COMMENTARIUS

769 1345 866 1462 llll
919 1345 1372 1464 ultuuollu
1425 1344 1935 1466 tortillattn
2038 1340 2042 1353 ’

1159 1583 1337 1661 suboli
1368 1582 1554 1661 Bastuli.

1208 1879 1493 1914 ψ

1155 2142 1353 2228 tltttslt
1384 2144 1545 2228 ltttlttl.

768 2376 840 2457 Cos
869 2407 905 2453 ea
933 2390 972 2451 sit
1000 2387 1088 2471 hujus
1110 2389 1206 2451 nostri
1231 2389 1262 2450 in
1283 2387 1457 2472 Liturgiam'
1470 2390 1690 2475 Aegyptiacam
1719 2392 1925 2454 commentarii
1950 2395 2040 2473 ratio,

665 2502 699 2560 ut
723 2495 756 2557 in
777 2487 1009 2557 eum'conl'erre
1032 2488 1225 2572 designemus
1255 2470 1352 2552 omnia
1382 2508 1460 2572 quae
1490 2492 1527 2555 ad
1548 2492 1822 2556 Euchanstieorum
1851 2493 1961 2556 rituum
1990 2495 2041 2558 di-

667 2594 822 2672 sciplinam
845 2589 986 2668 attinent,
1010 2588 1086 2651 adeo
1109 2595 1142 2649 ut
1164 2587 1230 2649 aliis
1253 2589 1401 2670 ejusmodi
1423 2591 1537 2654 Olllciis
1560 2591 1742 2655 illustrandis
1765 2594 1913 2656 inservire
1934 2603 2039 2675 queat,

666 2694 759 2758 multa
782 2709 860 2775 quae
883 2688 952 2751 abbi
975 2687 1069 2751 fusius
1092 2694 1221 2749 tractata
1243 2696 1327 2766 sunt,
1350 2690 1391 2751 ita
1413 2690 1547 2755 delibare
1566 2691 1758 2772 conabimur,
1779 2700 1812 2755 ut
1826 2692 1932 2773 paucis
1950 2709 2041 2754 com-

666 2793 835 2875 plectamur
857 2805 1063 2872 quaecumque
1086 2787 1124 2850 ad
1147 2787 1266 2850 illorum
1289 2788 1464 2852 Offmiomn
1490 2790 1717 2874 intelligentiam
1745 2793 1920 2855 necessaria
1947 2790 2041 2854 vide-

667 2895 789 2958 buntur.
834 2892 1034 2972 liturgiarum
1056 2891 1176 2951 nomine
1197 2888 1326 2972 intelligi
1349 2888 1461 2951 debent
1484 2890 1609 2970 Officia,
1632 2910 1687 2954 seu
1708 2891 1842 2955 Rituales
1864 2890 1932 2954 libri
1946 2899 2040 2953 auto-

666 2993 754 3055 ritate
776 2992 897 3073 publica
919 2989 1122 3053 Ecclesiarum
1146 2990 1267 3071 scripti,
1291 3007 1453 3071 earumque
1476 3008 1533 3053 usu
1556 2991 1759 3072 comprobati,
1790 2992 1899 3072 quibus
1926 3008 2039 3071 preces

666 3100 697 3156 et
719 3093 795 3155 ritus
821 3092 858 3155 ad
881 3089 1117 3155 consecrandam
1143 3097 1173 3151 et
1202 3088 1465 3161 administrandam
1492 3090 1709 3153 Eucharistiam
1736 3092 1933 3152 continentur.
1978 3090 2039 3155 Se-

667 3191 796 3256 cundum
818 3192 894 3253 hanc
918 3189 1137 3267 definitionem,
1160 3188 1315 3271 Liturgioe
1337 3206 1446 3252 nornen
1469 3190 1534 3252 dari
1555 3208 1616 3252 non
1637 3198 1739 3271 potest
1761 3190 1876 3253 Officiis
1906 3193 2040 3253 omnium

667 3291 946 3368 Sacramentorum,
976 3296 1009 3351 ut
1031 3288 1190 3369 Baptismi,
1222 3287 1396 3351 chrismatis
1434 3298 1465 3352 et
1488 3289 1629 3370 aliorum,
1660 3290 1741 3371 quod
1763 3299 1863 3353 tamen
1885 3306 1903 3351 a
1925 3291 2039 3370 multis,

665 3393 847 3472 praesertim
868 3386 1106 3453 Protestantibus
1128 3388 1209 3451 solet
1231 3388 1313 3466 lieri,
1337 3407 1398 3451 non
1421 3389 1477 3452 alia
1500 3391 1609 3471 opinor
1626 3392 1742 3453 ratione
1760 3409 1847 3473 quarn
1868 3391 1949 3473 quod
1965 3408 2039 3453 suas

668 3506 773 3553 sacras
801 3508 911 3572 preces
939 3488 1104 3571 Liturgiam
1135 3488 1208 3569 ipsis
1231 3487 1386 3569 appellare
1407 3490 1536 3570 placuit,
1562 3491 1676 3573 absque
1697 3489 1760 3553 ullo
1775 3499 1913 3553 veterum
1928 3509 2039 3552 exem-

667 3586 729 3669 plo.
774 3588 850 3652 Nam
873 3588 997 3651 Graecis
1020 3606 1038 3649 a
1061 3587 1168 3667 quibus
1191 3586 1249 3650 boc
1271 3605 1380 3652 nomen
1403 3597 1559 3671 acceptum
1582 3598 1628 3652 est
1646 3583 1864 3677 Λειτουργίαι
1887 3595 2039 3653 vocantur

666 3687 738 3749 libri
760 3707 884 3769 precum
907 3688 1031 3750 rituales
1054 3687 1105 3767 qui
1127 3686 1165 3749 ad
1188 3687 1397 3751 celebrandam
1420 3689 1638 3752 Eucharistiam
1660 3692 1831 3770 pertinent,
1859 3707 1919 3771 quo
1942 3706 2039 3751 sensu

668 3786 807 3850 celebres
831 3794 899 3851 sunt
922 3787 1000 3870 apud
1023 3805 1077 3850 eos
1099 3785 1222 3865 Jacobi,
1245 3786 1362 3864 Basilii,
1386 3788 1594 3871 chrysostomi
1615 3787 1779 3872 Liturgiae.
1823 3788 1921 3871 Magis
1945 3789 2037 3850 etiam

671 3896 778 3949 contra
800 3887 944 3950 decorum
966 3887 1123 3950 Ecclesiae
1145 3894 1292 3969 peccant,
1315 3889 1366 3970 qui
1387 3887 1538 3973 Liturgias
1561 3889 1713 3971 appellant
1735 3888 1937 3952 collectaneos
1959 3904 2038 3967 pre-

669 4003 722 4049 ces
743 3986 942 4067 ludaeorum,
967 3988 1219 4052 Samaritanorum
1241 3994 1272 4049 et
1293 3987 1595 4068 lllubamedanorum,
1624 3996 1660 4050 ut
1680 3988 1817 4051 fecerunt
1845 3988 2036 4050 recentiores

666 4087 750 4148 multi
778 4085 999 4171 Lexicograpbi
1036 4093 1067 4149 et
1095 4087 1327 4150 bibliothecarii.
1376 4088 1483 4170 Neque
1513 4090 1591 4150 enim
1619 4106 1730 4152 nomen
1758 4087 1846 4167 illud,
1877 4089 1908 4150 in
1936 4087 2059 4163 sacris,

666 4185 887 4268 significatione
910 4186 1057 4269 peculiari
1079 4195 1254 4268 usurpatum
1277 4186 1315 4249 ad
1336 4187 1478 4269 profanas
1507 4188 1669 4250 infidelium
1697 4188 1928 4268 superstitiones
1954 4184 2035 4247 trabi

666 4284 767 4350 debet.
806 4284 883 4348 Vide
901 4285 1085 4350 Glossarium
1103 4286 1404 4351 Graeco-barbarum
1423 4288 1487 4351 Viri
1506 4287 1672 4351 Clarissimi
1690 4287 1793 4351 Caroli
1809 4285 1918 4369 cangii
1934 4285 2034 4348 verbo

664 4378 877 4472 Astroopyt'o.

751 4484 796 4547 Ea
818 4503 882 4547 vox
904 4502 922 4546 a
946 4483 1071 4548 Graecis
1094 4483 1204 4548 dudum
1225 4492 1406 4568 usurpatur,
1428 4503 1487 4548 nec
1510 4485 1595 4548 aliam
1618 4503 1636 4547 a
1663 4485 1761 4549 multis
1792 4487 1923 4548 saeculis
1953 4486 2033 4548 inter
2116 4506 2127 4527 «’

666 4602 721 4647 eos
744 4583 995 4665 significationem
1016 4584 1122 4663 babet,
1146 4587 1281 4666 quamvis
1305 4605 1345 4648 ex
1366 4587 1461 4666 ipsius
1482 4585 1605 4669 linguae
1627 4586 1792 4669 originibus
1822 4584 1899 4649 aliae
1920 4586 2032 4649 multae

665 4691 835 4746 occurrant.
879 4682 986 4765 Neque
1007 4692 1108 4748 tamen
1130 4686 1167 4748 ad
1191 4683 1341 4767 Coptitas,
1365 4687 1416 4767 qui
1438 4687 1559 4749 mixtam
1581 4706 1622 4748 ex
1644 4685 1768 4748 Graecis
1790 4685 1916 4749 vocibus
1942 4705 2032 4768 quarn

664 4783 799 4864 plurimis
825 4782 958 4865 linguam
984 4784 1131 4864 retinent,
1167 4784 1204 4847 ad
1235 4785 1341 4848 Officia
1368 4785 1580 4848 Ecclesiastico
1616 4785 1748 4864 transiit,
1783 4785 1839 4849 sed
1868 4788 1934 4869 ejus
1959 4787 2030 4850 loco

666 4890 792 4944 utuntur
814 4881 908 4945 altera
931 4902 1008 4963 quae
1031 4892 1079 4946 est
1098 4870 1270 4972 Ἀναφορᾶ.
1309 4886 1414 4968 ltaque
1433 4886 1464 4948 in
1486 4885 1597 4949 nostris
1615 4884 1769 4948 codicibus
1786 4893 1817 4949 et
1835 4886 1934 4949 multis
1952 4903 2029 4966 quos

668 4981 700 5044 in
732 4981 875 5044 versione
903 4991 1006 5046 nostra
1040 4987 1264 5065 expressimus,
1305 4987 1346 5048 ita
1375 4978 1556 5067 appellatur:
1591 5003 1668 5068 quae
1696 5002 1758 5047 vox
1784 4989 1898 5067 pariter
1922 4986 2030 5050 eodem

670 5081 789 5144 omnino
808 5099 902 5145 sensu
920 5090 1045 5164 recepta
1067 5092 1114 5147 est
1127 5103 1145 5148 a
1159 5084 1262 5167 Syris,
1285 5094 1316 5151 et
1324 5085 1523 5169 Aethiopibus
1530 5108 1540 5165 ;
1562 5087 1617 5152 sed
1634 5089 1667 5151 in
1683 5105 1740 5150 usu
1762 5088 1846 5152 vocis
1867 5087 1946 5153 illius
1967 5106 2029 5153 non
