4525 6034
478 590 698 668 annotatt
735 590 985 669 onrnottol
1012 590 1246 688 attinuit,
1281 607 1330 669 ac.
1513 593 1589 669 465

176 861 181 870 ,
218 786 252 848 et
277 779 312 848 in
336 775 488 850 omnibus
511 776 729 871 glorificetur,
756 790 790 851 et
811 777 963 852 laudetur
987 801 1109 854 nomen
1136 789 1243 872 mum,
1270 782 1432 878 simulque
1458 781 1593 856 Domini

217 894 322 965 nostri
348 894 432 967 Jesu
460 891 602 985 Christi,
629 906 663 968 et
689 895 832 993 Spiritus
858 899 904 969 tui
931 899 1046 969 sancti.

320 1011 483 1105 Popatas.
537 1013 643 1102 sicut,
671 1023 733 1085 eta.

322 1125 506 1200 Sacerdos.
559 1129 643 1201 Pax.

322 1245 483 1339 Popatas.
535 1245 679 1318 Etcum
707 1248 823 1342 spiritu
848 1256 915 1319 tuo.

322 1362 499 1433 Sacerdos
521 1365 656 1458 [caepit
682 1368 717 1434 et
742 1365 864 1458 siqaat.

321 1479 502 1550 Diaconos
529 1478 615 1550 dicit
641 1477 861 1550 Catdoticam.

460 1754 636 1827 Sacerdos
662 1753 747 1825 dicit
774 1755 972 1826 Orationem
999 1762 1079 1827 aate
1105 1757 1206 1828 Pater
1231 1767 1357 1830 noster.

322 1946 516 2019 Doctrinam
541 1943 723 2034 vivificam,
751 1955 786 2016 et
819 1944 1041 2039 Evangelium
1074 1938 1240 2035 laetitiae,
1274 1946 1363 2043 (prod
1390 1947 1501 2022 docuit
1525 1973 1588 2024 nos

218 2064 407 2155 unigenitus
433 2059 536 2133 Filius
564 2070 649 2147 tuus,
676 2064 749 2156 ipse
775 2061 934 2157 splendor
960 2084 1063 2134 verns
1091 2085 1137 2134 ex
1163 2072 1197 2133 te
1223 2061 1345 2135 lumine
1375 2086 1481 2154 ver03
1514 2067 1588 2160 ipse

218 2183 324 2252 virtus
352 2189 386 2251 et
411 2179 574 2271 sapientia
602 2186 674 2263 tua,
706 2200 800 2250 mens
828 2188 964 2251 aeterna
994 2189 1027 2251 et
1053 2178 1196 2269 infinita,
1229 2178 1399 2253 brachium
1426 2192 1460 2252 et
1485 2178 1587 2252 forti-

219 2296 297 2368 tudo
326 2304 399 2384 trra,
430 2292 533 2365 robur
560 2303 593 2365 et
618 2297 766 2390 potentia
794 2304 859 2384 tua,
886 2317 979 2367 mare
1005 2298 1201 2368 immensum
1226 2317 1336 2392 neque
1369 2318 1587 2370 commensu-

219 2411 324 2484 rabile
350 2422 453 2500 tuum,
480 2407 625 2505 abyssus
652 2408 958 2506 imperscrutabilis,
985 2409 1101 2506 opifex
1127 2413 1283 2502 omnium,
1309 2435 1331 2484 a
1357 2436 1423 2509 quo
1443 2416 1588 2486 univer-

220 2552 334 2602 sorum
362 2550 464 2601 caasa
492 2537 559 2598 est:
587 2530 782 2623 principium
809 2531 953 2601 omnium
980 2526 1041 2600 sed
1068 2525 1392 2626 absque-principio:
1420 2532 1495 2624 quia
1515 2532 1589 2625 ipse

219 2647 431 2742 principium,
466 2651 500 2714 et
526 2664 628 2715 causa
656 2647 801 2715 omnium
828 2667 884 2732 es,
920 2667 1021 2740 super
1047 2642 1178 2716 undas
1205 2643 1316 2717 cordis
1342 2649 1448 2718 nostri
1474 2648 1589 2717 susci-

218 2765 342 2857 pimus,
375 2768 553 2852 menteque
586 2769 620 2830 et
652 2761 856 2851 cogitatione
889 2759 931 2832 ad
966 2771 999 2832 te
1032 2759 1260 2853 confugimus,
1294 2770 1329 2832 et
1361 2760 1588 2835 adorationem

218 2881 349 2966 mentis,
382 2874 441 2948 tibi
474 2875 575 2946 Pater
607 2897 691 2947 vero
726 2874 800 2947 Filii
833 2879 906 2948 veri
940 2876 1125 2949 oderimus:
1162 2886 1196 2948 et
1228 2899 1302 2949 curn
1336 2876 1454 2953 fiducia
1490 2900 1589 2972 quam

219 2979 309 3065 dedit
333 2992 431 3067 nohis
458 2991 562 3064 Filius
588 2994 643 3086 qui
669 2990 765 3064 datus
790 3001 843 3065 est
877 2991 993 3083 nobis,
1026 2992 1185 3066 audemus
1218 2995 1381 3067 invocare
1413 3005 1447 3066 te
1479 2993 1589 3066 Deum

218 3110 351 3183 Patrem
379 3108 571 3196 coelestem,
599 3118 753 3200 orantes,
779 3109 979 3199 clamantes,
1007 3120 1041 3181 et
1067 3109 1235 3184 dicentes:
1262 3109 1363 3183 Pater
1388 3120 1505 3184 noster
1532 3113 1588 3205 qui

219 3249 258 3298 es
284 3229 317 3298 in
343 3226 458 3299 coetis.

322 3342 483 3436 Popatas.
536 3338 767 3415 Sanctificetur
792 3362 914 3413 nornen
940 3349 1039 3412 tuum.

322 3457 505 3530 Sacerdos.
558 3456 728 3530 Adveniet
758 3456 901 3529 Domine
934 3477 1074 3550 regnum
1105 3465 1215 3546 tuum,
1248 3469 1283 3531 et
1314 3457 1433 3531 liberet
1467 3482 1530 3535 nos
1565 3486 1586 3535 a

218 3575 378 3667 maligno,
405 3579 480 3669 quia
508 3573 591 3646 haee
619 3582 670 3644 est
702 3571 857 3645 voluntas
891 3582 961 3645 tua:
994 3575 1157 3646 immunes
1189 3597 1252 3647 nos
1284 3583 1433 3670 praestet
1458 3601 1480 3650 a
1504 3588 1586 3651 ten-

218 3688 397 3764 tationibus
423 3691 599 3776 violentis,
634 3688 754 3785 detque
787 3686 883 3761 nobis
918 3700 953 3761 ut
978 3692 1134 3764 vivamus
1167 3690 1346 3765 secundum
1380 3692 1585 3767 voluntatem

217 3819 320 3896 tuam,
347 3805 555 3903 dimittasque
581 3805 679 3879 nabis
704 3827 766 3901 per
798 3804 1005 3877 clementiam
1038 3815 1126 3877 tuam
1165 3818 1323 3902 peccata,
1351 3819 1385 3881 et
1410 3809 1586 3884 malefacta

217 3932 346 4013 nostra,
372 3930 407 3992 et
432 3920 599 3996 concedas
625 3921 723 3995 nobis
750 3931 785 3992 ut
809 3943 872 3993 nos
898 3924 996 3993 etiam
1014 3920 1213 3997 dimittamus
1230 3923 1434 3999 debitoribus
1449 3932 1584 4016 nostrie,

219 4042 464 4136 eripiamorque
489 4034 530 4108 ab
557 4037 684 4112 insidiis
711 4039 845 4125 inimici,
872 4041 949 4132 quin
975 4048 1010 4109 tu
1035 4059 1073 4110 es
1100 4037 1179 4111 Rex
1204 4037 1346 4133 Regum,
1374 4051 1407 4112 et
1422 4043 1584 4117 Dominus

219 4157 473 4241 Dominantium,
502 4163 536 4225 et
561 4152 619 4226 tibi
645 4153 785 4225 dectitm
815 4174 912 4224 omne
944 4175 1046 4246 genu,
1072 4153 1267 4228 coelestium
1301 4166 1335 4228 et
1368 4163 1583 4247 terrestrium,

218 4280 318 4366 teque
345 4270 443 4343 decet
469 4273 577 4344 omnis
602 4269 724 4364 gloria,
751 4267 869 4360 honor,
896 4279 930 4342 et
962 4273 1147 4366 imperium,
1174 4294 1247 4344 com
1273 4268 1372 4361 Filio,
1399 4283 1433 4345 et
1458 4272 1584 4370 Spiritu

218 4399 345 4461 saneto.
451 4459 456 4463 .
632 4371 642 4392 .

320 4503 481 4596 Poprdas.
534 4504 653 4575 Amen.
718 4543 721 4548 ,

322 4618 506 4690 Sacerdos.
558 4620 642 4691 Pax.

319 4736 506 4807 Diaconos.
558 4738 656 4809 Ante.

320 4851 481 4945 Papulas.
535 4851 659 4925 Coram
683 4861 718 4922 te
744 4851 896 4924 Domino.

320 4966 505 5041 Sacerdos.
552 4968 748 5040 lncdoamus
776 4965 862 5040 colla
888 4975 1002 5040 nostra
1027 4976 1093 5039 tom
1120 4970 1300 5040 animarum
1327 4991 1423 5064 quam
1450 4987 1580 5064 eorpo-

217 5106 300 5172 mm,
329 5094 610 5182 expectamusque
634 5083 895 5157 misericordiam
927 5092 1115 5180 paternam3
1147 5093 1184 5156 ut
1216 5106 1263 5157 ex
1287 5082 1381 5158 fonte
1405 5106 1580 5181 regnoque
