4525 6034
493 594 535 669 ΙΝ
559 594 766 671 thURGlAll
791 594 937 672 IGNATll
964 594 1048 670 SIVE
1074 592 1257 688 tollunt,
1290 609 1342 671 nc.
1524 596 1598 669 523

154 769 157 776 ’
230 784 339 856 terant,
363 784 502 860 unquam
525 798 542 841 a
565 797 600 841 se
622 796 683 841 non
704 781 866 858 inventam,
889 780 944 843 sed
967 785 1122 860 acceptam
1139 779 1348 860 amajorihns:
1372 786 1403 840 at
1426 777 1517 842 hutilis
1540 799 1600 842 ex-

229 879 344 940 cusatio
368 875 475 941 inisset
497 877 576 959 apud
598 877 745 941 barbaros
768 886 924 960 tyrannos.
950 878 1057 959 Neque
1081 875 1153 941 illud
1175 878 1271 960 magis
1295 878 1459 940 convenire
1480 877 1601 940 videtur

229 978 355 1038 saeculo
380 978 587 1060 quoLiturgia
608 979 722 1060 scripta
744 979 809 1057 luit,
833 979 914 1060 quod
936 996 1045 1059 preces
1068 977 1141 1039 liant
1163 995 1220 1057 pro
1242 976 1377 1060 Regibus
1401 984 1430 1039 et
1453 978 1602 1058 principi-

159 1103 162 1108 ,
228 1075 285 1138 hus
309 1075 446 1138 fidelihus
469 1078 520 1157 qui
547 1077 714 1140 Ecclesiam
744 1077 880 1158 fidelem,
914 1078 944 1141 id
975 1085 1023 1140 est
1050 1077 1262 1154 Jaoohiticam,
1289 1078 1442 1159 Juvarent.
1485 1076 1601 1139 Nama

229 1172 289 1236 line
310 1177 430 1256 septimi
452 1177 578 1255 saeculi,
608 1184 640 1238 et
662 1195 680 1237 a
702 1184 789 1258 capta
812 1196 868 1259 per
889 1175 1124 1240 Muhamedanos
1147 1175 1327 1254 Antiochia,
1356 1176 1523 1258 lmperator
1550 1184 1601 1238 aut

227 1270 295 1335 Rex
317 1274 416 1337 nullus
439 1277 547 1355 extitit,
570 1277 621 1356 qui
644 1276 680 1338 ah
704 1276 753 1339 illa
771 1285 856 1340 secta
879 1277 993 1339 alienus
1016 1293 1077 1338 non
1101 1274 1209 1351 luerit,
1239 1276 1266 1338 si
1294 1275 1397 1359 Reges
1419 1274 1600 1355 Aethiopiae

229 1379 259 1435 et
280 1372 398 1437 Nuhiae
421 1376 599 1457 excipimus,
622 1376 672 1456 qui
701 1375 925 1438 Alexandrinae
947 1374 1105 1438 Ecclesiae
1131 1373 1241 1437 subditi
1272 1383 1374 1454 erant,
1403 1392 1464 1436 non
1486 1374 1599 1436 Antio-

229 1471 355 1536 chenae.
400 1473 475 1537 Nam
498 1475 606 1539 Graeci
629 1477 679 1556 qui
703 1475 863 1556 aliquando
884 1474 1074 1538 Antiochiam
1097 1483 1291 1554 receperunt,
1314 1483 1346 1538 et
1366 1474 1504 1537 Francia
1523 1473 1599 1554 qui-

229 1572 286 1634 hus
310 1581 397 1653 capta
427 1581 475 1638 est
496 1574 655 1637 Melchitae
679 1583 781 1637 erant:
811 1575 929 1638 Tartari
957 1574 1071 1654 aliquot
1100 1571 1267 1637 Hordarum
1295 1573 1403 1656 quihus
1433 1571 1600 1654 imperabat

228 1669 297 1754 Ung
318 1671 439 1735 llhanus
463 1692 480 1736 a
503 1673 708 1757 Ginghizcano
730 1675 829 1736 victus
852 1681 884 1737 et
905 1673 1062 1754 spoliatus,
1085 1672 1259 1735 Nestoriani
1281 1680 1379 1734 erant:
1407 1680 1497 1752 atque
1520 1671 1598 1734 adeo

228 1771 326 1832 neutri
348 1769 452 1834 fideles
475 1780 560 1836 erant
583 1791 623 1835 ex
644 1771 842 1836 Jaoohitatum
870 1772 1027 1836 sententia.
1076 1770 1245 1834 Verisimile
1275 1772 1367 1853 igitur
1396 1772 1517 1836 omnino
1547 1772 1598 1834 vi-

228 1868 326 1946 detur,
349 1870 436 1933 istam
458 1879 489 1934 et
511 1872 623 1951 aliquot
646 1872 719 1934 alias
747 1871 910 1954 liturgias,
932 1872 1027 1952 magis
1055 1869 1092 1932 ad
1114 1871 1228 1933 veteris
1257 1870 1435 1953 disciplinae
1460 1871 1596 1950 sormam,

228 1987 316 2051 quam
338 1970 376 2033 ad
398 1986 484 2031 nsum
506 1969 711 2033 Ecclesiamm
730 1971 824 2034 luisse
847 1971 1038 2052 compositas.

577 2318 611 2388 7.
647 2313 841 2390 Doctorum
864 2316 1157 2404 orthodoxorum,
1184 2321 1248 2387 etc.

322 2506 379 2587 Ex
400 2519 450 2581 illa
473 2522 701 2585 enumeratione
731 2523 895 2586 Doctomm
917 2520 1075 2585 Ecclesiae
1099 2520 1275 2603 agnoscitur
1296 2520 1499 2584 Jaoohitarum
1528 2526 1594 2588 sin·

227 2623 448 2685 carissimorum
470 2623 547 2686 hanc
564 2625 733 2709 liturgiam
756 2625 861 2704 inisse,
883 2644 944 2688 non
967 2625 1222 2689 Orthodoxorum.
1267 2622 1400 2687 Jacohus
1422 2627 1473 2707 qui
1494 2628 1595 2690 nomi-

225 2730 325 2800 natur,
348 2721 530 2805 Serugensis
551 2724 720 2807 Episcopus
742 2725 808 2804 luit,
830 2724 977 2805 simulque
999 2725 1211 2802 Botnanensis,
1233 2724 1319 2806 cujus
1341 2725 1461 2787 nomine
1484 2725 1595 2788 hahent

226 2822 399 2902 inscriptam
421 2821 585 2904 liturgiam
608 2825 756 2906 adquam
787 2844 823 2888 ea
852 2843 929 2905 quae
953 2824 991 2887 de
1014 2825 1082 2905 ipso
1105 2823 1275 2887 ohservare
1297 2822 1464 2904 potuimus,
1494 2844 1594 2889 anno-

227 2928 287 2985 tata
309 2929 388 2984 sunt.

635 3270 671 3343 8.
718 3271 844 3343 Turres
871 3271 1096 3362 Coluniticoc,
1124 3277 1188 3341 etc.

321 3460 437 3541 Emi:
458 3473 571 3537 locutio
594 3476 726 3537 occurrit
748 3476 778 3537 in
799 3474 934 3557 Liturgia
949 3474 1056 3558 Ignatii
1067 3473 1258 3538 Patriarchae
1269 3472 1451 3538 Antiocheni
1472 3494 1593 3560 cogno-

225 3579 305 3640 mine
326 3577 378 3640 lilii
400 3576 520 3641 Wahih.
564 3577 718 3641 Sententia
739 3587 787 3642 est
808 3580 921 3659 primos
948 3579 1016 3642 illos
1043 3578 1201 3642 Ecclesiae
1223 3577 1372 3640 Doctores
1400 3576 1491 3642 salsas
1521 3580 1592 3662 opi-

225 3680 334 3740 niones
356 3676 511 3760 gentilium
534 3684 566 3739 et
587 3676 817 3756 haereticorum,
840 3695 915 3759 quas
927 3678 1016 3740 Turri
1030 3678 1232 3760 Babylonicae
1254 3677 1285 3739 in
1307 3675 1401 3740 Calue
1418 3678 1592 3744 aedificatae

226 3783 411 3857 comparant,
434 3776 599 3856 dissipasse
617 3786 648 3839 et
660 3777 858 3856 destruxisse,
883 3777 1061 3860 Syriamque
1081 3796 1158 3859 quae
1172 3777 1221 3839 hic
1232 3784 1357 3839 vocatur
1367 3775 1591 3840 Arnmceorum

222 3878 301 3957 fitia,
333 3884 366 3937 ut
392 3875 506 3938 Judaea
534 3876 606 3955 filiu
627 3877 812 3940 tenuatam:
840 3876 996 3940 Chaldaea
1019 3877 1090 3957 silio
1116 3877 1301 3961 Babylonio
1331 3894 1404 3939 vera
1430 3875 1590 3961 Evangelii

225 3973 360 4036 doctrina
383 3975 561 4040 illustrasse.
