4525 6034
1374 511 1475 585 12
2133 505 3360 587 ORDOCOMMUNIS

1837 1006 2269 1086 ALIUS
2376 1005 2729 1084 ossno
2838 1000 3680 1088 GENERALIS

2149 1213 3348 1333 LITURGIA-E.

1370 1452 1519 1522 Per
1568 1453 1887 1524 virtatem
1947 1453 2310 1525 Trinitatis
2360 1457 2648 1524 sanctae
2699 1451 3057 1523 scribimus
3126 1451 3447 1523 Ordinem
3498 1455 3617 1550 qai
3669 1451 4108 1524 observandus

2354 1575 2458 1640 est
2509 1573 2672 1641 ante
2728 1567 3169 1638 oblationem.

1582 1783 1871 1884 Primo
1924 1806 2279 1879 Sacerdos
2330 1807 2502 1878 dicit
2551 1807 2730 1878 bunc
2779 1806 3102 1900 Ityrnnam.

1581 1923 1814 1996 Gloria
1867 1922 2048 1996 Patri
2103 1933 2172 1995 et
2221 1921 2420 2015 Filio,
2473 1934 2543 1996 et
2594 1923 2871 2021 Spiritui
2922 1933 3199 1997 sancto:
3273 1933 3342 1996 et
3394 1945 3598 2023 super
3645 1945 3779 1999 nos
3831 1919 4105 1996 imbelles

1370 2050 1439 2113 et
1490 2050 1908 2136 peccatoreS‚
1962 2041 2427 2114 miserationes
2479 2050 2549 2112 et
2598 2040 2978 2133 benignitas
3034 2039 3448 2112 effundantur
3497 2044 3565 2113 in
3609 2050 3895 2137 utroque
3944 2060 4092 2112 sae-

1368 2156 1550 2230 culo:
1602 2179 1778 2230 nunc
1830 2166 1900 2229 et
1952 2178 2220 2254 semper
2273 2167 2344 2229 et
2392 2159 2461 2228 in
2514 2156 2786 2232 saecula
2838 2155 3279 2229 saeculorum.
3386 2158 3623 2231 Amen.

2630 2409 2891 2482 Oratio.

1576 2614 1836 2686 Perfice
1887 2612 2084 2685 nobis
2137 2613 2428 2686 Domine
2489 2616 2677 2688 Deus
2729 2618 3084 2689 miserator
3150 2628 3218 2688 et
3288 2627 3547 2688 amator
3607 2615 3978 2703 hominum,
4045 2621 4106 2684 ut

1366 2752 1521 2801 cum
1574 2732 1985 2821 cognitione,
2038 2733 2279 2803 timore
2332 2740 2401 2803 et
2452 2730 2798 2827 disciplina
2850 2732 3207 2828 spirituali,
3260 2740 3509 2805 stemus
3560 2753 3791 2803 coram
3847 2739 3914 2801 te
3961 2748 4106 2823 pure

1368 2856 1438 2917 et
1491 2856 1748 2935 sancte,
1802 2855 1870 2917 et
1919 2847 2367 2919 ministremus
2445 2847 2559 2920 tibi
2625 2859 2934 2943 tanquam
2988 2851 3279 2923 Domino
3348 2859 3418 2921 et
3465 2847 3753 2938 factori,
3824 2849 3930 2920 cui
3990 2842 4104 2914 de-

1364 2959 1561 3034 betur
1615 2961 1919 3034 adoratio
1977 2959 2061 3033 ab
2118 2962 2449 3051 omnibuS‚
2504 2962 2725 3050 Pater,
2780 2963 2934 3052 Fili,
2986 2976 3056 3037 et
3094 2964 3381 3062 Spiritus
3435 2974 3667 3038 sancte
3721 2986 3937 3052 nunc,
3994 2969 4102 3032 etc.

1576 3078 1910 3150 Psalmas.
1962 3077 2228 3147 Pesita.
2284 3077 2617 3151 Miserere
2669 3083 2802 3151 mei
2853 3080 3060 3153 Deus.

1574 3193 1929 3266 Sacerdos
1970 3197 2153 3286 petit
2204 3196 2670 3265 remissionem
2722 3202 2792 3266 et
2844 3195 3031 3266 dicit.

1573 3308 1871 3381 Benedic
1925 3309 2213 3380 Domine
2267 3312 2671 3399 remissioni,
2725 3332 2847 3383 seu
2900 3310 3325 3385 absolutioni.

1575 3424 1914 3495 Ascendit
1958 3425 2059 3494 ad
2110 3424 2341 3495 altare
2394 3431 2464 3494 et
2515 3425 2706 3496 dicit.

1579 3538 1692 3611 Ad
1743 3539 2046 3610 thronum
2101 3548 2281 3611 tuum
2336 3539 2612 3612 ascendi
2661 3541 2977 3630 Domine,
3031 3549 3101 3612 et
3150 3562 3381 3614 coram
3423 3539 3595 3614 solio
3651 3551 3771 3613 tuo
3828 3540 4103 3627 adoravi,

1362 3654 1523 3726 Rex
1575 3654 1930 3728 coelestis:
1983 3677 2192 3750 parce
2245 3654 2401 3727 mihi
2456 3659 2677 3728 omnia
2735 3679 2907 3751 quae
2959 3659 3246 3752 peccavi
3298 3655 3433 3728 tihi.

1574 3770 1671 3841 Et
1722 3771 1874 3840 dam
1925 3771 2238 3842 ascendit
2290 3771 2478 3842 dicit.
2588 3770 2886 3844 Introibo
2959 3771 3042 3844 ad
3098 3772 3312 3845 altare
3363 3771 3535 3864 Dei,
3606 3770 3690 3843 ad
3750 3773 3965 3845 Deum
4011 3771 4103 3865 qui

1362 3884 1678 3958 laetificat
1722 3888 2138 3977 juventutem
2189 3908 2428 3957 meam.

1574 4002 1934 4074 osculatur
1988 4025 2204 4073 corna
2257 4001 2506 4072 altaris
2559 4008 2629 4072 et
2681 4001 2869 4073 dicit.
2964 4002 3140 4096 Ligu
3191 4004 3481 4078 Domine
3530 4003 3935 4078 festivitat&
3983 4025 4100 4075 no-

1363 4127 1538 4193 stras
1590 4121 1659 4188 in
1714 4121 1991 4207 catenis,
2046 4139 2259 4212 usque
2314 4115 2399 4188 ad
2453 4138 2706 4188 cornua
2762 4117 2989 4191 altaris
3044 4123 3154 4191 tui.

1569 4234 1665 4304 Et
1717 4256 1865 4303 cum
1916 4233 2239 4304 accendit
2294 4255 2586 4320 cereum,
2643 4234 2737 4303 ad
2786 4234 2969 4306 latus
3019 4237 3335 4306 dextrum
3387 4237 3573 4308 dicit.

1571 4350 1649 4422 In
1700 4349 1948 4421 lumine
2002 4358 2115 4421 tuo
2170 4348 2477 4422 videmus
2530 4347 2769 4420 lumen.

1572 4456 1692 4537 Aa
1743 4465 1922 4536 latus
1972 4467 2319 4536 sinistram
2372 4465 2558 4536 dicit.
2638 4464 2830 4550 Pius>
2863 4474 2934 4538 et
2984 4475 3281 4558 sanctus,
3335 4470 3447 4563 qui
3497 4465 3754 4540 habitat
3807 4471 3874 4539 in
3923 4464 4093 4537 habi-

1364 4577 1600 4653 taculis
1653 4579 1839 4653 lucis.

1579 4694 1741 4766 Cum
1809 4698 2048 4768 miscet
2113 4698 2338 4767 vinum
2406 4703 2477 4767 et
2555 4719 2803 4793 aquam
2874 4701 2948 4769 in
3011 4699 3264 4789 calice,
3344 4700 3532 4769 dicit.
3637 4699 3772 4772 Uni
3837 4697 4095 4770 Domine

1368 4833 1610 4905 aquam
1675 4813 1869 4883 istam
1950 4835 2099 4884 cum
2167 4811 2300 4886 hoc
2363 4816 2560 4901 vinc,
2658 4816 2829 4888 sicut
2889 4818 3072 4889 unita
3137 4825 3245 4890 est
3312 4815 3623 4889 divinitas
3691 4827 3810 4889 tua
3877 4816 4092 4886 huma-

1363 4927 1570 4997 nitati.
