4525 6034
557 622 612 700 Ill
642 618 1249 698 tltuttells-stlttlcla
1532 619 1584 695 85

219 811 251 867 et
273 802 454 868 Sacerdotes
477 824 575 888 aeque
597 807 735 888 imperiti,
755 804 815 868 illis
837 805 992 869 codicibus
1020 812 1187 869 uterentur.
1238 804 1379 868 Testatur
1400 805 1478 868 enim
1499 805 1584 867 Dan-
1651 826 1748 895 mm,
1777 826 1811 877 a..
1837 826 1905 879 nan

219 904 308 966 dinus
330 903 474 985 quosdam
495 905 634 969 blissales
656 906 750 968 libros
772 923 790 967 a
812 922 847 967 sc
869 913 1009 987 repertos
1031 923 1099 968 curn
1121 904 1268 986 ejusmodi
1290 905 1381 982 nitio,
1410 922 1468 986 qua
1490 922 1585 969 occa·
1613 910 1701 974 lbos
1719 930 1745 981 n·
1770 913 1830 968 ¹⁴⁰·
1844 930 1903 983 pac·

218 1002 307 1066 sione
336 1002 490 1085 lntcrpres
526 1012 612 1068 notas
642 1005 752 1086 adjecit
782 1005 812 1066 in
842 1003 950 1085 quibus
988 1012 1135 1085 excerpta
1165 1023 1205 1068 ex
1233 1004 1329 1067 tribus
1357 1003 1416 1067 illis
1439 1003 1583 1086 liturgiis
1613 996 1675 1050 3⁴⁰·

217 1101 356 1168 inseruit.
400 1103 441 1166 At
462 1104 677 1168 Maronitarum
699 1104 768 1167 libri
790 1104 833 1167 illi
855 1120 916 1166 non
938 1111 1034 1180 erant,
1056 1103 1112 1167 sed
1134 1103 1346 1184 lacobitanm,
1369 1111 1403 1166 ut
1423 1102 1494 1166 alibi
1515 1120 1583 1166 rno-

218 1218 345 1264 nmmos.
724 1216 726 1221 ’

142 1366 147 1383 ,
307 1301 395 1375 Quod
422 1319 497 1365 vero
528 1302 608 1366 idem
632 1303 767 1386 adJunxit
796 1302 996 1383 conjectatum
1024 1301 1118 1366 ltusse
1148 1301 1311 1365 Naironum
1340 1302 1491 1386 liturgias
1517 1301 1585 1364 illas
1631 1305 1736 1359 datram
1759 1305 1903 1372 majorum

218 1395 284 1462 cm
311 1396 596 1485 προηγιασμένων,
625 1405 690 1465 sive
716 1402 1056 1481 Prccscucttfficotontm
1082 1418 1168 1478 csse,
1202 1402 1309 1464 merito
1339 1401 1369 1463 id
1396 1400 1584 1483 improbavit,
1597 1393 1731 1446 refellitur.

219 1501 354 1580 mamvis
377 1499 528 1584 liturgias
549 1503 631 1583 ipsas
654 1518 714 1564 non
735 1501 872 1565 vidisset.
916 1499 980 1564 Nos
1009 1501 1061 1582 qui
1082 1500 1200 1563 illarum
1223 1500 1405 1582 exemplaria
1426 1501 1513 1583 plura
1535 1502 1585 1563 vi·

218 1596 326 1677 dimus,
349 1607 434 1662 certo
456 1600 602 1663 albrmare
623 1617 795 1682 possumus,
817 1600 888 1662 nibil
912 1600 968 1662 bac
991 1603 1250 1683 conjecturaesse
1264 1601 1392 1664 inanius.
1426 1600 1500 1664 llam
1522 1608 1587 1664 tota

219 1697 314 1760 orleii
335 1698 534 1762 Eucharistici
555 1700 664 1777 series,
687 1699 737 1762 vel
751 1687 938 1763 ἀκολουθία
952 1707 986 1761 ιιι
1008 1718 1073 1762 eam
1096 1718 1218 1781 quoquc
1241 1698 1310 1781 Syri
1331 1708 1452 1779 vocant,
1476 1719 1586 1782 nempe

217 1798 255 1859 ab
279 1797 386 1860 osculo
408 1798 492 1879 pacis
513 1798 670 1878 usquead
692 1799 940 1877 communionem,
962 1798 1021 1861 illis
1043 1798 1186 1881 liturgiis
1209 1802 1388 1863 continetur.
1427 1799 1486 1864 Sed
1508 1800 1585 1863 Nai-

216 1914 313 1959 ronus
335 1898 403 1961 talis
426 1914 487 1960 non
509 1906 587 1978 erat,
610 1906 643 1960 ut
664 1900 788 1961 istarum
810 1917 912 1962 rerum
931 1899 1057 1962 idoneus
1077 1900 1171 1982 judex
1194 1899 1298 1962 baberi
1319 1907 1433 1981 posset
1478 1899 1584 1982 Neque

218 1998 318 2079 magis
340 2016 414 2060 vera
442 1999 685 2061 commentatoris
714 1999 833 2079 opinio,
862 1997 931 2061 dum
958 1999 1218 2081 interpolationem
1245 1999 1326 2062 illam
1352 1997 1461 2062 reterri
1490 1998 1585 2062 voluit

217 2096 256 2158 ad
280 2095 445 2159 doctrinam
467 2096 669 2160 Orientalibus
691 2098 892 2181 incognitam,
915 2099 973 2161 nisi
995 2098 1151 2161 eruditulis
1175 2098 1234 2161 illis
1257 2100 1308 2180 qui
1330 2117 1396 2162 earn
1419 2099 1449 2160 io
1470 2096 1583 2160 latinis

217 2194 406 2279 Theologiae
433 2195 584 2259 subselliis
616 2194 792 2261 didicerunt.
850 2196 883 2258 ld
919 2198 1007 2259 ctiam
1039 2198 1139 2260 obiter
1174 2198 1356 2262 notabimus:
1392 2198 1525 2279 quamvis
1553 2199 1584 2259 in

217 2293 345 2357 Oriente
373 2295 701 2359 Praesanctillcatorum
729 2296 822 2358 llissa
852 2296 1025 2360 celebretur
1046 2295 1164 2361 Gracco
1197 2316 1299 2375 more,
1329 2305 1418 2379 atque
1446 2296 1488 2359 ita
1517 2295 1585 2359 tre·

215 2394 357 2474 quentius
379 2394 471 2478 longe
494 2412 583 2476 quam
604 2396 635 2457 in
657 2395 762 2457 Latina
783 2395 934 2474 Ecclesia,
955 2396 1007 2458 ubi
1037 2414 1111 2460 usus
1132 2380 1212 2459 illius
1239 2396 1333 2460 semel
1361 2403 1473 2459 tanturn
1500 2395 1531 2458 fit
1554 2397 1583 2457 in

215 2511 307 2572 anno,
330 2493 417 2557 Faria
438 2493 489 2557 Vl.
511 2495 632 2575 majoris
654 2494 869 2571 hebdomadae,
891 2496 1045 2579 singulare
1075 2504 1175 2559 tamen
1197 2496 1277 2560 illius
1300 2496 1434 2559 Olllcium
1456 2494 1583 2558 anobis

214 2592 275 2656 buc
298 2612 407 2675 usque,
428 2611 486 2657 nec
507 2595 538 2656 in
562 2592 717 2675 Syrorum,
740 2612 799 2669 nec
820 2595 851 2657 in
874 2594 1059 2677 Coptitarum
1088 2595 1242 2660 codicibus
1270 2604 1424 2678 repertum
1447 2604 1503 2661 est.
1547 2593 1582 2655 ln

215 2692 334 2756 Graeca
364 2693 483 2775 quidem
511 2692 718 2757 Alexandrina
746 2693 862 2774 basilii,
891 2697 1024 2758 occurrit
1052 2695 1149 2760 oratio
1179 2714 1257 2777 quae
1291 2714 1331 2758 ex
1358 2695 1444 2758 titulo
1472 2695 1580 2759 dicitur

215 2800 363 2873 excerpta
393 2813 434 2854 er
462 2792 559 2855 Micca
588 2792 927 2873 Praesccctr’ficctorum
953 2795 993 2860 D.
1023 2795 1131 2859 llcrcr‘.
1184 2795 1236 2857 llla
1265 2802 1364 2858 tamen
1394 2795 1492 2873 ¹llissa
1522 2811 1584 2858 non

213 2894 370 2973 reperitur
390 2892 422 2953 in
444 2891 558 2955 Codice
580 2891 678 2974 Regio
701 2892 988 2975 Graeco-Arabico,
1011 2912 1068 2958 nec
1089 2896 1120 2957 in
1143 2894 1291 2976 Copticis:
1321 2894 1400 2976 apud
1429 2894 1523 2977 Syros
1552 2897 1584 2957 in

213 2998 301 3055 tanto
322 2991 524 3074 liturgiarum
547 3008 672 3055 nurnero
694 2991 775 3054 nulla
798 2992 911 3055 similis.

304 3089 437 3153 Tandem
459 3098 491 3153 ut
513 3090 582 3153 huic
603 3098 727 3155 nostrae
749 3091 959 3156 observationi
974 3093 1041 3156 linis
1055 3093 1243 3174 imponatur,¹
1259 3092 1338 3174 quod
1361 3092 1484 3155 afflrnrat
1504 3092 1584 3156 idem

214 3189 325 3268 nator,
347 3189 510 3273 liturgiam
533 3188 717 3253 Orientalom
740 3208 810 3253 esse
831 3190 952 3270 nnllam,
983 3210 1061 3273 quac
1082 3191 1306 3255 lnvocationcm
1334 3191 1462 3273 Spiritus
1485 3192 1582 3255 sancti
1628 3204 1658 3260 P.
1677 3204 1739 3260 alc.

214 3288 405 3369 subjunctam
428 3289 529 3352 vorbis
552 3289 714 3353 Dominicis
736 3307 798 3353 non
826 3289 949 3367 babeat,
971 3290 1051 3354 haud
1072 3290 1164 3371 plano
1185 3309 1291 3353 rerum
1321 3298 1377 3355 est.
1421 3290 1496 3353 Nam
1517 3291 1582 3353 Ne-
1757 3266 1762 3305 ¹

215 3389 416 3452 storianornm
438 3390 589 3470 primaria,
612 3407 690 3470 qima
712 3396 883 3452 sanctorum
904 3390 1120 3471 Apostolorum
1143 3389 1266 3470 dicitur,
1294 3390 1375 3453 illam
1398 3393 1581 3471 nonhabet,

214 3488 271 3551 sed
293 3487 429 3568 similem,
459 3496 529 3550 ante
559 3506 648 3568 qnam
676 3506 761 3551 sacra
791 3490 885 3551 verba
915 3492 1162 3572 pronuncientur.
1214 3489 1302 3564 Quod
1332 3492 1420 3553 etiam
1446 3490 1496 3552 illa
1525 3508 1583 3572 per
1618 3518 1623 3533 ι

214 3588 394 3651 narrationis
417 3588 535 3652 modum
558 3583 809 3674 temporaneo,
831 3596 864 3650 ιιι
886 3588 1369 3671 Graecidicnntpronuncientur,
1393 3607 1453 3652 non
1466 3590 1580 3654 idcirco

215 3687 335 3765 Graeci,
365 3686 457 3749 multo
487 3689 583 3750 minus
613 3688 696 3769 Syri,
725 3695 756 3750 et
785 3687 836 3750 alii
863 3687 1032 3752 Orientales
1061 3691 1173 3752 uirtute
1207 3688 1404 3752 consecrandi
1432 3691 1581 3754 elementa

213 3787 302 3868 panis
325 3788 438 3849 etvini
460 3786 511 3849 illa
533 3786 674 3868 spoliant,
696 3796 729 3850 ut
741 3786 851 3851 Autori
868 3787 1033 3870 judicatum
1056 3797 1112 3854 est.
1137 3788 1255 3870 Quippe
1277 3807 1392 3851 sacram
1415 3792 1581 3853 orationem

213 3888 280 3949 sive
303 3887 494 3967 praecipuam
517 3886 597 3948 illam
612 3886 767 3969 liturgiae
780 3895 906 3969 partem,
929 3889 969 3950 ita
980 3888 1126 3965 dividunt,
1150 3895 1181 3950 ιιι
1195 3877 1580 3974 ιιιθιιιείιδιηγηματικὴ,

213 3987 365 4061 nomem,
387 3986 520 4065 scilicet,
543 3986 745 4067 Eneapeticc,
772 3994 806 4048 ut
834 3987 965 4068 loquitur
989 3988 1153 4065 Barsalibi3
1183 3987 1279 4052 altera
1308 3978 1494 4074 ἑνεργητικὴ
1523 4006 1579 4053 seu

214 4084 322 4148 efficax
344 4092 395 4147 aut
415 4074 587 4170 ratenzam}
607 4087 673 4149 sive
702 4087 938 4167 consecratoria,
961 4106 1049 4168 quarn
1071 4089 1172 4151 dotem
1194 4088 1305 4151 etnim
1327 4090 1412 4169 prior
1438 4105 1500 4150 non
1521 4087 1579 4149 ba·
1624 4120 1628 4125 -

212 4184 294 4248 beat
341 4185 452 4248 Verum
482 4185 512 4248 id
541 4185 646 4248 volunt
669 4184 793 4265 Graeci,
823 4188 912 4250 etiam
941 4186 1053 4250 latinis
1082 4187 1140 4250 bac
1170 4189 1200 4250 in
1231 4189 1407 4269 quaestione
1437 4187 1578 4270 oppositi,

213 4285 418 4346 necessariam
441 4302 511 4347 csse
533 4285 735 4348 narrationem
765 4304 804 4348 cx
830 4286 1009 4370 Evangelio,
1032 4305 1137 4357 corum
1159 4306 1236 4369 quae
1259 4286 1395 4350 cbristus
1424 4288 1454 4349 in
1476 4287 1579 4349 ultima

213 4380 317 4448 Coena
340 4381 558 4447 Eucharistiam
580 4384 738 4447 instituens
760 4383 831 4448 lecit
850 4393 881 4448 ct
894 4386 977 4464 dixit,
999 4387 1040 4449 ita
1062 4395 1095 4449 ut
1116 4389 1183 4469 ipsa
1204 4387 1298 4450 rerba
1320 4386 1357 4449 ab
1380 4405 1418 4450 eo
1440 4404 1578 4468 pronun-

213 4483 302 4559 ciata,
327 4479 477 4544 Sacerdos
498 4485 687 4565 pronunciet,
711 4502 770 4566 qua
791 4486 908 4548 ratione
929 4485 1001 4547 facit
1022 4487 1103 4568 qood
1123 4487 1260 4551 cbristus
1283 4486 1362 4566 fecit,
1386 4486 1479 4549 verba
1501 4503 1578 4567 pro-

212 4579 283 4659 lart,
307 4599 385 4662 qrmc
406 4582 474 4662 ipse
495 4583 629 4664 protulit.
660 4583 714 4647 ltlo
737 4601 830 4648 sensu
852 4571 999 4670 διήγησις
1020 4588 1086 4649 sive
1108 4589 1242 4652 narratio
1264 4595 1321 4665 est,
1345 4605 1411 4649 cum
1433 4604 1488 4665 res,
1507 4594 1579 4649 tunc

211 4687 311 4763 gesta,
333 4699 394 4744 non
417 4681 505 4744 alitor
526 4700 615 4764 quam
637 4684 809 4746 namanone
836 4685 984 4765 explicari
1012 4688 1117 4768 possit.
1164 4686 1237 4751 Cum
1266 4704 1341 4749 roro
1369 4704 1386 4747 a
1414 4685 1579 4751 Sacerdote

211 4796 302 4843 sacra
324 4779 509 4862 celebrante,
532 4791 564 4846 et
584 4800 746 4864 personam
762 4782 872 4847 Gbristi
894 4786 1071 4865 sustinente,
1094 4794 1127 4849 ut
1139 4789 1250 4869 passim
1273 4787 1445 4869 loquuntur,
1467 4803 1581 4850 neces-

212 4881 295 4942 sario
318 4872 445 4943 dicenda
468 4882 528 4944 sint
550 4882 656 4946 eadem
678 4882 783 4957 verba,
806 4882 887 4964 qnod
917 4886 1045 4949 omnium
1066 4885 1268 4970 liturgiarum
1296 4893 1327 4949 et
1356 4885 1580 4970 Theologorum

211 4980 391 5043 testimoniis
412 4980 602 5045 manifestum
624 4989 681 5063 est,
703 4983 816 5046 inutilia
838 4984 912 5065 ipsis
936 4985 1033 5048 videri
1056 5004 1116 5049 non
1138 4992 1280 5068 possunt:
1309 4986 1410 5066 itaque
1431 4986 1490 5048 rim
1513 4985 1580 5049 cdl-

212 5097 318 5142 cacem
338 5079 449 5143 inillis
473 5090 652 5166 agnoscunt,
676 5083 856 5164 quaenulla
885 5093 949 5166 est,
980 5086 1038 5148 nisi
1065 5084 1104 5148 ad
1133 5086 1393 5149 consecrationem
1420 5088 1578 5169 pertineat

1298 5201 1374 5276 14*
