4525 6034
676 579 726 654 46
1052 583 1672 664 oasattlttottus

675 764 713 826 ad
736 767 899 847 gratiarum
923 766 1070 828 actionem
1094 766 1274 829 extenditur.
1318 769 1438 832 illarum
1461 788 1539 850 quae
1556 762 1681 851 Syriaca
1704 781 1824 853 extant,
1848 774 1954 838 multos
1977 771 2037 835 Co·

675 862 760 926 dices
783 867 992 940 tractavimus,
1017 874 1107 947 atque
1130 867 1207 929 adeo
1231 867 1269 929 de
1292 868 1351 930 illis
1374 869 1518 931 dubitatio
1541 887 1640 950 prope
1662 873 1743 934 nulla
1766 881 1830 952 est,
1865 892 1962 955 neque
1981 891 2041 934 ma-

670 964 750 1045 joris
780 966 921 1027 momenti
952 965 1113 1027 discrimen
1144 965 1237 1027 ullum
1266 968 1522 1030 animadvertitur.
1566 968 1607 1030 At
1635 979 1751 1050 partem
1782 972 1906 1034 alteram
1935 974 1964 1033 in
1990 989 2043 1051 qua

675 1066 886 1125 caeremoniae
908 1081 1079 1144 precesque
1103 1065 1306 1142 continentur,
1330 1066 1437 1147 quibus
1462 1067 1644 1131 Sacerdotes
1667 1069 1736 1151 Syri
1758 1072 1801 1132 uti
1824 1072 1923 1135 solent
1944 1071 1981 1132 ad
2000 1071 2043 1132 al-

674 1161 748 1223 taris
771 1163 960 1245 ingressum,
984 1162 1021 1224 ad
1045 1165 1169 1243 primam
1192 1163 1339 1228 donorum
1362 1167 1637 1249 praeparationem,
1660 1175 1692 1229 et
1706 1168 1881 1247 illationem,
1904 1169 2042 1251 publicam

673 1279 730 1342 pro
754 1262 844 1323 variis
868 1262 960 1324 rebus
984 1270 1014 1323 et
1045 1264 1186 1343 personis
1216 1264 1482 1346 supplicationem,
1506 1267 1722 1345 scripturarum
1746 1267 1905 1331 lectionem
1934 1277 1962 1330 et
1990 1268 2042 1329 alia

675 1361 773 1421 omnia
785 1348 1153 1447 nponapcoxsuccctxci,
1168 1365 1256 1442 pauci
1270 1362 1338 1425 libri
1351 1372 1494 1427 accurate
1510 1372 1751 1444 repraesentant.
1782 1367 1889 1448 Neque
1904 1369 2006 1429 mirum
2016 1367 2043 1429 id

675 1460 812 1538 cuiquam
836 1457 931 1521 videri
954 1459 1062 1538 debet,
1085 1478 1152 1523 cum
1177 1461 1286 1523 Graeci
1308 1461 1464 1544 Latinique
1487 1464 1723 1527 sacramentales
1749 1466 1818 1529 libri
1845 1466 1970 1549 alicujus
1990 1486 2043 1528 vc-

676 1560 805 1637 tustatis,
830 1577 866 1619 ea
889 1577 1011 1639 quoquc
1029 1559 1241 1623 caeremoniali
1253 1568 1340 1642 parte
1363 1570 1503 1626 careant:
1528 1561 1643 1625 scilicet
1659 1566 1728 1645 quia
1746 1567 1823 1629 ritus
1845 1565 1926 1643 illos,
1939 1566 2044 1630 Sacer·

675 1657 782 1735 dotes,
805 1664 836 1720 et
859 1658 907 1719 alii
930 1657 1067 1720 altarium
1089 1660 1234 1735 ministri,
1256 1678 1313 1721 usu
1337 1662 1511 1741 quotidiano
1534 1663 1635 1742 potius
1663 1673 1695 1726 et
1722 1665 1846 1728 assiduo
1875 1664 2043 1738 ministerio,

675 1775 763 1838 quam
785 1758 899 1837 scn'pto
915 1756 1126 1835 docebantur,
1151 1767 1181 1821 et
1204 1759 1324 1840 quaudo
1347 1762 1437 1823 scribi
1466 1769 1647 1842 coeperunt,
1683 1781 1744 1826 nou
1772 1765 1803 1825 in
1831 1764 1916 1826 libris
1945 1779 2044 1825 sacra-

674 1854 868 1932 mentalibus,
892 1856 947 1919 sed
970 1859 1000 1918 iu
1023 1856 1087 1920 aliis
1111 1858 1337 1936 scribebantur,
1360 1858 1442 1940 quod
1465 1860 1545 1940 apud
1569 1860 1703 1925 Graecos
1728 1870 1759 1924 ot
1780 1862 1917 1943 Coptitas
1940 1860 2042 1923 lactum

673 1952 768 2017 luisse
790 1954 1028 2018 observavimus.

385 2048 425 2100 1¹¹⁵
436 2049 587 2119 plerunque
601 2059 659 2104 ⁸¹¹¹ss
760 2055 934 2117 Paucissimi
965 2056 1057 2136 igitur
1084 2054 1197 2136 antiqui
1227 2054 1357 2118 Codices
1387 2057 1646 2137 praeparatorium
1674 2057 1754 2120 illam
1785 2059 1988 2141 disciplinam,
2016 2066 2044 2119 et

349 2137 516 2225 mitrii·
672 2156 828 2238 adjunctas
851 2154 950 2217 eidem
972 2172 1083 2236 preces
1105 2163 1353 2239 repraesentant,
1384 2165 1513 2237 suntque
1534 2156 1577 2218 illi
1605 2164 1639 2220 ut
1666 2158 1825 2237 plurimum
1848 2159 2043 2233 recentiores,

673 2273 739 2318 cum
763 2271 823 2316 uon
847 2263 906 2316 tam
930 2252 967 2315 ad
991 2255 1173 2334 antiquitatis
1196 2254 1357 2333 notitiam,
1372 2255 1457 2334 cujus
1481 2263 1626 2336 expertes
1649 2257 1769 2319 omuino
1793 2264 1878 2335 sunt,
1903 2274 1989 2337 qnam
2009 2253 2043 2315 ad

671 2356 729 2416 rite
752 2352 963 2416 celebrandam
986 2352 1151 2434 Liturgiam
1174 2352 1355 2417 reserantur.
1400 2353 1507 2434 Neque
1530 2361 1629 2416 tamen
1652 2357 1692 2417 ita
1717 2374 1856 2418 caremus
1878 2354 2043 2418 necessaria

672 2452 785 2514 veteris
808 2451 983 2532 disciplinae
1006 2452 1196 2534 cognitione,
1220 2469 1309 2532 quam
1332 2451 1465 2515 Antores
1489 2453 1565 2515 varii
1595 2453 1836 2533 subministrant,
1866 2464 1901 2517 ut
1931 2455 2042 2517 diuina·

672 2553 772 2614 tiones
794 2559 932 2629 nostras,
955 2552 1041 2631 quasi
1065 2559 1404 2631 cenasproponamus,
1428 2569 1494 2613 curn
1518 2553 1721 2634 conjecturis,
1742 2570 1805 2616 non
1832 2553 1893 2615 nisi
1914 2551 1966 2613 nbi
1991 2570 2043 2612 ne-

673 2651 801 2712 cessitas
824 2649 974 2731 postulat,
997 2651 1041 2711 uti
1056 2649 1226 2728 soleamus,
1250 2668 1364 2730 easque
1386 2650 1578 2731 subjiciamus
1600 2651 1778 2733 peritiorum
1786 2651 1913 2733 Judioio.
1945 2650 2042 2732 Longa

675 2750 754 2812 enirn
778 2747 925 2830 ejusmodi
948 2747 1113 2811 studiomm
1137 2749 1326 2829 experientia
1349 2749 1523 2827 didicimus,
1546 2768 1634 2831 quarn
1656 2750 1862 2831 periculosum
1884 2752 1942 2827 sit,
1965 2749 1993 2809 in
2012 2764 2043 2808 re

673 2848 887 2911 obscurissima
897 2847 1017 2924 judiciis
1033 2847 1096 2909 suis
1111 2849 1232 2910 nimium
1248 2848 1394 2927 tribuere,
1418 2866 1484 2910 cum
1508 2868 1545 2911 ea
1564 2867 1642 2929 quae
1664 2847 1880 2912 verisimillima
1901 2848 2042 2922 videntur,

672 2966 730 3011 nec
744 2944 969 3010 contemnendis
982 2948 1168 3028 argumentis
1183 2946 1366 3024 confirmata,
1388 2948 1476 3009 unius
1500 2946 1659 3028 aliquando
1675 2948 1743 3010 libri
1760 2948 1908 3010 autoritas
1926 2952 2042 3008 evertat.

398 3045 423 3098 ¹⁸
447 3060 522 3115 quem
543 3046 658 3101 dedimus
759 3047 791 3108 ln
815 3046 871 3130 bac
894 3046 987 3127 igitur
1008 3044 1104 3125 prima
1117 3043 1486 3129 πρωταρασκευαστικῇ,
1509 3048 1589 3109 sacri
1607 3042 2041 3127 Olliciiparteinterpretanda,
2084 3032 2090 3045 '

348 3132 380 3183 ad
398 3148 464 3201 ‘1⁰⁰⁸
479 3135 612 3200 pcruneu.
670 3149 802 3226 priorem
825 3142 1083 3206 locumdedimus
1107 3143 1149 3204 illi
1173 3143 1295 3221 Olllcio,
1328 3144 1409 3224 quod
1439 3147 1469 3207 in
1498 3147 1627 3226 antiquis
1650 3144 1813 3208 Codicihus
1841 3144 2041 3225 Seguierianis

670 3254 702 3308 et
725 3243 909 3307 Colbertinis
932 3259 950 3303 a
977 3241 1064 3303 nobis
1088 3250 1242 3322 repertum
1270 3250 1333 3321 est,
1367 3241 1447 3323 quod
1475 3245 1564 3306 etiam
1591 3245 1696 3324 paucis
1724 3244 1884 3323 exceptis,
1919 3242 2041 3303 Romana

669 3345 799 3406 blissalis
822 3340 977 3404 Chaldaici
1005 3340 1096 3402 editio
1126 3341 1200 3402 satis
1231 3349 1372 3403 accurate
1402 3350 1629 3423 repraesentat,
1658 3361 1758 3425 neque
1789 3343 1886 3420 enim,
1918 3349 1952 3403 ut
1979 3339 2040 3403 alibi

670 3442 862 3503 observatum
885 3447 950 3517 est,
973 3438 1128 3522 Liturgiae
1151 3447 1181 3501 et
1203 3439 1275 3502 illud
1300 3439 1446 3518 Olitcium,
1469 3441 1506 3503 ad
1528 3441 1694 3506 Maronitas
1716 3443 1881 3523 pertinent,
1906 3438 2041 3521 quidquid

670 3541 726 3601 viri
749 3559 789 3602 ex
812 3558 848 3601 ea
871 3545 963 3621 gente
987 3538 1067 3623 docti
1089 3540 1119 3600 in
1143 3540 1324 3601 contrarium
1346 3541 1534 3620 scripserint.
1579 3541 1654 3617 Nam
1689 3541 1746 3603 etsi
1775 3557 1902 3620 semper
1934 3540 1966 3601 in
1992 3556 2040 3599 ore

670 3647 701 3701 et
729 3638 758 3699 in
787 3638 907 3718 scriptis
937 3637 1083 3716 babeant,
1113 3654 1260 3719 nusquam
1290 3640 1488 3720 interruptam
1519 3639 1613 3702 luisse
1647 3638 1843 3702 Orthodoxae
1875 3639 1948 3702 iidei
1970 3636 2039 3718 apud

669 3738 800 3819 maj0res
823 3754 895 3799 suos
919 3738 1198 3800 conservationem:
1222 3736 1290 3800 illos
1313 3738 1369 3800 sub
1393 3737 1545 3801 himerico
1561 3739 1651 3801 tertio
1665 3738 1840 3800 Latinorum
1852 3735 2039 3799 Antiocheno

668 3835 856 3912 Patriarcha‚
880 3853 897 3897 a
920 3835 1145 3899 hlonothelitica
1168 3834 1287 3897 ba'eresi
1311 3835 1349 3898 ad
1372 3836 1540 3900 Ecclesiam
1562 3845 1724 3901 revocatos
1746 3836 1859 3915 luisse,
1890 3838 1978 3900 testis
1998 3842 2040 3899 est

668 3937 747 3999 omni
770 3936 952 4016 exceptione
975 3935 1071 4016 maj0r
1092 3933 1264 3997 Willelmus
1277 3935 1398 4015 Tyrius,
1421 3937 1507 4018 cujus
1531 3937 1732 4000 testimonium
1747 3936 1919 4016 scriptores
1943 3953 2039 3999 omncs

667 4035 787 4097 Arabes
810 4042 841 4096 et
865 4033 949 4114 Syri,
973 4032 1153 4112 Orthodoxi,
1176 4033 1349 4096 Nestoriani
1371 4042 1402 4096 et
1425 4034 1581 4098 Jacobitae
1598 4034 1784 4097 confirmant.
1829 4035 1917 4108 Quos
1933 4035 2039 4110 Amica,

668 4133 859 4197 Echellensis
883 4141 914 4195 et
944 4132 1065 4196 tandem
1093 4132 1245 4195 Naironus
1274 4133 1332 4194 illis
1368 4141 1539 4215 opponunt,
1572 4134 1691 4197 illorum
1721 4141 1939 4214 praeterquam
1967 4136 2038 4195 inter

666 4234 830 4297 Maronitas
852 4249 1023 4294 nonomen
1047 4230 1167 4312 quidem
1189 4240 1292 4294 notum
1314 4240 1376 4295 est:
1400 4235 1513 4315 scripta
1535 4233 1764 4309 multominus,
1798 4251 1878 4314 quae
1901 4243 1934 4297 et
1955 4232 2038 4296 aovi-

666 4334 737 4395 tatis
759 4331 869 4394 indicia
891 4331 1038 4413 permulta
1061 4330 1255 4411 praeierunt,
1277 4349 1377 4412 neque
1400 4332 1519 4395 abillis
1547 4332 1682 4411 laudata,
1714 4338 1765 4393 aut
1792 4334 1823 4393 in
1853 4331 2038 4414 amplissimis

641 4431 861 4496 ‘Bibliotheois
885 4437 1065 4495 conservata
1088 4428 1293 4510 reperiuntur.
1340 4431 1451 4494 Omnes
1473 4433 1567 4515 igitur
1588 4431 1744 4513 biturgiae
1759 4431 1918 4511 Syriacae,
1940 4431 2038 4494 bluo-

667 4533 825 4595 niticarum
849 4532 934 4594 titulo
960 4529 1075 4606 editae,
1098 4538 1151 4592 aut
1172 4548 1250 4611 quae
1273 4532 1303 4592 in
1326 4531 1542 4593 recentissimis
1564 4531 1678 4613 aliquot
1693 4529 1857 4594 Codicihus
1880 4530 2037 4611 reperiun-

669 4640 732 4711 tur,
754 4630 960 4695 Jacobitarum
982 4636 1070 4706 sunt,
1093 4636 1126 4691 ut
1149 4630 1320 4710 complures
1343 4629 1419 4692 aliae
1442 4647 1517 4711 quas
1540 4637 1681 4692 recenset
1709 4628 1900 4692 abrahamus
1931 4626 2037 4691 Echel-

666 4733 770 4795 lensis.
815 4731 890 4793 Nam
913 4731 944 4791 in
968 4727 1130 4793 codicibus
1153 4727 1357 4792 Jacobitarum
1387 4729 1438 4809 qui
1464 4735 1627 4792 servantur
1648 4731 1680 4791 in
1700 4727 1887 4791 Bibliotheca
1910 4726 2033 4810 Segne-

667 4832 752 4892 riana
774 4837 805 4892 et
828 4828 1019 4906 Colbertiua,
1049 4834 1082 4890 ut
1104 4828 1134 4888 iu
1162 4827 1353 4907 Florentino,
1384 4845 1488 4890 omnes
1517 4827 1587 4889 illae
1615 4827 1826 4908 reperiuntur,
1858 4845 1928 4889 cum
1951 4826 2035 4889 certis

666 4928 798 5009 indiciiS,
830 4948 908 5010 quac
938 4928 1005 4992 illas
1033 4926 1180 4990 Jacobitis
1197 4928 1346 5008 'proprias
1376 4945 1446 4989 esse
1482 4925 1699 4992 demonstrant.
1743 4923 1822 5004 lmo,
1856 4926 1940 5007 quod
1969 4923 2034 4986 satis

665 5027 768 5088 mirari
789 5045 850 5091 non
872 5045 1050 5109 possumus,
1080 5029 1111 5090 in
1140 5026 1272 5089 Romana
1301 5028 1368 5109 ipsa
1395 5026 1543 5102 editione,
1576 5027 1654 5089 tituli
1682 5027 1796 5090 servati
1825 5033 1896 5087 sunt
1916 5021 2034 5087 Joannis
