4525 6034
710 571 785 648 012
1219 574 1577 654 LITURGIA

707 759 907 852 mortalium,
933 772 969 834 ut
994 785 1069 835 cum
1095 761 1248 836 coabbas
1275 763 1428 836 omnibus
1448 763 1645 854 sublimium,
1671 767 1838 858 majestati
1863 777 1930 840 tuae
1951 775 2034 842 omni

605 847 614 880 ⁹
708 875 771 951 bus
799 879 979 953 dominanti
1004 877 1138 952 laudem
1174 890 1208 952 et
1238 879 1399 953 bonorem
1432 880 1614 969 referrent,
1654 903 1730 953 cum
1760 882 1825 956 illis
1860 890 1910 980 qui
1937 908 2037 982 semper

708 1016 823 1067 coram
850 999 994 1068 mamma
1021 998 1197 1069 sanctitate
1223 1006 1279 1068 tua
1300 995 1444 1090 jubilant
1465 997 1508 1069 ad
1534 995 1769 1070 celebrandam
1795 999 1928 1092 gloriam
1949 1001 2036 1074 'lriri-

708 1115 784 1183 tatis
811 1122 888 1184 tuae
921 1113 1103 1205 gloriosae.
1157 1107 1286 1185 emon
1339 1112 1592 1203 Vocueranns,
1624 1112 1851 1206 glorificantes
1881 1117 2037 1190 indesinen-

706 1238 770 1316 ter,
797 1228 1044 1326 clamantesque
1077 1250 1162 1302 unus
1188 1228 1231 1301 ad
1258 1229 1416 1318 altenmr,
1447 1229 1596 1303 dicentes
1629 1239 1663 1301 et
1693 1231 1942 1327 respondentes:
1969 1234 2039 1308 San-

706 1355 792 1435 ctus,
819 1345 973 1418 Sanctus.

809 1461 985 1534 Sacerdos
1023 1463 1109 1533 dicit
1144 1461 1235 1532 banc
1269 1462 1476 1533 Orationem
1529 1460 1682 1535 Sanctus.
1725 1463 1880 1539 Sanctus.
1928 1466 2040 1540 Sanctus

705 1578 867 1650 Dominus
893 1588 1023 1675 potens.

809 1853 986 1926 Sacerdos
1008 1857 1230 1950 prosequitur
1256 1856 1363 1925 tacite
1388 1852 1479 1924 donc
1507 1853 1706 1926 Orationem
1731 1856 1965 1929 inclinationis.

809 2043 902 2116 Vere
927 2046 1070 2118 Domine
1097 2053 1234 2124 sanctus
1259 2065 1297 2116 es
1323 2053 1358 2115 et
1382 2043 1565 2116 laudandus
1593 2046 1627 2114 in
1654 2055 1832 2117 aeternum.
1868 2045 1998 2119 Sancus
2016 2069 2045 2118 es

702 2160 795 2233 Deus
822 2160 922 2234 Pater
948 2184 1052 2233 verus
1080 2160 1185 2250 solus,
1212 2171 1347 2234 sanctus
1374 2183 1507 2255 quoque
1533 2168 1586 2232 est
1610 2160 1754 2256 Spiritus
1780 2173 1931 2234 sanctus:
1953 2173 2047 2234 natura

703 2276 836 2366 divina,
872 2287 906 2349 et
938 2299 1004 2349 non
1035 2276 1138 2350 lacta:
1172 2279 1317 2349 omnium
1343 2276 1515 2364 conditor,
1550 2279 1606 2372 qui
1631 2278 1844 2367 naturaliter,
1880 2289 1914 2349 et
1937 2284 2046 2351 omnino

702 2413 786 2464 vere
813 2403 947 2465 sanctus
976 2414 1030 2465 es:
1058 2403 1093 2465 et
1118 2401 1267 2466 sanctum
1294 2413 1416 2465 nomen
1443 2396 1526 2485 ejus,
1553 2402 1589 2464 et
1614 2403 1730 2465 sancto
1757 2394 1949 2468 inhabitatio
1978 2398 2049 2487 ejus:

703 2512 758 2603 qui
792 2512 889 2580 etiam
921 2530 1006 2581 vere
1041 2508 1226 2581 sanctificat
1264 2529 1382 2581 omnes
1423 2512 1620 2604 quicumque
1659 2507 1749 2602 digni
1791 2522 1869 2583 sunt
1904 2515 2050 2608 suscipere

702 2626 823 2698 donum
850 2630 979 2718 gratiae
1012 2629 1095 2719 ejus.
1151 2623 1196 2698 Et
1228 2623 1403 2696 relerimus
1439 2623 1496 2697 tibi
1530 2623 1681 2713 laudem,
1708 2624 1868 2719 moriam,
1895 2631 2051 2720 graiarum

700 2745 885 2832 actionem,
918 2753 953 2815 et
987 2741 1234 2831 adorationem,
1266 2742 1378 2831 Patri,
1413 2751 1447 2813 et
1476 2740 1562 2813 Filio
1599 2751 1634 2812 et
1659 2741 1795 2838 Spiritui
1821 2756 1956 2834 sancto,
1983 2766 2052 2815 nunc

702 2868 736 2929 et
762 2880 907 2953 semper,
935 2870 968 2931 et
994 2862 1027 2931 in
1054 2857 1189 2930 saecula
1216 2855 1436 2931 saeculorum
1476 2857 1667 2930 Adoramos
1692 2868 1727 2930 te
1753 2858 1910 2952 Domine,
1936 2870 1968 2933 et
1982 2882 2051 2953 gru-
2149 2937 2154 2946 ,

702 2979 768 3047 tias
795 2979 925 3068 agimus
953 2975 1023 3062 tibi,
1050 2986 1085 3048 et
1110 2973 1335 3068 glorificamus
1362 2985 1395 3047 te
1421 2985 1559 3070 propter
1584 2978 1695 3048 omnia
1721 2986 1778 3046 tua
1802 2975 1966 3049 beneficia
1989 2995 2054 3066 erga

700 3114 781 3164 nos:
809 3095 884 3186 quia
912 3095 1035 3165 creasti
1061 3113 1125 3163 nos
1152 3113 1199 3163 ex
1224 3089 1336 3179 nibilo,
1363 3088 1548 3190 dignosque
1572 3089 1681 3163 fecisti
1705 3113 1770 3163 nos
1794 3090 1927 3166 bonore
1950 3112 2053 3184 magno
2089 3117 2091 3126 ’

700 3207 862 3280 libertatis
888 3219 933 3280 et:
948 3208 1204 3302 intelligentiae:
1232 3210 1286 3302 qui
1308 3216 1470 3304 perpetuo
1498 3217 1532 3279 et
1558 3229 1640 3299 erga
1666 3228 1934 3304 unumquemque
1961 3231 2053 3282 curam

699 3323 805 3397 babes
842 3325 1098 3398 conservandae
1129 3327 1223 3397 vitae
1252 3333 1400 3398 nostrae.
1454 3322 1577 3395 Coram
1616 3327 1747 3395 nomine
1780 3347 1907 3416 magno
1948 3336 1999 3396 tuo
2030 3333 2055 3394 ct

608 3451 617 3469 ⁸
699 3441 871 3514 tremendo
898 3465 1010 3536 genua
1036 3440 1211 3530 flectimus,
1239 3450 1272 3512 et
1290 3439 1488 3528 adoramus3
1514 3438 1752 3535 nobiscumque
1763 3439 1902 3512 landant
1928 3451 1961 3512 et
1984 3462 2053 3533 gro-

699 3560 764 3628 tias
791 3570 894 3650 agunt
920 3567 1037 3632 coetus
1063 3579 1181 3631 omnes
1203 3554 1407 3642 sublimium,
1428 3554 1671 3652 quodpropter
1696 3560 1839 3648 gratiam
1865 3568 1956 3628 amm
1981 3551 2055 3625 inel-

699 3671 833 3744 fabilem
861 3697 944 3767 erga
970 3697 1035 3747 nos
1060 3673 1224 3762 homines,
1250 3682 1285 3745 et
1310 3681 1449 3768 propter
1474 3682 1623 3745 nostram
1651 3672 1809 3761 salutem,
1839 3675 1856 3711 ⁴
1882 3673 2056 3765 unigenitus

698 3789 793 3861 Deus
826 3788 995 3879 Verbum,
1027 3813 1102 3862 cum
1138 3794 1251 3883 imago
1282 3790 1347 3862 Dei
1379 3799 1486 3876 esset,
1519 3810 1587 3861 non
1619 3791 1771 3883 rapinam
1802 3788 1983 3861 arbitratus
2014 3793 2055 3856 est

698 3927 777 3978 esse
810 3927 848 3979 se
882 3907 1056 4003 aequalem
1090 3905 1187 3996 Deo,
1222 3904 1282 3979 sed
1318 3909 1491 4001 seipsum
1525 3906 1727 3995 exinanivit,
1763 3915 1797 3977 et
1827 3903 2055 3976 simibtudinen

697 4026 790 4096 servi
818 4026 959 4120 accepit,
986 4020 1223 4117 descenditque
1251 4020 1294 4093 de
1318 4020 1427 4110 coelo,
1455 4020 1625 4117 induitque
1650 4019 1887 4094 humanitatem
1913 4030 2056 4106 noenum,

697 4161 822 4235 corpus
853 4138 994 4212 mortale
1027 4149 1060 4211 et
1092 4141 1235 4210 animam
1261 4135 1478 4226 rationalem,
1510 4136 1749 4229 intedigentem
1781 4148 1816 4209 et
1848 4134 2055 4208 immortalffl

696 4277 744 4327 ex
770 4255 911 4347 Virgine
942 4263 1073 4342 saneta,
1102 4276 1165 4351 par
1191 4256 1347 4325 dautem
1379 4254 1521 4349 Spiritus
1552 4257 1675 4326 suncti:
1711 4263 1745 4324 et
1772 4242 1839 4349 'per
1871 4252 1956 4325 illud
1985 4273 2055 4347 per·

694 4370 776 4442 fecit
801 4381 835 4442 et
862 4370 1043 4467 complevit
1068 4392 1202 4443 omnem
1222 4369 1502 4464 dispensationem
1529 4368 1615 4440 bana
1632 4391 1797 4462 magnam,
1825 4380 1860 4441 et
1885 4367 2056 4442 mbabilen

696 4509 781 4581 quae
809 4486 927 4559 dudum
954 4495 1155 4583 praeparata
1182 4496 1256 4559 erat
1287 4507 1350 4583 per
1383 4488 1638 4582 praescientiam
1670 4495 1759 4557 tuam
1791 4496 1870 4557 ante
1903 4488 2058 4559 comun-

694 4607 819 4674 tionem
846 4602 966 4675 mundi.
1010 4602 1095 4675 Eam
1122 4623 1255 4698 quoque
1281 4602 1490 4696 complevisti
1516 4601 1725 4697 postmodum
1752 4602 1964 4698 temporibus
1986 4598 2058 4674 nlti-

591 4709 593 4714 ’
694 4723 757 4790 nris
783 4718 989 4815 partilium
1016 4730 1106 4792 tuum
1131 4721 1333 4812 unigenitum
1359 4720 1534 4791 Dominum
1569 4727 1718 4790 ausuum
1744 4719 1861 4791 lesum
1889 4718 2054 4801 carmon

693 4838 728 4905 in
763 4858 830 4930 quo
862 4834 987 4908 habitat
1021 4840 1128 4908 omnis
1163 4834 1332 4931 plenitudo
1370 4835 1549 4908 divmitatis
1581 4833 1821 4931 corporaliter:
1848 4837 1992 4934 ipseque
2013 4841 2057 4904 m

695 4961 796 5046 caput
827 4950 1005 5024 Ecclesiae
1039 4962 1072 5023 et
1103 4954 1344 5048 primogenitus
1377 4973 1424 5023 ex
1449 4952 1605 5024 mortuis:
1642 4960 1676 5022 et
1708 4952 1782 5046 ipse
1817 4961 1871 5023 est
1905 4945 2056 5048 patrata
2134 4963 2151 5042 “,

695 5069 852 5157 omnium,
879 5091 900 5140 a
926 5090 991 5163 quo
1019 5070 1131 5140 omnia
1156 5066 1379 5164 perficiuntur.
1429 5068 1508 5164 lpse
1533 5065 1779 5164 perspiritum
1805 5077 2000 5158 aewrnnm,
2021 5083 2058 5138 se
