4525 6034
705 609 780 683 482
989 611 1347 690 Lttttltatn
1401 612 1777 692 conantis

808 798 995 872 Diacoaaa.
1047 799 1184 893 Surgite
1210 800 1252 872 ad
1280 803 1474 875 orationem.

808 916 992 989 Sacerdos.
1044 918 1120 989 Pax
1145 908 1244 990 vobis
1272 916 1433 990 omnibus.

810 1032 971 1125 Papulas.
1023 1032 1166 1105 Etcum
1194 1037 1311 1130 spiritu
1337 1036 1404 1106 tuoss

808 1148 992 1221 Sacerdos.
1045 1148 1188 1222 Domine
1214 1150 1307 1223 Deus
1334 1160 1461 1239 noster,
1488 1152 1543 1244 qui
1568 1149 1741 1246 Apostolis
1762 1151 1828 1221 tuis
1848 1153 1968 1222 sanctis
1988 1173 2057 1223 ma·

706 1261 870 1336 niiestasti
897 1269 1093 1362 mysterium
1126 1264 1258 1358 gloriae
1293 1264 1415 1339 Christi
1445 1269 1509 1355 tui,
1539 1288 1728 1360 magnaque
1760 1275 1795 1337 et
1826 1265 2057 1339 innumerabilia

706 1379 793 1452 dona
821 1383 870 1452 eis
897 1380 1026 1467 dedisti,
1054 1404 1142 1476 quae
1167 1385 1308 1474 gratiam
1335 1394 1423 1454 tuam
1451 1382 1582 1472 decent,
1608 1383 1791 1487 misistique
1818 1403 1878 1455 eos
1905 1383 1946 1455 ad
1962 1406 2057 1480 prae·

706 1495 880 1568 dicandum
906 1500 939 1568 in
973 1495 1125 1571 omnibus
1161 1498 1279 1571 linibus
1312 1498 1440 1587 mundi,
1473 1497 1603 1571 divitias
1639 1501 1769 1591 gratiae
1801 1506 1879 1569 tuae
1912 1501 2058 1587 occultae,

705 1624 740 1684 et
766 1613 1015 1711 misericordiae
1042 1624 1127 1685 tuae.
1180 1613 1224 1685 Et
1249 1636 1312 1686 nos
1339 1614 1483 1686 Domine
1507 1635 1667 1706 rogamus
1702 1623 1737 1685 et
1769 1614 1983 1710 deprecamur
2012 1628 2058 1703 te,

705 1738 741 1800 ut
766 1752 829 1801 nos
857 1728 976 1821 dignos
1004 1730 1126 1802 efficias
1153 1728 1359 1802 haereditate
1386 1741 1420 1803 et
1446 1733 1607 1803 societate
1633 1728 1781 1820 illorum,
1807 1741 1844 1803 ut
1870 1730 2057 1804 ambulemus

704 1849 739 1916 in
765 1848 829 1918 viis
858 1868 992 1936 eorum,
1024 1856 1059 1918 et
1092 1868 1271 1941 sequamur
1296 1849 1442 1939 vestigia
1475 1869 1600 1919 eorum.
1655 1845 1813 1919 Concede
1847 1851 1943 1919 etiam
1973 1848 2058 1920 nobis

703 1970 739 2031 ut
765 1983 898 2057 semper
923 1960 998 2035 illos
1024 1964 1209 2052 imitemur,
1242 1971 1277 2034 et
1310 1966 1344 2034 iu
1380 1985 1495 2036 amore
1528 1985 1642 2035 eorum
1677 1959 1896 2052 roboremur,
1930 1964 2058 2058 partici-

646 2072 659 2089 “
703 2098 832 2172 pesque
865 2082 967 2151 simus
999 2077 1152 2151 laborum
1185 2100 1321 2168 eornm,
1348 2083 1389 2176 pin
1422 2101 1508 2153 vero
1543 2080 1608 2151 Dei
1643 2078 1740 2151 cultu.
1801 2076 1939 2150 Custodi
1972 2082 2057 2149 etan

704 2192 848 2266 Domine
873 2193 1061 2267 Ecclesiam
1087 2205 1177 2266 tuam
1204 2204 1366 2283 sanctam,
1393 2217 1491 2290 quarn
1515 2216 1579 2289 per
1602 2194 1679 2268 illos
1704 2192 1868 2284 malasti,
1904 2203 1937 2266 et
1959 2192 2057 2265 bene-

706 2309 759 2380 dic
795 2332 880 2383 oves
912 2333 1061 2406 pascuae
1096 2321 1183 2382 tuae.
1244 2309 1424 2406 Multiplica
1445 2314 1591 2383 ¹vineam
1626 2313 1745 2399 istam,
1780 2333 1879 2404 quam
1913 2310 2058 2406 plantavit

706 2425 847 2497 dextera
874 2436 929 2497 tue
956 2436 1083 2517 sancta,
1109 2448 1171 2522 per
1196 2426 1310 2498 lesum
1333 2424 1498 2498 Christum
1516 2426 1693 2497 Dominum
1709 2438 1871 2517 nostrum,
1898 2448 2057 2523 perquem

706 2539 764 2612 tibi
792 2551 826 2614 et
852 2565 924 2614 cum
952 2564 1013 2631 eo,
1039 2543 1202 2638 simulque
1228 2565 1302 2615 cum
1328 2542 1451 2638 Spiritu
1478 2551 1611 2630 sancto,
1638 2553 1690 2614 est
1715 2544 1824 2635 gloria
1850 2552 1885 2615 et
1910 2551 2056 2639 potestus,

705 2670 853 2731 nuncet
880 2682 1024 2756 semper,
1051 2662 1144 2732 etin
1172 2657 1307 2732 saecula
1334 2658 1554 2732 saeculorum.
1606 2658 1726 2731 Amen.

810 2774 985 2848 Sacerdos
1010 2776 1127 2847 adolet
1151 2758 1324 2846 incensam
1349 2782 1384 2847 et
1416 2775 1509 2846 dicit.
1541 2796 1545 2803 ·
1570 2775 1713 2847 Domine
1745 2774 1838 2848 Deus
1873 2785 1985 2848 noster
2012 2774 2058 2866 qul

707 2894 883 2988 suscepisti
911 2891 1107 2965 sacrificium
1140 2889 1323 2963 Abrabemi
1355 2895 1459 2987 patris
1492 2894 1615 2977 nostri,
1650 2895 1727 2963 vice
1760 2892 1869 2964 Danai
1901 2891 1956 2963 lilii
1985 2889 2057 2980 epis,

707 3019 741 3080 et
767 3008 810 3079 ad
836 3031 911 3080 eum
937 3007 1023 3082 illius
1049 3007 1125 3080 loco
1162 3029 1282 3100 agnum
1318 3006 1492 3096 demisisti,
1523 3011 1569 3080 ita
1595 3007 1738 3079 Domine
1773 3010 1936 3104 suscipias
1967 3030 1985 3078 a
2013 3024 2057 3074 me

706 3125 846 3198 odorem
871 3123 957 3195 hunc
983 3123 1111 3211 thuns,
1142 3134 1177 3196 et
1201 3127 1294 3196 mitte
1321 3124 1466 3219 desuper
1492 3128 1564 3218 ejus
1590 3126 1683 3213 vice,
1718 3124 1850 3196 divitias
1880 3125 2005 3215 gratim
2031 3127 2071 3189 et·

707 3241 956 3313 misericordiae
982 3224 1077 3312 tuae:
1105 3226 1150 3311 et
1164 3250 1299 3335 praesta
1324 3241 1439 3331 nobis,
1472 3251 1508 3312 ut
1540 3242 1642 3313 simus
1668 3242 1742 3336 puri
1772 3239 1814 3312 ab
1849 3242 1939 3311 omni
1968 3234 2057 3309 odore

706 3362 850 3452 peccati:
877 3356 997 3453 lacque
1023 3378 1086 3428 nos
1114 3356 1233 3449 dignos
1259 3357 1463 3428 ministrandi
1488 3359 1522 3428 in
1549 3360 1738 3430 sanctuario
1765 3367 1882 3430 sancto
1906 3366 1971 3443 tuo,
1996 3372 2056 3423 cun

706 3477 849 3568 puritate
876 3486 910 3546 et
932 3477 1069 3568 justitia,
1096 3494 1118 3544 o
1146 3482 1276 3545 amator
1301 3472 1477 3568 bominum,
1504 3472 1656 3546 omnibus
1684 3470 1800 3544 (lichum
1825 3475 1920 3545 vitae
1939 3479 2056 3543 nostrae

706 3591 739 3659 in
765 3589 899 3662 laetitia.

812 3707 859 3777 Et
884 3710 1005 3778 iterem
1030 3706 1131 3777 dicet.
1183 3705 1364 3795 Memento,
1391 3714 1453 3787 etc.
1481 3712 1516 3775 at
1540 3704 1698 3794 Laetare,
1725 3713 1789 3776 ete.

811 3823 898 3895 Acta
925 3824 1146 3895 ministrorum
1172 3825 1266 3896 istium
1292 3823 1565 3919 praedicationis,
1597 3822 1732 3894 Petrum
1757 3831 1946 3895 nostrorum
1968 3819 2053 3913 Apo-

708 3938 880 4030 stolorum,
900 3961 1062 4034 ,purorum
1090 3950 1123 4011 et
1148 3940 1257 4030 gratia
1283 3939 1468 4035 plenorum,
1495 3937 1677 4009 electorum
1704 3946 1737 4008 et
1749 3941 1927 4031 justorum,
1951 3954 2053 4006 cunu-

708 4053 848 4127 latornm
875 4058 982 4148 matie
1009 4055 1152 4152 Spiritus
1179 4060 1304 4129 sancti:
1331 4059 1502 4159 orationes
1529 4063 1563 4125 et
1587 4052 1838 4126 benedictiones
1856 4072 1978 4125 eorum
2000 4069 2053 4119 cu-

709 4171 853 4244 stodiant
877 4195 941 4245 nos
968 4194 1084 4246 omnes
1111 4171 1317 4246 Christianos
1343 4177 1377 4245 in
1404 4171 1539 4245 saecula
1565 4169 1784 4245 saeculorum.
1835 4169 1953 4240 Amen.

812 4290 860 4360 Et
883 4297 962 4382 post
987 4291 1166 4361 lectionem
1191 4291 1338 4361 Aetnam
1363 4288 1607 4382 Apostolorsaa
1632 4285 1807 4358 Sacerdos
1833 4285 1927 4356 dicit.

812 4405 962 4478 Verbum
992 4407 1124 4479 Domini
1162 4427 1316 4498 magnum
1352 4412 1571 4501 propagatum
1607 4413 1660 4475 est
1695 4406 1728 4473 in
1760 4401 1916 4474 Ecclesia
1948 4404 2052 4479 senaa,

708 4522 977 4618 multiplicatique
1003 4532 1079 4595 sunt
1105 4526 1160 4617 qui
1188 4521 1442 4594 credideruntin
1463 4521 1638 4593 Dominum
1657 4530 1691 4592 et
1707 4517 1912 4592 salvatorem
1925 4526 2050 4590 rosum

708 4641 823 4712 lesum
851 4638 1032 4728 Christum,
1059 4643 1122 4735 ipsi
1150 4639 1258 4731 gloria
1284 4642 1316 4710 in
1344 4637 1479 4712 saecula
1506 4636 1724 4710 saeculorum.
1777 4634 1897 4707 Amen.

813 4754 974 4845 Sanctus,
1010 4754 1173 4844 Sanctus,
1209 4754 1369 4844 Sanctirs,
1402 4756 1495 4827 Deus
1523 4753 1624 4825 Pater
1650 4755 1867 4848 omnipotens.
1920 4748 2051 4828 sancus

709 4871 869 4963 Sanctus,
906 4872 1065 4959 Sanctus,
1099 4871 1203 4944 Filius
1238 4873 1375 4962 unicus,
1418 4868 1566 4941 Verbum
1599 4869 1708 4941 Patris
1743 4871 1868 4941 vivum.
1920 4866 2049 4944 Sanctius,

681 4970 870 5079 Sanctus,
897 4989 1060 5080 Sanctus,
1087 4987 1229 5083 Spiritus
1256 4996 1410 5078 sanctus,
1437 4990 1546 5060 sciens
1574 4989 1691 5059 omnia.

812 5105 998 5178 Diaconos.
1051 5104 1188 5197 Surgite
1214 5104 1256 5176 ad
1283 5108 1477 5177 orationem,
