4525 6034
700 565 774 640 160
1032 566 1727 646 LITURGIAPETRIIL

798 753 984 826 Sacerdos.
1036 756 1120 828 Pax.
1327 754 1489 849 Populos.
1541 756 1586 831 Et
1611 780 1696 829 cum.

799 871 987 942 Diaconos.
1039 872 1162 944 lterum
1189 881 1288 967 atque
1314 874 1442 943 iterum.

800 986 985 1058 Sacerdos.
1040 988 1204 1078 Demitte,
1238 988 1396 1076 Domine,
1432 1011 1564 1061 manum
1590 1001 1692 1077 tuarn,
1726 998 1760 1060 et
1785 986 1925 1060 benedic
1949 993 2050 1064 servis

696 1105 761 1174 tuis
787 1102 867 1190 illis,
896 1106 950 1198 qui
977 1103 1029 1174 bic
1056 1108 1254 1196 congregati
1281 1112 1376 1192 sunt,
1402 1104 1531 1177 custodi
1558 1127 1619 1179 eos
1646 1108 1744 1197 signo
1771 1110 1879 1178 crucis
1904 1115 1997 1196 tuac,
2022 1116 2051 1177 et

696 1228 770 1291 osto
804 1223 854 1291 eis
889 1219 1077 1308 latibulum,
1111 1230 1146 1292 ct
1179 1219 1345 1312 retugium
1380 1218 1422 1291 ab
1455 1224 1622 1296 universis
1654 1221 1805 1295 hostibus
1837 1221 1990 1317 publicis,
2022 1233 2053 1294 ot

697 1334 852 1422 occultis,
887 1345 922 1407 et
947 1336 1071 1431 perfice
1098 1359 1160 1409 eos
1187 1335 1299 1409 effiisis
1325 1336 1609 1413 benedictionibus
1635 1342 1716 1429 tuis,
1749 1350 1786 1412 ut
1818 1362 1896 1427 nos,
1930 1349 1964 1411 et
1992 1341 2051 1434 ipsi

697 1452 881 1524 reseramus
908 1451 967 1524 tibi
993 1451 1145 1544 glorium.
1353 1453 1514 1549 Populos.
1566 1456 1685 1529 Amen.

801 1567 988 1640 Diaconos.
1040 1567 1188 1640 Benedic
1214 1568 1366 1642 Domine.

799 1684 982 1757 Sacerdos.
1035 1684 1182 1757 Benedic
1209 1685 1373 1759 omnibus.

800 1800 986 1873 Diaconos.
1038 1801 1251 1874 Benedicam.

1105 2074 1654 2124 ww-

855 2472 936 2564 ΙΝ
986 2473 1489 2567 triousion
1540 2476 1798 2568 PETRI
1848 2476 1897 2566 Π.

1261 2684 1490 2769 tto-tit.

1291 2914 1325 2987 1.
1358 2915 1468 2986 Petri.

786 3122 877 3217 Quia
899 3134 937 3198 ad
959 3135 1091 3217 priorem
1106 3136 1271 3219 Liturgianr
1294 3135 1373 3198 dicta
1395 3142 1464 3198 sunt
1486 3134 1525 3198 de
1549 3132 1644 3213 titulo,
1669 3152 1735 3195 curn
1746 3134 1827 3195 Petri
1850 3136 1979 3211 nomine,
1998 3152 2054 3197 non

694 3239 790 3302 minus
813 3239 850 3300 ad
871 3239 956 3300 istam
979 3239 1141 3320 pertinent.
1187 3239 1274 3313 Quod
1296 3240 1399 3321 plures
1415 3240 1496 3302 Petri
1517 3237 1807 3301 nominetacobitae
1822 3237 1963 3316 habeant,
1986 3237 2053 3301 iecit

676 3327 754 3401 'non
776 3337 866 3400 modo
888 3338 1104 3419 Apostolorum
1134 3341 1278 3421 principis
1307 3339 1452 3423 dignitas,
1482 3339 1537 3402 sod
1559 3337 1641 3419 quod
1662 3337 1870 3401 Antiochenac
1892 3338 2052 3414 Ecclesiae,

693 3439 778 3521 cujus
809 3437 988 3519 amplissima
1016 3439 1174 3504 Dioecesis
1204 3441 1320 3521 Syriam
1349 3446 1380 3502 et
1410 3438 1482 3501 alias
1510 3439 1697 3520 provincias,
1727 3438 1778 3500 ubi
1806 3437 1932 3519 Syriaca
1958 3438 2054 3519 lingua

692 3538 816 3620 vigebat
846 3537 1119 3619 complectebatur,
1161 3542 1267 3604 Petrus
1302 3537 1442 3602 fundator
1464 3537 1571 3602 suerat.
1623 3536 1698 3600 Cum
1720 3546 1819 3601 tamen
1841 3546 1965 3619 praeter
1985 3537 2053 3599 duas

694 3655 773 3718 quae
795 3637 850 3699 sub
874 3638 939 3718 ejus
961 3638 1080 3700 nornine
1103 3639 1201 3702 editae
1223 3645 1292 3702 sunt
1314 3636 1482 3719 Liturgias,
1511 3637 1584 3699 alias
1612 3636 1741 3700 habeant
1769 3653 1806 3698 eo
1830 3638 1965 3714 nominc,
1993 3635 2052 3699 beri

692 3735 790 3818 potuit
811 3745 844 3799 ut
865 3755 926 3800 non
948 3738 1129 3819 Apostolum
1152 3738 1362 3822 designarent,
1385 3737 1438 3800 sed
1463 3735 1665 3818 Gnaphaeunr,
1688 3735 1872 3800 Jacobiticae
1895 3736 2050 3800 haereseos

694 3837 963 3916 pertinacissimum
985 3848 1252 3921 propugnatorem.
1297 3838 1381 3900 iilum
1409 3839 1488 3900 enim
1516 3845 1547 3899 ut
1578 3846 1609 3899 et
1636 3839 1755 3900 Petrum
1783 3836 1940 3916 quemdam
1963 3836 2051 3912 aliun,

694 3933 907 4015 Apamieusern
928 3935 1083 4017 fortassis,
1113 3938 1145 4001 in
1167 3937 1324 4020 Diptycbis
1347 3956 1413 4000 curu
1435 3937 1551 4000 honore
1574 3936 1814 3999 collocaverunt:
1846 3944 1876 3997 et
1904 3936 2051 3998 intereos

695 4052 822 4115 quorum
845 4034 1009 4098 doctrinam
1031 4039 1118 4118 sequi
1140 4057 1176 4100 se
1198 4037 1387 4119 profitentur,
1410 4045 1479 4100 ante
1498 4037 1723 4100 Ordinationenr
1738 4034 1919 4100 Sacerdotes
1942 4034 2051 4114 etEpi-

695 4136 792 4216 scopi,
815 4136 864 4197 isti
887 4145 1089 4199 numerantur.

1108 4432 1144 4503 2.
1185 4433 1347 4528 Accipite
1373 4437 1407 4503 ct
1432 4399 1642 4502 manducate.

813 4623 850 4702 lu
876 4635 1030 4718 plerisque
1060 4636 1148 4718 buJ'us
1176 4636 1330 4721 Liturgiae
1358 4635 1518 4701 Codicibus
1541 4635 1613 4698 biss.
1641 4642 1699 4697 uni
1720 4633 1779 4695 illis
1803 4653 1880 4715 quos
1903 4634 2044 4697 babuimus

696 4758 736 4802 ex
754 4739 947 4802 bibliothecis
970 4739 1167 4822 Seguieriona
1190 4750 1221 4804 et
1243 4740 1426 4820 Colbertina,
1449 4758 1536 4820 quarn
1558 4738 1669 4801 inillis
1692 4755 1768 4819 quos
1790 4738 1908 4800 viderat
1930 4740 2044 4801 Faustus

693 4838 855 4918 Naironus,
879 4839 974 4903 sonna
995 4839 1157 4902 verborum
1180 4839 1290 4904 Christi
1311 4842 1352 4903 ita
1375 4844 1559 4923 concipitur:
1602 4838 1738 4918 Accipite
1758 4847 1788 4900 et
1808 4836 2044 4913 mondoum

693 4941 900 5002 rernuoiooem
919 4947 1114 5020 peccatomm
1136 4948 1166 5003 et
1185 4942 1279 5004 citum
1300 4948 1464 5005 mmmm.
1500 4940 1538 5003 Et
1556 4940 1587 5000 in
1609 4933 1704 5001 iorrna
1726 4937 1826 5001 calicis
1849 4933 2040 5001 benedicendi.

693 5035 829 5120 Accipite
850 5046 880 5100 et
900 5038 991 5102 bibite
1012 5060 1053 5103 ce
1074 5059 1110 5103 eo
1131 5058 1188 5103 coa
1203 5060 1314 5122 omnes,
1336 5042 1584 5105 inremissionem
1593 5044 1789 5120 peccatorum
1802 5047 1833 5102 et
1846 5042 1938 5101 odom
1951 5043 2039 5098 mun
