<?xml version="1.0" encoding="UTF-8"?>
<!DOCTYPE html PUBLIC "-//W3C//DTD XHTML 1.0 Transitional//EN"
    "http://www.w3.org/TR/xhtml1/DTD/xhtml1-transitional.dtd">
<html xmlns="http://www.w3.org/1999/xhtml" xml:lang="en" lang="en">
 <head>
  <title>
</title>
<meta http-equiv="Content-Type" content="text/html;charset=utf-8" />
  <meta name='ocr-system' content='tesseract 3.04.00' />
  <meta name='ocr-capabilities' content='ocr_page ocr_carea ocr_par ocr_line ocrx_word'/>
</head>
<body>
  <div class='ocr_page' id='page_1' title='image "./liturgiarumorie00unkngoog/liturgiarumorie00unkngoog_0974.png"; bbox 0 0 4525 6034; ppageno 0'>
   <div class='ocr_carea' id='block_1_1' title="bbox 663 557 1537 640">
    <p class='ocr_par' dir='ltr' id='par_1_1' title="bbox 663 557 1537 640">
     <span class='ocr_line' id='line_1_1' title="bbox 663 557 1537 640; baseline -0.009 0"><span class='ocrx_word' id='word_1_1' title='bbox 663 565 740 640; x_wconf 85' lang='grc'><strong>264</strong></span> <span class='ocrx_word' id='word_1_2' title='bbox 1174 557 1537 636; x_wconf 82' lang='lat' dir='ltr'>LITURGIA</span> 
     </span>
    </p>
   </div>
   <div class='ocr_carea' id='block_1_2' title="bbox 660 737 2039 1077">
    <p class='ocr_par' dir='ltr' id='par_1_2' title="bbox 660 737 2039 1077">
     <span class='ocr_line' id='line_1_2' title="bbox 660 737 2038 849; baseline -0.011 -26"><span class='ocrx_word' id='word_1_3' title='bbox 660 756 825 849; x_wconf 87' lang='lat' dir='ltr'><strong>ptionem:</strong></span> <span class='ocrx_word' id='word_1_4' title='bbox 852 773 975 847; x_wconf 92' lang='lat' dir='ltr'><strong>corpus</strong></span> <span class='ocrx_word' id='word_1_5' title='bbox 1002 754 1105 822; x_wconf 89' lang='lat' dir='ltr'><strong>vitam</strong></span> <span class='ocrx_word' id='word_1_6' title='bbox 1132 767 1356 844; x_wconf 87' lang='lat' dir='ltr'><strong>praeparans:</strong></span> <span class='ocrx_word' id='word_1_7' title='bbox 1384 766 1507 839; x_wconf 89' lang='lat' dir='ltr'><strong>corpus</strong></span> <span class='ocrx_word' id='word_1_8' title='bbox 1533 745 1637 839; x_wconf 90' lang='lat' dir='ltr'><strong>ipsius</strong></span> <span class='ocrx_word' id='word_1_9' title='bbox 1653 740 1759 813; x_wconf 91' lang='lat' dir='ltr'><strong>Verbi</strong></span> <span class='ocrx_word' id='word_1_10' title='bbox 1777 742 1842 813; x_wconf 88' lang='lat' dir='ltr'><strong>Dei</strong></span> <span class='ocrx_word' id='word_1_11' title='bbox 1859 749 1894 810; x_wconf 92' lang='lat' dir='ltr'><strong>et</strong></span> <span class='ocrx_word' id='word_1_12' title='bbox 1909 737 2038 810; x_wconf 88' lang='lat' dir='ltr'><strong>Salva-</strong></span> 
     </span>
     <span class='ocr_line' id='line_1_3' title="bbox 661 861 2039 955; baseline -0.012 -15"><span class='ocrx_word' id='word_1_13' title='bbox 661 872 743 941; x_wconf 90' lang='lat' dir='ltr'><strong>toris</strong></span> <span class='ocrx_word' id='word_1_14' title='bbox 757 870 862 939; x_wconf 78' lang='lat' dir='ltr'><strong>nostri</strong></span> <span class='ocrx_word' id='word_1_15' title='bbox 875 867 958 938; x_wconf 87' lang='lat' dir='ltr'><strong>Jesu</strong></span> <span class='ocrx_word' id='word_1_16' title='bbox 973 865 1106 951; x_wconf 81' lang='lat' dir='ltr'>Christi,</span> <span class='ocrx_word' id='word_1_17' title='bbox 1135 861 1177 934; x_wconf 90' lang='lat' dir='ltr'><strong>ad</strong></span> <span class='ocrx_word' id='word_1_18' title='bbox 1198 864 1429 933; x_wconf 82' lang='lat' dir='ltr'><strong>remissionem</strong></span> <span class='ocrx_word' id='word_1_19' title='bbox 1447 870 1676 955; x_wconf 83' lang='lat' dir='ltr'><strong>peccatorum,</strong></span> <span class='ocrx_word' id='word_1_20' title='bbox 1703 869 1737 928; x_wconf 89' lang='lat' dir='ltr'><strong>et</strong></span> <span class='ocrx_word' id='word_1_21' title='bbox 1751 861 1854 929; x_wconf 89' lang='lat' dir='ltr'><strong>vitam</strong></span> <span class='ocrx_word' id='word_1_22' title='bbox 1869 865 2039 927; x_wconf 88' lang='lat' dir='ltr'><strong>aeternam</strong></span> 
     </span>
     <span class='ocr_line' id='line_1_4' title="bbox 662 980 1035 1077; baseline -0.016 -21"><span class='ocrx_word' id='word_1_23' title='bbox 662 984 918 1077; x_wconf 80' lang='lat' dir='ltr'><strong>suscipientibus</strong></span> <span class='ocrx_word' id='word_1_24' title='bbox 946 980 1035 1054; x_wconf 89' lang='lat' dir='ltr'><strong>illud.</strong></span> 
     </span>
    </p>
   </div>
   <div class='ocr_carea' id='block_1_3' title="bbox 767 1097 2039 1303">
    <p class='ocr_par' dir='ltr' id='par_1_3' title="bbox 767 1097 2039 1303">
     <span class='ocr_line' id='line_1_5' title="bbox 769 1097 1105 1190; baseline -0.009 -23"><span class='ocrx_word' id='word_1_25' title='bbox 769 1097 931 1190; x_wconf 82' lang='lat' dir='ltr'><strong>Populos.</strong></span> <span class='ocrx_word' id='word_1_26' title='bbox 985 1100 1105 1169; x_wconf 84' lang='lat' dir='ltr'><strong>Amen.</strong></span> 
     </span>
     <span class='ocr_line' id='line_1_6' title="bbox 767 1205 2039 1303; baseline -0.007 -19"><span class='ocrx_word' id='word_1_27' title='bbox 767 1213 952 1285; x_wconf 78' lang='lat' dir='ltr'><strong><em>Sacerdos.</em></strong></span> <span class='ocrx_word' id='word_1_28' title='bbox 1003 1211 1048 1283; x_wconf 91' lang='lat' dir='ltr'><strong>Et</strong></span> <span class='ocrx_word' id='word_1_29' title='bbox 1073 1213 1187 1280; x_wconf 89' lang='lat' dir='ltr'><strong>vinum</strong></span> <span class='ocrx_word' id='word_1_30' title='bbox 1214 1211 1361 1295; x_wconf 87' lang='lat' dir='ltr'><strong>mistum,</strong></span> <span class='ocrx_word' id='word_1_31' title='bbox 1396 1206 1485 1303; x_wconf 91' lang='lat' dir='ltr'><strong>quod</strong></span> <span class='ocrx_word' id='word_1_32' title='bbox 1512 1217 1565 1278; x_wconf 88' lang='lat' dir='ltr'><strong>est</strong></span> <span class='ocrx_word' id='word_1_33' title='bbox 1597 1209 1631 1277; x_wconf 94' lang='lat' dir='ltr'><strong>in</strong></span> <span class='ocrx_word' id='word_1_34' title='bbox 1665 1205 1729 1277; x_wconf 93' lang='lat' dir='ltr'><strong>boc</strong></span> <span class='ocrx_word' id='word_1_35' title='bbox 1762 1205 1883 1292; x_wconf 90' lang='lat' dir='ltr'><strong>calice,</strong></span> <span class='ocrx_word' id='word_1_36' title='bbox 1923 1213 2039 1275; x_wconf 87' lang='lat' dir='ltr'><strong>trans-</strong></span> 
     </span>
    </p>
   </div>
   <div class='ocr_carea' id='block_1_4' title="bbox 661 1322 2040 5112">
    <p class='ocr_par' dir='ltr' id='par_1_4' title="bbox 661 1322 2040 1882">
     <span class='ocr_line' id='line_1_7' title="bbox 663 1322 2038 1424; baseline -0.008 -23"><span class='ocrx_word' id='word_1_37' title='bbox 663 1342 777 1416; x_wconf 80' lang='lat' dir='ltr'><strong>mutet,</strong></span> <span class='ocrx_word' id='word_1_38' title='bbox 804 1340 839 1400; x_wconf 89' lang='lat' dir='ltr'><strong>et</strong></span> <span class='ocrx_word' id='word_1_39' title='bbox 863 1328 1013 1424; x_wconf 87' lang='lat' dir='ltr'><strong>perficiat</strong></span> <span class='ocrx_word' id='word_1_40' title='bbox 1028 1329 1225 1418; x_wconf 88' lang='lat' dir='ltr'><strong>sangninem</strong></span> <span class='ocrx_word' id='word_1_41' title='bbox 1252 1328 1360 1420; x_wconf 91' lang='lat' dir='ltr'><strong>ipsum</strong></span> <span class='ocrx_word' id='word_1_42' title='bbox 1374 1327 1428 1418; x_wconf 94' lang='lat' dir='ltr'><strong>qui</strong></span> <span class='ocrx_word' id='word_1_43' title='bbox 1456 1322 1579 1394; x_wconf 83' lang='lat' dir='ltr'><strong>effusus</strong></span> <span class='ocrx_word' id='word_1_44' title='bbox 1606 1333 1658 1396; x_wconf 88' lang='lat' dir='ltr'><strong>est</strong></span> <span class='ocrx_word' id='word_1_45' title='bbox 1683 1345 1745 1418; x_wconf 89' lang='lat' dir='ltr'><strong>pro</strong></span> <span class='ocrx_word' id='word_1_46' title='bbox 1772 1322 1871 1394; x_wconf 92' lang='lat' dir='ltr'><strong>nobis</strong></span> <span class='ocrx_word' id='word_1_47' title='bbox 1897 1325 1931 1391; x_wconf 91' lang='lat' dir='ltr'><strong>in</strong></span> <span class='ocrx_word' id='word_1_48' title='bbox 1952 1343 2038 1391; x_wconf 86' lang='lat' dir='ltr'><strong>ver-</strong></span> 
     </span>
     <span class='ocr_line' id='line_1_8' title="bbox 662 1436 2040 1537; baseline -0.008 -20"><span class='ocrx_word' id='word_1_49' title='bbox 662 1451 729 1517; x_wconf 88' lang='lat' dir='ltr'><strong>tice</strong></span> <span class='ocrx_word' id='word_1_50' title='bbox 755 1442 960 1537; x_wconf 86' lang='lat' dir='ltr'><strong>Golgothae:</strong></span> <span class='ocrx_word' id='word_1_51' title='bbox 988 1444 1308 1534; x_wconf 58' lang='lat' dir='ltr'><strong>sanguinem‘ipsum</strong></span> <span class='ocrx_word' id='word_1_52' title='bbox 1323 1443 1380 1534; x_wconf 91' lang='lat' dir='ltr'><strong>qui</strong></span> <span class='ocrx_word' id='word_1_53' title='bbox 1393 1438 1643 1533; x_wconf 84' lang='lat' dir='ltr'><strong>stillavitsuper</strong></span> <span class='ocrx_word' id='word_1_54' title='bbox 1658 1449 1791 1526; x_wconf 90' lang='lat' dir='ltr'><strong>terram,</strong></span> <span class='ocrx_word' id='word_1_55' title='bbox 1818 1448 1852 1509; x_wconf 89' lang='lat' dir='ltr'><strong>et</strong></span> <span class='ocrx_word' id='word_1_56' title='bbox 1870 1436 2040 1509; x_wconf 82' lang='lat' dir='ltr'><strong>mundarit</strong></span> 
     </span>
     <span class='ocr_line' id='line_1_9' title="bbox 661 1554 2039 1653; baseline -0.006 -21"><span class='ocrx_word' id='word_1_57' title='bbox 661 1560 750 1632; x_wconf 90' lang='lat' dir='ltr'><strong>illam</strong></span> <span class='ocrx_word' id='word_1_58' title='bbox 779 1583 798 1630; x_wconf 92' lang='lat' dir='ltr'><strong>a</strong></span> <span class='ocrx_word' id='word_1_59' title='bbox 825 1569 986 1653; x_wconf 88' lang='lat' dir='ltr'><strong>peccato:</strong></span> <span class='ocrx_word' id='word_1_60' title='bbox 1014 1559 1207 1648; x_wconf 87' lang='lat' dir='ltr'><strong>sanguinem</strong></span> <span class='ocrx_word' id='word_1_61' title='bbox 1242 1559 1334 1626; x_wconf 86' lang='lat' dir='ltr'><strong>vitae</strong></span> <span class='ocrx_word' id='word_1_62' title='bbox 1369 1554 1671 1651; x_wconf 75' lang='lat' dir='ltr'><strong>praeparatorium:</strong></span> <span class='ocrx_word' id='word_1_63' title='bbox 1706 1558 1903 1645; x_wconf 92' lang='lat' dir='ltr'><strong>sanguinem</strong></span> <span class='ocrx_word' id='word_1_64' title='bbox 1937 1556 2039 1649; x_wconf 86' lang='lat' dir='ltr'><strong>ipsius</strong></span> 
     </span>
     <span class='ocr_line' id='line_1_10' title="bbox 663 1668 2039 1768; baseline -0.005 -23"><span class='ocrx_word' id='word_1_65' title='bbox 663 1674 817 1763; x_wconf 80' lang='lat' dir='ltr'><strong>Domini,</strong></span> <span class='ocrx_word' id='word_1_66' title='bbox 843 1672 949 1745; x_wconf 92' lang='lat' dir='ltr'><strong>Verbi</strong></span> <span class='ocrx_word' id='word_1_67' title='bbox 975 1672 1100 1768; x_wconf 19' lang='lat' dir='ltr'><strong>Dci&#39;et</strong></span> <span class='ocrx_word' id='word_1_68' title='bbox 1126 1670 1316 1743; x_wconf 87' lang='lat' dir='ltr'><strong>Salvatoris</strong></span> <span class='ocrx_word' id='word_1_69' title='bbox 1343 1671 1424 1744; x_wconf 87' lang='lat' dir='ltr'><strong>Jesu</strong></span> <span class='ocrx_word' id='word_1_70' title='bbox 1453 1668 1595 1758; x_wconf 78' lang='lat' dir='ltr'><strong>Christi,</strong></span> <span class='ocrx_word' id='word_1_71' title='bbox 1623 1669 1665 1741; x_wconf 89' lang='lat' dir='ltr'><strong>ad</strong></span> <span class='ocrx_word' id='word_1_72' title='bbox 1692 1672 1924 1740; x_wconf 85' lang='lat' dir='ltr'><strong>remissionem</strong></span> <span class='ocrx_word' id='word_1_73' title='bbox 1952 1691 2039 1765; x_wconf 87' lang='lat' dir='ltr'><strong>pec-</strong></span> 
     </span>
     <span class='ocr_line' id='line_1_11' title="bbox 663 1785 1636 1882; baseline -0.006 -20"><span class='ocrx_word' id='word_1_74' title='bbox 663 1803 832 1877; x_wconf 89' lang='lat' dir='ltr'><strong>catorum,</strong></span> <span class='ocrx_word' id='word_1_75' title='bbox 860 1801 894 1861; x_wconf 89' lang='lat' dir='ltr'><strong>et</strong></span> <span class='ocrx_word' id='word_1_76' title='bbox 920 1793 1024 1862; x_wconf 84' lang='lat' dir='ltr'><strong>vitam</strong></span> <span class='ocrx_word' id='word_1_77' title='bbox 1052 1798 1224 1859; x_wconf 85' lang='lat' dir='ltr'><strong>aeternam</strong></span> <span class='ocrx_word' id='word_1_78' title='bbox 1252 1787 1510 1882; x_wconf 82' lang='lat' dir='ltr'><strong>suscipientibus</strong></span> <span class='ocrx_word' id='word_1_79' title='bbox 1538 1785 1636 1857; x_wconf 88' lang='lat' dir='ltr'><strong>illum.</strong></span> 
     </span>
    </p>

    <p class='ocr_par' dir='ltr' id='par_1_5' title="bbox 767 1905 1101 1998">
     <span class='ocr_line' id='line_1_12' title="bbox 767 1905 1101 1998; baseline -0.009 -22"><span class='ocrx_word' id='word_1_80' title='bbox 767 1905 929 1998; x_wconf 79' lang='lat' dir='ltr'><strong>Populos.</strong></span> <span class='ocrx_word' id='word_1_81' title='bbox 981 1906 1101 1976; x_wconf 84' lang='lat' dir='ltr'><strong>Amen.</strong></span> 
     </span>
    </p>

    <p class='ocr_par' dir='ltr' id='par_1_6' title="bbox 663 2013 2040 2690">
     <span class='ocr_line' id='line_1_13' title="bbox 768 2013 2040 2113; baseline -0.002 -22"><span class='ocrx_word' id='word_1_82' title='bbox 768 2020 954 2092; x_wconf 83' lang='lat' dir='ltr'><strong>Sacerdos.</strong></span> <span class='ocrx_word' id='word_1_83' title='bbox 1007 2019 1052 2090; x_wconf 93' lang='lat' dir='ltr'><strong>Ut</strong></span> <span class='ocrx_word' id='word_1_84' title='bbox 1078 2040 1194 2090; x_wconf 90' lang='lat' dir='ltr'><strong>omnes</strong></span> <span class='ocrx_word' id='word_1_85' title='bbox 1223 2022 1277 2111; x_wconf 90' lang='lat' dir='ltr'><strong>qui</strong></span> <span class='ocrx_word' id='word_1_86' title='bbox 1303 2016 1368 2089; x_wconf 92' lang='lat' dir='ltr'><strong>illis</strong></span> <span class='ocrx_word' id='word_1_87' title='bbox 1395 2013 1682 2087; x_wconf 87' lang='lat' dir='ltr'><strong>communicabunt</strong></span> <span class='ocrx_word' id='word_1_88' title='bbox 1707 2021 1840 2088; x_wconf 86' lang='lat' dir='ltr'><strong>veniam</strong></span> <span class='ocrx_word' id='word_1_89' title='bbox 1877 2021 2040 2113; x_wconf 87' lang='lat' dir='ltr'><strong>accipiant</strong></span> 
     </span>
     <span class='ocr_line' id='line_1_14' title="bbox 664 2132 2038 2225; baseline -0.003 -18"><span class='ocrx_word' id='word_1_90' title='bbox 664 2136 859 2208; x_wconf 87' lang='lat' dir='ltr'><strong>delictorum</strong></span> <span class='ocrx_word' id='word_1_91' title='bbox 886 2157 1037 2208; x_wconf 88' lang='lat' dir='ltr'><strong>suorum:</strong></span> <span class='ocrx_word' id='word_1_92' title='bbox 1064 2138 1269 2206; x_wconf 86' lang='lat' dir='ltr'><strong>remittantur</strong></span> <span class='ocrx_word' id='word_1_93' title='bbox 1295 2132 1359 2204; x_wconf 92' lang='lat' dir='ltr'><strong>illis</strong></span> <span class='ocrx_word' id='word_1_94' title='bbox 1387 2153 1473 2225; x_wconf 86' lang='lat' dir='ltr'><strong>quae</strong></span> <span class='ocrx_word' id='word_1_95' title='bbox 1500 2133 1694 2224; x_wconf 86' lang='lat' dir='ltr'><strong>insipienter</strong></span> <span class='ocrx_word' id='word_1_96' title='bbox 1727 2144 1887 2222; x_wconf 90' lang='lat' dir='ltr'><strong>egerunt:</strong></span> <span class='ocrx_word' id='word_1_97' title='bbox 1922 2134 2038 2205; x_wconf 87' lang='lat' dir='ltr'><strong>intirmi</strong></span> 
     </span>
     <span class='ocr_line' id='line_1_15' title="bbox 663 2244 2038 2344; baseline -0.004 -19"><span class='ocrx_word' id='word_1_98' title='bbox 663 2256 855 2336; x_wconf 89' lang='lat' dir='ltr'><strong>intereos,</strong></span> <span class='ocrx_word' id='word_1_99' title='bbox 883 2253 1057 2322; x_wconf 90' lang='lat' dir='ltr'><strong>sanitatem</strong></span> <span class='ocrx_word' id='word_1_100' title='bbox 1084 2252 1264 2344; x_wconf 91' lang='lat' dir='ltr'><strong>recipiant:</strong></span> <span class='ocrx_word' id='word_1_101' title='bbox 1292 2257 1491 2342; x_wconf 84' lang='lat' dir='ltr'><strong>peccatores</strong></span> <span class='ocrx_word' id='word_1_102' title='bbox 1518 2268 1579 2340; x_wconf 89' lang='lat' dir='ltr'><strong>per</strong></span> <span class='ocrx_word' id='word_1_103' title='bbox 1605 2244 1660 2315; x_wconf 87' lang='lat' dir='ltr'><strong>illa</strong></span> <span class='ocrx_word' id='word_1_104' title='bbox 1690 2246 1932 2337; x_wconf 81' lang='lat' dir='ltr'><strong>justificentur,</strong></span> <span class='ocrx_word' id='word_1_105' title='bbox 1961 2250 2038 2340; x_wconf 89' lang='lat' dir='ltr'><strong>justi</strong></span> 
     </span>
     <span class='ocr_line' id='line_1_16' title="bbox 663 2361 2037 2462; baseline -0.004 -23"><span class='ocrx_word' id='word_1_106' title='bbox 663 2366 869 2462; x_wconf 85' lang='lat' dir='ltr'><strong>peneadem</strong></span> <span class='ocrx_word' id='word_1_107' title='bbox 897 2364 1113 2459; x_wconf 88' lang='lat' dir='ltr'><strong>triumphent,</strong></span> <span class='ocrx_word' id='word_1_108' title='bbox 1141 2362 1266 2458; x_wconf 88' lang='lat' dir='ltr'><strong>tibique</strong></span> <span class='ocrx_word' id='word_1_109' title='bbox 1299 2362 1443 2434; x_wconf 88' lang='lat' dir='ltr'><strong>Domine</strong></span> <span class='ocrx_word' id='word_1_110' title='bbox 1477 2371 1510 2432; x_wconf 91' lang='lat' dir='ltr'><strong>et</strong></span> <span class='ocrx_word' id='word_1_111' title='bbox 1541 2361 1634 2448; x_wconf 89' lang='lat' dir='ltr'><strong>Deus</strong></span> <span class='ocrx_word' id='word_1_112' title='bbox 1661 2372 1778 2434; x_wconf 88' lang='lat' dir='ltr'><strong>noster</strong></span> <span class='ocrx_word' id='word_1_113' title='bbox 1812 2361 1957 2453; x_wconf 86' lang='lat' dir='ltr'><strong>gloriam</strong></span> <span class='ocrx_word' id='word_1_114' title='bbox 1984 2367 2037 2434; x_wconf 94' lang='lat' dir='ltr'><strong>in-</strong></span> 
     </span>
     <span class='ocr_line' id='line_1_17' title="bbox 664 2477 2038 2572; baseline 0 -19"><span class='ocrx_word' id='word_1_115' title='bbox 664 2482 855 2554; x_wconf 88' lang='lat' dir='ltr'><strong>desinenter</strong></span> <span class='ocrx_word' id='word_1_116' title='bbox 880 2480 1047 2567; x_wconf 88' lang='lat' dir='ltr'><strong>relerant,</strong></span> <span class='ocrx_word' id='word_1_117' title='bbox 1075 2490 1108 2549; x_wconf 91' lang='lat' dir='ltr'><strong>et</strong></span> <span class='ocrx_word' id='word_1_118' title='bbox 1139 2477 1225 2550; x_wconf 87' lang='lat' dir='ltr'><strong>Filio</strong></span> <span class='ocrx_word' id='word_1_119' title='bbox 1260 2489 1315 2549; x_wconf 93' lang='lat' dir='ltr'><strong>tuo</strong></span> <span class='ocrx_word' id='word_1_120' title='bbox 1347 2479 1540 2568; x_wconf 88' lang='lat' dir='ltr'><strong>unigenito,</strong></span> <span class='ocrx_word' id='word_1_121' title='bbox 1575 2485 1609 2547; x_wconf 90' lang='lat' dir='ltr'><strong>et</strong></span> <span class='ocrx_word' id='word_1_122' title='bbox 1640 2477 1775 2572; x_wconf 87' lang='lat' dir='ltr'><strong>Spiritui</strong></span> <span class='ocrx_word' id='word_1_123' title='bbox 1802 2487 1858 2550; x_wconf 94' lang='lat' dir='ltr'><strong>tno</strong></span> <span class='ocrx_word' id='word_1_124' title='bbox 1892 2484 1976 2554; x_wconf 85' lang='lat' dir='ltr'><strong>vivo</strong></span> <span class='ocrx_word' id='word_1_125' title='bbox 2008 2491 2038 2553; x_wconf 87' lang='lat' dir='ltr'><strong>et</strong></span> 
     </span>
     <span class='ocr_line' id='line_1_18' title="bbox 664 2593 1474 2690; baseline -0.01 -20"><span class='ocrx_word' id='word_1_126' title='bbox 664 2608 800 2684; x_wconf 86' lang='lat' dir='ltr'><strong>sancto,</strong></span> <span class='ocrx_word' id='word_1_127' title='bbox 828 2595 952 2690; x_wconf 89' lang='lat' dir='ltr'><strong>tibique</strong></span> <span class='ocrx_word' id='word_1_128' title='bbox 975 2593 1269 2679; x_wconf 79' lang='lat' dir='ltr'><strong>consubstantiali,</strong></span> <span class='ocrx_word' id='word_1_129' title='bbox 1297 2614 1383 2664; x_wconf 88' lang='lat' dir='ltr'><strong>nunc</strong></span> <span class='ocrx_word' id='word_1_130' title='bbox 1410 2602 1474 2663; x_wconf 89' lang='lat' dir='ltr'><strong>etc.</strong></span> 
     </span>
    </p>

    <p class='ocr_par' dir='ltr' id='par_1_7' title="bbox 769 2709 1165 2783">
     <span class='ocr_line' id='line_1_19' title="bbox 769 2709 1165 2783; baseline -0.005 -1"><span class='ocrx_word' id='word_1_131' title='bbox 769 2712 956 2782; x_wconf 79' lang='lat' dir='ltr'><strong>Diaconos.</strong></span> <span class='ocrx_word' id='word_1_132' title='bbox 1011 2709 1165 2783; x_wconf 89' lang='lat' dir='ltr'><strong>Oremus.</strong></span> 
     </span>
    </p>

    <p class='ocr_par' dir='ltr' id='par_1_8' title="bbox 665 2822 2037 3727">
     <span class='ocr_line' id='line_1_20' title="bbox 768 2822 2036 2915; baseline -0.002 -16"><span class='ocrx_word' id='word_1_133' title='bbox 768 2826 945 2899; x_wconf 77' lang='lat' dir='ltr'><strong>Sacerdos</strong></span> <span class='ocrx_word' id='word_1_134' title='bbox 980 2825 1172 2895; x_wconf 80' lang='lat' dir='ltr'><strong>inclinatae.</strong></span> <span class='ocrx_word' id='word_1_135' title='bbox 1227 2823 1370 2895; x_wconf 84' lang='lat' dir='ltr'><strong>Oramus</strong></span> <span class='ocrx_word' id='word_1_136' title='bbox 1397 2833 1448 2909; x_wconf 88' lang='lat' dir='ltr'><strong>te,</strong></span> <span class='ocrx_word' id='word_1_137' title='bbox 1481 2826 1537 2915; x_wconf 92' lang='lat' dir='ltr'><strong>qui</strong></span> <span class='ocrx_word' id='word_1_138' title='bbox 1572 2822 1667 2894; x_wconf 87' lang='lat' dir='ltr'><strong>dives</strong></span> <span class='ocrx_word' id='word_1_139' title='bbox 1699 2846 1738 2894; x_wconf 88' lang='lat' dir='ltr'><strong>es</strong></span> <span class='ocrx_word' id='word_1_140' title='bbox 1770 2827 1804 2895; x_wconf 90' lang='lat' dir='ltr'><strong>iu</strong></span> <span class='ocrx_word' id='word_1_141' title='bbox 1836 2826 2036 2915; x_wconf 87' lang='lat' dir='ltr'><strong>muneribus,</strong></span> 
     </span>
     <span class='ocr_line' id='line_1_21' title="bbox 665 2936 2036 3040; baseline -0.003 -24"><span class='ocrx_word' id='word_1_142' title='bbox 665 2956 699 3016; x_wconf 91' lang='lat' dir='ltr'><strong>et</strong></span> <span class='ocrx_word' id='word_1_143' title='bbox 725 2942 1000 3040; x_wconf 86' lang='lat' dir='ltr'><strong>supplicationem</strong></span> <span class='ocrx_word' id='word_1_144' title='bbox 1028 2940 1195 3012; x_wconf 83' lang='lat' dir='ltr'><strong>offerimus</strong></span> <span class='ocrx_word' id='word_1_145' title='bbox 1224 2938 1298 3027; x_wconf 82' lang='lat' dir='ltr'><strong>tibi,</strong></span> <span class='ocrx_word' id='word_1_146' title='bbox 1324 2960 1387 3034; x_wconf 90' lang='lat' dir='ltr'><strong>pro</strong></span> <span class='ocrx_word' id='word_1_147' title='bbox 1414 2936 1570 3009; x_wconf 85' lang='lat' dir='ltr'><strong>Ecclesia</strong></span> <span class='ocrx_word' id='word_1_148' title='bbox 1597 2949 1652 3010; x_wconf 88' lang='lat' dir='ltr'><strong>tua</strong></span> <span class='ocrx_word' id='word_1_149' title='bbox 1679 2938 1863 3029; x_wconf 83' lang='lat' dir='ltr'><strong>Catholica,</strong></span> <span class='ocrx_word' id='word_1_150' title='bbox 1891 2944 1926 3011; x_wconf 91' lang='lat' dir='ltr'><strong>in</strong></span> <span class='ocrx_word' id='word_1_151' title='bbox 1954 2965 2036 3035; x_wconf 87' lang='lat' dir='ltr'><strong>qua-</strong></span> 
     </span>
     <span class='ocr_line' id='line_1_22' title="bbox 666 3052 2036 3152; baseline -0.001 -21"><span class='ocrx_word' id='word_1_152' title='bbox 666 3081 807 3152; x_wconf 88' lang='lat' dir='ltr'><strong>cumque</strong></span> <span class='ocrx_word' id='word_1_153' title='bbox 834 3061 994 3149; x_wconf 89' lang='lat' dir='ltr'><strong>regione,</strong></span> <span class='ocrx_word' id='word_1_154' title='bbox 1021 3068 1057 3128; x_wconf 93' lang='lat' dir='ltr'><strong>ut</strong></span> <span class='ocrx_word' id='word_1_155' title='bbox 1082 3064 1304 3129; x_wconf 88' lang='lat' dir='ltr'><strong>conservetur</strong></span> <span class='ocrx_word' id='word_1_156' title='bbox 1333 3052 1462 3146; x_wconf 88' lang='lat' dir='ltr'><strong>absque</strong></span> <span class='ocrx_word' id='word_1_157' title='bbox 1477 3054 1544 3126; x_wconf 89' lang='lat' dir='ltr'><strong>ulla</strong></span> <span class='ocrx_word' id='word_1_158' title='bbox 1564 3059 1761 3146; x_wconf 83' lang='lat' dir='ltr'><strong>agitatione:</strong></span> <span class='ocrx_word' id='word_1_159' title='bbox 1789 3067 1823 3128; x_wconf 87' lang='lat' dir='ltr'><strong>et</strong></span> <span class='ocrx_word' id='word_1_160' title='bbox 1843 3079 1908 3150; x_wconf 92' lang='lat' dir='ltr'><strong>pro</strong></span> <span class='ocrx_word' id='word_1_161' title='bbox 1922 3070 2036 3151; x_wconf 90' lang='lat' dir='ltr'><strong>pasto-</strong></span> 
     </span>
     <span class='ocr_line' id='line_1_23' title="bbox 665 3169 2035 3266; baseline -0.001 -21"><span class='ocrx_word' id='word_1_162' title='bbox 665 3176 757 3247; x_wconf 89' lang='lat' dir='ltr'><strong>ribus</strong></span> <span class='ocrx_word' id='word_1_163' title='bbox 784 3183 819 3243; x_wconf 89' lang='lat' dir='ltr'><strong>et</strong></span> <span class='ocrx_word' id='word_1_164' title='bbox 843 3171 1053 3266; x_wconf 87' lang='lat' dir='ltr'><strong>praesulibus</strong></span> <span class='ocrx_word' id='word_1_165' title='bbox 1080 3175 1171 3264; x_wconf 90' lang='lat' dir='ltr'><strong>ejus,</strong></span> <span class='ocrx_word' id='word_1_166' title='bbox 1200 3180 1236 3241; x_wconf 93' lang='lat' dir='ltr'><strong>ut</strong></span> <span class='ocrx_word' id='word_1_167' title='bbox 1261 3172 1364 3241; x_wconf 90' lang='lat' dir='ltr'><strong>vitam</strong></span> <span class='ocrx_word' id='word_1_168' title='bbox 1391 3169 1633 3242; x_wconf 89' lang='lat' dir='ltr'><strong>sacerdotalem</strong></span> <span class='ocrx_word' id='word_1_169' title='bbox 1661 3175 1797 3243; x_wconf 88' lang='lat' dir='ltr'><strong>vivant:</strong></span> <span class='ocrx_word' id='word_1_170' title='bbox 1829 3174 2035 3266; x_wconf 87' lang='lat' dir='ltr'><strong>reprimeqne</strong></span> 
     </span>
     <span class='ocr_line' id='line_1_24' title="bbox 666 3284 2035 3380; baseline -0.001 -17"><span class='ocrx_word' id='word_1_171' title='bbox 666 3290 708 3363; x_wconf 93' lang='lat' dir='ltr'><strong>ab</strong></span> <span class='ocrx_word' id='word_1_172' title='bbox 748 3289 811 3360; x_wconf 91' lang='lat' dir='ltr'><strong>illis</strong></span> <span class='ocrx_word' id='word_1_173' title='bbox 847 3288 1002 3359; x_wconf 88' lang='lat' dir='ltr'><strong>invidiam</strong></span> <span class='ocrx_word' id='word_1_174' title='bbox 1046 3287 1192 3378; x_wconf 88' lang='lat' dir='ltr'><strong>maligni.</strong></span> <span class='ocrx_word' id='word_1_175' title='bbox 1252 3285 1437 3378; x_wconf 88' lang='lat' dir='ltr'><strong>Praecipue</strong></span> <span class='ocrx_word' id='word_1_176' title='bbox 1476 3307 1561 3356; x_wconf 88' lang='lat' dir='ltr'><strong>vero</strong></span> <span class='ocrx_word' id='word_1_177' title='bbox 1600 3308 1662 3380; x_wconf 90' lang='lat' dir='ltr'><strong>pro</strong></span> <span class='ocrx_word' id='word_1_178' title='bbox 1697 3284 1891 3358; x_wconf 88' lang='lat' dir='ltr'><strong>Patriarcha</strong></span> <span class='ocrx_word' id='word_1_179' title='bbox 1926 3300 2035 3360; x_wconf 89' lang='lat' dir='ltr'><strong>nostro</strong></span> 
     </span>
     <span class='ocr_line' id='line_1_25' title="bbox 665 3400 2034 3499; baseline -0.001 -23"><span class='ocrx_word' id='word_1_180' title='bbox 665 3405 809 3478; x_wconf 92' lang='lat' dir='ltr'><strong>Domino</strong></span> <span class='ocrx_word' id='word_1_181' title='bbox 845 3403 886 3473; x_wconf 94' lang='lat' dir='ltr'><strong>N.</strong></span> <span class='ocrx_word' id='word_1_182' title='bbox 920 3413 954 3473; x_wconf 93' lang='lat' dir='ltr'><strong>et</strong></span> <span class='ocrx_word' id='word_1_183' title='bbox 985 3401 1156 3499; x_wconf 83' lang='lat' dir='ltr'><strong>Episcopo</strong></span> <span class='ocrx_word' id='word_1_184' title='bbox 1198 3411 1313 3473; x_wconf 92' lang='lat' dir='ltr'><strong>nostro</strong></span> <span class='ocrx_word' id='word_1_185' title='bbox 1349 3402 1494 3472; x_wconf 89' lang='lat' dir='ltr'><strong>Domino</strong></span> <span class='ocrx_word' id='word_1_186' title='bbox 1528 3400 1569 3472; x_wconf 87' lang='grc' dir='ltr'><strong>Ν.</strong></span> <span class='ocrx_word' id='word_1_187' title='bbox 1606 3424 1680 3473; x_wconf 85' lang='lat' dir='ltr'><strong>curn</strong></span> <span class='ocrx_word' id='word_1_188' title='bbox 1714 3401 1850 3495; x_wconf 89' lang='lat' dir='ltr'><strong>reliquis</strong></span> <span class='ocrx_word' id='word_1_189' title='bbox 1889 3404 2034 3475; x_wconf 89' lang='lat' dir='ltr'><strong>omnibns</strong></span> 
     </span>
     <span class='ocr_line' id='line_1_26' title="bbox 666 3514 2037 3614; baseline 0 -24"><span class='ocrx_word' id='word_1_190' title='bbox 666 3518 845 3614; x_wconf 91' lang='lat' dir='ltr'><strong>Episcopis</strong></span> <span class='ocrx_word' id='word_1_191' title='bbox 872 3517 1093 3603; x_wconf 75' lang='lat' dir='ltr'><strong>OrtbodoxiS,</strong></span> <span class='ocrx_word' id='word_1_192' title='bbox 1120 3526 1156 3587; x_wconf 94' lang='lat' dir='ltr'><strong>et</strong></span> <span class='ocrx_word' id='word_1_193' title='bbox 1181 3515 1331 3587; x_wconf 88' lang='lat' dir='ltr'><strong>concode</strong></span> <span class='ocrx_word' id='word_1_194' title='bbox 1357 3514 1432 3603; x_wconf 84' lang='lat' dir='ltr'><strong>iltis,</strong></span> <span class='ocrx_word' id='word_1_195' title='bbox 1460 3526 1496 3586; x_wconf 92' lang='lat' dir='ltr'><strong>nt</strong></span> <span class='ocrx_word' id='word_1_196' title='bbox 1512 3514 1660 3588; x_wconf 88' lang='lat' dir='ltr'><strong>moribus</strong></span> <span class='ocrx_word' id='word_1_197' title='bbox 1682 3527 1872 3588; x_wconf 89' lang='lat' dir='ltr'><strong>sanctorum</strong></span> <span class='ocrx_word' id='word_1_198' title='bbox 1885 3519 2037 3613; x_wconf 89' lang='lat' dir='ltr'><strong>Aposto-</strong></span> 
     </span>
     <span class='ocr_line' id='line_1_27' title="bbox 666 3632 1138 3727; baseline -0.013 -20"><span class='ocrx_word' id='word_1_199' title='bbox 666 3635 792 3720; x_wconf 88' lang='lat' dir='ltr'><strong>lorum,</strong></span> <span class='ocrx_word' id='word_1_200' title='bbox 818 3632 986 3727; x_wconf 89' lang='lat' dir='ltr'><strong>iuculpate</strong></span> <span class='ocrx_word' id='word_1_201' title='bbox 1012 3635 1138 3704; x_wconf 77' lang='lat' dir='ltr'><strong>uiuant.</strong></span> 
     </span>
    </p>

    <p class='ocr_par' dir='ltr' id='par_1_9' title="bbox 667 3745 2036 5112">
     <span class='ocr_line' id='line_1_28' title="bbox 772 3745 2036 3841; baseline 0.001 -23"><span class='ocrx_word' id='word_1_202' title='bbox 772 3748 923 3818; x_wconf 74' lang='lat' dir='ltr'><strong>Etenmm</strong></span> <span class='ocrx_word' id='word_1_203' title='bbox 947 3770 1073 3818; x_wconf 87' lang='lat' dir='ltr'><strong>nocem.</strong></span> <span class='ocrx_word' id='word_1_204' title='bbox 1127 3746 1248 3820; x_wconf 85' lang='lat' dir='ltr'><strong>Pastor</strong></span> <span class='ocrx_word' id='word_1_205' title='bbox 1274 3745 1363 3818; x_wconf 93' lang='lat' dir='ltr'><strong>bone</strong></span> <span class='ocrx_word' id='word_1_206' title='bbox 1391 3758 1425 3817; x_wconf 89' lang='lat' dir='ltr'><strong>ot</strong></span> <span class='ocrx_word' id='word_1_207' title='bbox 1444 3769 1542 3836; x_wconf 82' lang='lat' dir='ltr'><strong>vere,</strong></span> <span class='ocrx_word' id='word_1_208' title='bbox 1568 3751 1751 3841; x_wconf 81' lang='lat' dir='ltr'><strong>gregisque</strong></span> <span class='ocrx_word' id='word_1_209' title='bbox 1765 3749 1922 3837; x_wconf 85' lang='lat' dir='ltr'><strong>Domine,</strong></span> <span class='ocrx_word' id='word_1_210' title='bbox 1949 3750 2036 3821; x_wconf 93' lang='lat' dir='ltr'><strong>Pon·</strong></span> 
     </span>
     <span class='ocr_line' id='line_1_29' title="bbox 667 3861 2035 3957; baseline 0.001 -21"><span class='ocrx_word' id='word_1_211' title='bbox 667 3864 753 3938; x_wconf 86' lang='lat' dir='ltr'><strong>tilex</strong></span> <span class='ocrx_word' id='word_1_212' title='bbox 786 3885 927 3954; x_wconf 87' lang='lat' dir='ltr'><strong>magne,</strong></span> <span class='ocrx_word' id='word_1_213' title='bbox 962 3861 1141 3957; x_wconf 83' lang='lat' dir='ltr'><strong>legumque</strong></span> <span class='ocrx_word' id='word_1_214' title='bbox 1177 3861 1360 3933; x_wconf 88' lang='lat' dir='ltr'><strong>divinarum</strong></span> <span class='ocrx_word' id='word_1_215' title='bbox 1391 3862 1499 3951; x_wconf 86' lang='lat' dir='ltr'><strong>lator,</strong></span> <span class='ocrx_word' id='word_1_216' title='bbox 1531 3885 1699 3934; x_wconf 84' lang='lat' dir='ltr'><strong>conserva</strong></span> <span class='ocrx_word' id='word_1_217' title='bbox 1733 3863 1922 3935; x_wconf 87' lang='lat' dir='ltr'><strong>Ecclesiam</strong></span> <span class='ocrx_word' id='word_1_218' title='bbox 1956 3878 2035 3937; x_wconf 81' lang='lat' dir='ltr'><strong>mam</strong></span> 
     </span>
     <span class='ocr_line' id='line_1_30' title="bbox 669 3977 2034 4072; baseline 0 -20"><span class='ocrx_word' id='word_1_219' title='bbox 669 3977 896 4066; x_wconf 83' lang='lat' dir='ltr'><strong>Catholieam,</strong></span> <span class='ocrx_word' id='word_1_220' title='bbox 938 4000 1025 4071; x_wconf 91' lang='lat' dir='ltr'><strong>quae</strong></span> <span class='ocrx_word' id='word_1_221' title='bbox 1060 4001 1161 4072; x_wconf 87' lang='lat' dir='ltr'><strong>super</strong></span> <span class='ocrx_word' id='word_1_222' title='bbox 1201 4000 1324 4049; x_wconf 90' lang='lat' dir='ltr'><strong>nornen</strong></span> <span class='ocrx_word' id='word_1_223' title='bbox 1362 3987 1451 4050; x_wconf 90' lang='lat' dir='ltr'><strong>tuum</strong></span> <span class='ocrx_word' id='word_1_224' title='bbox 1487 3978 1659 4049; x_wconf 85' lang='lat' dir='ltr'><strong>aedificata</strong></span> <span class='ocrx_word' id='word_1_225' title='bbox 1692 3991 1760 4050; x_wconf 89' lang='lat' dir='ltr'><strong>est:</strong></span> <span class='ocrx_word' id='word_1_226' title='bbox 1795 3980 1890 4050; x_wconf 82' lang='lat' dir='ltr'><strong>aulen</strong></span> <span class='ocrx_word' id='word_1_227' title='bbox 1926 3981 1966 4052; x_wconf 88' lang='lat' dir='ltr'><strong>ah</strong></span> <span class='ocrx_word' id='word_1_228' title='bbox 1999 4004 2034 4052; x_wconf 85' lang='lat' dir='ltr'><strong>ea</strong></span> 
     </span>
     <span class='ocr_line' id='line_1_31' title="bbox 668 4092 2032 4191; baseline -0.001 -23"><span class='ocrx_word' id='word_1_229' title='bbox 668 4093 846 4168; x_wconf 83' lang='lat' dir='ltr'><strong>schismata</strong></span> <span class='ocrx_word' id='word_1_230' title='bbox 874 4104 908 4163; x_wconf 90' lang='lat' dir='ltr'><strong>et</strong></span> <span class='ocrx_word' id='word_1_231' title='bbox 933 4093 1132 4180; x_wconf 88' lang='lat' dir='ltr'><strong>divisiones,</strong></span> <span class='ocrx_word' id='word_1_232' title='bbox 1160 4092 1260 4187; x_wconf 87' lang='lat' dir='ltr'><strong>imple</strong></span> <span class='ocrx_word' id='word_1_233' title='bbox 1287 4093 1519 4188; x_wconf 87' lang='lat' dir='ltr'><strong>tranquillitate</strong></span> <span class='ocrx_word' id='word_1_234' title='bbox 1548 4101 1841 4186; x_wconf 70' lang='lat' dir='ltr'><strong>concoctosque,</strong></span> <span class='ocrx_word' id='word_1_235' title='bbox 1869 4095 1912 4165; x_wconf 87' lang='lat' dir='ltr'><strong>da</strong></span> <span class='ocrx_word' id='word_1_236' title='bbox 1928 4119 2032 4191; x_wconf 89' lang='lat' dir='ltr'><strong>pacem</strong></span> 
     </span>
     <span class='ocr_line' id='line_1_32' title="bbox 668 4207 2031 4304; baseline 0.001 -23"><span class='ocrx_word' id='word_1_237' title='bbox 668 4222 757 4281; x_wconf 88' lang='lat' dir='ltr'><strong>tuam</strong></span> <span class='ocrx_word' id='word_1_238' title='bbox 784 4213 816 4279; x_wconf 96' lang='lat' dir='ltr'><strong>in</strong></span> <span class='ocrx_word' id='word_1_239' title='bbox 852 4207 1022 4282; x_wconf 89' lang='lat' dir='ltr'><strong>ordinibus</strong></span> <span class='ocrx_word' id='word_1_240' title='bbox 1058 4211 1146 4299; x_wconf 87' lang='lat' dir='ltr'><strong>ejus:</strong></span> <span class='ocrx_word' id='word_1_241' title='bbox 1179 4208 1378 4304; x_wconf 85' lang='lat' dir='ltr'><strong>triumphare</strong></span> <span class='ocrx_word' id='word_1_242' title='bbox 1411 4209 1465 4280; x_wconf 92' lang='lat' dir='ltr'><strong>lac</strong></span> <span class='ocrx_word' id='word_1_243' title='bbox 1500 4232 1561 4303; x_wconf 91' lang='lat' dir='ltr'><strong>per</strong></span> <span class='ocrx_word' id='word_1_244' title='bbox 1596 4208 1779 4280; x_wconf 90' lang='lat' dir='ltr'><strong>doctrinam</strong></span> <span class='ocrx_word' id='word_1_245' title='bbox 1812 4211 2031 4304; x_wconf 83' lang='lat' dir='ltr'><strong>Apostolicam</strong></span> 
     </span>
     <span class='ocr_line' id='line_1_33' title="bbox 668 4322 2031 4420; baseline 0.002 -28"><span class='ocrx_word' id='word_1_246' title='bbox 668 4323 843 4418; x_wconf 89' lang='lat' dir='ltr'><strong>praesules</strong></span> <span class='ocrx_word' id='word_1_247' title='bbox 871 4326 963 4413; x_wconf 86' lang='lat' dir='ltr'><strong>ejus,</strong></span> <span class='ocrx_word' id='word_1_248' title='bbox 991 4334 1026 4393; x_wconf 92' lang='lat' dir='ltr'><strong>et</strong></span> <span class='ocrx_word' id='word_1_249' title='bbox 1051 4323 1222 4414; x_wconf 89' lang='lat' dir='ltr'><strong>longaeva</strong></span> <span class='ocrx_word' id='word_1_250' title='bbox 1250 4334 1439 4413; x_wconf 86' lang='lat' dir='ltr'><strong>senectute,</strong></span> <span class='ocrx_word' id='word_1_251' title='bbox 1467 4322 1681 4418; x_wconf 88' lang='lat' dir='ltr'><strong>moribusque</strong></span> <span class='ocrx_word' id='word_1_252' title='bbox 1715 4325 1911 4420; x_wconf 89' lang='lat' dir='ltr'><strong>inculpatis,</strong></span> <span class='ocrx_word' id='word_1_253' title='bbox 1944 4338 2031 4420; x_wconf 87' lang='lat' dir='ltr'><strong>atquc</strong></span> 
     </span>
     <span class='ocr_line' id='line_1_34' title="bbox 668 4437 2029 4533; baseline 0.001 -24"><span class='ocrx_word' id='word_1_254' title='bbox 668 4437 948 4526; x_wconf 85' lang='lat' dir='ltr'><strong>mansuetudine,</strong></span> <span class='ocrx_word' id='word_1_255' title='bbox 976 4442 1139 4510; x_wconf 86' lang='lat' dir='ltr'><strong>antistites</strong></span> <span class='ocrx_word' id='word_1_256' title='bbox 1167 4443 1239 4530; x_wconf 89' lang='lat' dir='ltr'><strong>ejus</strong></span> <span class='ocrx_word' id='word_1_257' title='bbox 1267 4460 1406 4510; x_wconf 86' lang='lat' dir='ltr'><strong>exorna.</strong></span> <span class='ocrx_word' id='word_1_258' title='bbox 1461 4439 1664 4512; x_wconf 86' lang='lat' dir='ltr'><strong>Sacerdotes</strong></span> <span class='ocrx_word' id='word_1_259' title='bbox 1699 4445 1754 4533; x_wconf 91' lang='lat' dir='ltr'><strong>qui</strong></span> <span class='ocrx_word' id='word_1_260' title='bbox 1789 4445 1821 4510; x_wconf 92' lang='lat' dir='ltr'><strong>in</strong></span> <span class='ocrx_word' id='word_1_261' title='bbox 1853 4440 1909 4512; x_wconf 92' lang='lat' dir='ltr'><strong>illa</strong></span> <span class='ocrx_word' id='word_1_262' title='bbox 1938 4444 2029 4513; x_wconf 89' lang='lat' dir='ltr'><strong>mini-</strong></span> 
     </span>
     <span class='ocr_line' id='line_1_35' title="bbox 669 4551 2028 4650; baseline 0.001 -26"><span class='ocrx_word' id='word_1_263' title='bbox 669 4562 775 4624; x_wconf 89' lang='lat' dir='ltr'><strong>strant</strong></span> <span class='ocrx_word' id='word_1_264' title='bbox 801 4551 855 4624; x_wconf 88' lang='lat' dir='ltr'><strong>lac</strong></span> <span class='ocrx_word' id='word_1_265' title='bbox 881 4553 1057 4628; x_wconf 87' lang='lat' dir='ltr'><strong>honestate</strong></span> <span class='ocrx_word' id='word_1_266' title='bbox 1083 4557 1174 4624; x_wconf 88' lang='lat' dir='ltr'><strong>vitae</strong></span> <span class='ocrx_word' id='word_1_267' title='bbox 1201 4559 1418 4650; x_wconf 90' lang='lat' dir='ltr'><strong>conspicuos:</strong></span> <span class='ocrx_word' id='word_1_268' title='bbox 1446 4555 1606 4628; x_wconf 88' lang='lat' dir='ltr'><strong>Diaconis</strong></span> <span class='ocrx_word' id='word_1_269' title='bbox 1635 4560 1689 4650; x_wconf 90' lang='lat' dir='ltr'><strong>qui</strong></span> <span class='ocrx_word' id='word_1_270' title='bbox 1723 4555 1836 4628; x_wconf 89' lang='lat' dir='ltr'><strong>altaris</strong></span> <span class='ocrx_word' id='word_1_271' title='bbox 1871 4561 1942 4649; x_wconf 76' lang='lat' dir='ltr'><strong>eJ‘ns</strong></span> <span class='ocrx_word' id='word_1_272' title='bbox 1970 4560 2028 4627; x_wconf 91' lang='lat' dir='ltr'><strong>mi-</strong></span> 
     </span>
     <span class='ocr_line' id='line_1_36' title="bbox 669 4667 2026 4766; baseline 0.001 -28"><span class='ocrx_word' id='word_1_273' title='bbox 669 4670 807 4739; x_wconf 88' lang='lat' dir='ltr'><strong>nisterio</strong></span> <span class='ocrx_word' id='word_1_274' title='bbox 835 4667 956 4740; x_wconf 90' lang='lat' dir='ltr'><strong>addicti</strong></span> <span class='ocrx_word' id='word_1_275' title='bbox 984 4680 1059 4740; x_wconf 91' lang='lat' dir='ltr'><strong>sunt</strong></span> <span class='ocrx_word' id='word_1_276' title='bbox 1086 4668 1236 4740; x_wconf 90' lang='lat' dir='ltr'><strong>concede</strong></span> <span class='ocrx_word' id='word_1_277' title='bbox 1262 4669 1400 4742; x_wconf 94' lang='lat' dir='ltr'><strong>inbono</strong></span> <span class='ocrx_word' id='word_1_278' title='bbox 1421 4670 1620 4758; x_wconf 87' lang='lat' dir='ltr'><strong>firmitatem,</strong></span> <span class='ocrx_word' id='word_1_279' title='bbox 1647 4672 1918 4766; x_wconf 87' lang='lat' dir='ltr'><strong>spiritualemque</strong></span> <span class='ocrx_word' id='word_1_280' title='bbox 1943 4683 2026 4741; x_wconf 80' lang='lat' dir='ltr'><strong>uan-</strong></span> 
     </span>
     <span class='ocr_line' id='line_1_37' title="bbox 670 4783 2024 4883; baseline 0.001 -31"><span class='ocrx_word' id='word_1_281' title='bbox 670 4783 862 4877; x_wconf 91' lang='lat' dir='ltr'><strong>quillitatem</strong></span> <span class='ocrx_word' id='word_1_282' title='bbox 888 4787 1068 4855; x_wconf 86' lang='lat' dir='ltr'><strong>universae</strong></span> <span class='ocrx_word' id='word_1_283' title='bbox 1096 4789 1350 4877; x_wconf 85' lang='lat' dir='ltr'><strong>congregationi</strong></span> <span class='ocrx_word' id='word_1_284' title='bbox 1385 4784 1527 4856; x_wconf 87' lang='lat' dir='ltr'><strong>fidelium</strong></span> <span class='ocrx_word' id='word_1_285' title='bbox 1565 4790 1620 4879; x_wconf 93' lang='lat' dir='ltr'><strong>qui</strong></span> <span class='ocrx_word' id='word_1_286' title='bbox 1653 4787 1714 4858; x_wconf 92' lang='lat' dir='ltr'><strong>suh</strong></span> <span class='ocrx_word' id='word_1_287' title='bbox 1749 4791 1822 4879; x_wconf 75' lang='lat' dir='ltr'><strong>eJus</strong></span> <span class='ocrx_word' id='word_1_288' title='bbox 1857 4787 2024 4883; x_wconf 84' lang='lat' dir='ltr'><strong>patrocinio</strong></span> 
     </span>
     <span class='ocr_line' id='line_1_38' title="bbox 670 4897 2023 4996; baseline 0.001 -28"><span class='ocrx_word' id='word_1_289' title='bbox 670 4908 763 4968; x_wconf 89' lang='lat' dir='ltr'><strong>sunt:</strong></span> <span class='ocrx_word' id='word_1_290' title='bbox 791 4902 867 4992; x_wconf 91' lang='lat' dir='ltr'><strong>quia</strong></span> <span class='ocrx_word' id='word_1_291' title='bbox 901 4909 934 4969; x_wconf 92' lang='lat' dir='ltr'><strong>tu</strong></span> <span class='ocrx_word' id='word_1_292' title='bbox 967 4897 1075 4971; x_wconf 90' lang='lat' dir='ltr'><strong>bonus</strong></span> <span class='ocrx_word' id='word_1_293' title='bbox 1111 4922 1167 4987; x_wconf 89' lang='lat' dir='ltr'><strong>es,</strong></span> <span class='ocrx_word' id='word_1_294' title='bbox 1200 4899 1324 4996; x_wconf 88' lang='lat' dir='ltr'><strong>tibique</strong></span> <span class='ocrx_word' id='word_1_295' title='bbox 1361 4902 1518 4993; x_wconf 92' lang='lat' dir='ltr'><strong>gloriam,</strong></span> <span class='ocrx_word' id='word_1_296' title='bbox 1554 4911 1587 4973; x_wconf 91' lang='lat' dir='ltr'><strong>et</strong></span> <span class='ocrx_word' id='word_1_297' title='bbox 1619 4901 1750 4974; x_wconf 86' lang='lat' dir='ltr'><strong>laudem</strong></span> <span class='ocrx_word' id='word_1_298' title='bbox 1787 4902 1967 4988; x_wconf 83' lang='lat' dir='ltr'><strong>offerimus,</strong></span> <span class='ocrx_word' id='word_1_299' title='bbox 1996 4909 2023 4969; x_wconf 90' lang='lat' dir='ltr'><strong>ct</strong></span> 
     </span>
     <span class='ocr_line' id='line_1_39' title="bbox 668 5014 1964 5112; baseline 0.011 -30"><span class='ocrx_word' id='word_1_300' title='bbox 668 5016 838 5104; x_wconf 89' lang='lat' dir='ltr'><strong>unigenito</strong></span> <span class='ocrx_word' id='word_1_301' title='bbox 866 5014 951 5087; x_wconf 86' lang='lat' dir='ltr'><strong>Filio</strong></span> <span class='ocrx_word' id='word_1_302' title='bbox 979 5026 1057 5106; x_wconf 91' lang='lat' dir='ltr'><strong>tuo,</strong></span> <span class='ocrx_word' id='word_1_303' title='bbox 1084 5024 1118 5087; x_wconf 92' lang='lat' dir='ltr'><strong>et</strong></span> <span class='ocrx_word' id='word_1_304' title='bbox 1144 5016 1281 5112; x_wconf 86' lang='lat' dir='ltr'><strong>Spiritui</strong></span> <span class='ocrx_word' id='word_1_305' title='bbox 1308 5026 1375 5090; x_wconf 90' lang='lat' dir='ltr'><strong>tuo.</strong></span> <span class='ocrx_word' id='word_1_306' title='bbox 1958 5041 1964 5050; x_wconf 88' lang='lat'><strong>·</strong></span> 
     </span>
    </p>
   </div>
   <div class='ocr_carea' id='block_1_5' title="bbox 0 0 2274 6034">
    <p class='ocr_par' dir='ltr' id='par_1_10' title="bbox 0 0 2274 6034">
     <span class='ocr_line' id='line_1_40' title="bbox 0 0 2274 6034; baseline 0 0"><span class='ocrx_word' id='word_1_307' title='bbox 0 0 2274 6034; x_wconf 95' lang='lat' dir='ltr'><strong> </strong></span> 
     </span>
    </p>
   </div>
  </div>
 </body>
</html>
