4525 6034
1529 616 1607 690 419

226 822 290 913 ιι
351 821 733 915 uiuuuomu
794 822 1152 916 oocuouou
1211 741 1611 923 sxucroaou

577 1020 611 1142 d
647 1026 683 1139 a
721 1023 750 1141 S
787 1025 822 1141 E
858 1025 897 1142 a
931 1026 972 1141 tl
1007 1027 1048 1140 A
1083 1025 1115 1140 Τ
1151 1026 1174 1142 Ι
1211 1024 1259 1143 d.

328 1243 442 1322 Exrxr
464 1255 540 1317 baec
562 1255 699 1339 Liturgia
721 1257 751 1318 in
774 1257 913 1320 omnibus
936 1256 1069 1319 melioris
1093 1265 1185 1319 notae
1207 1257 1414 1322 lacobitarum
1431 1259 1607 1342 codicibus,

229 1358 436 1440 Seguierianis
459 1367 489 1421 et
507 1358 701 1435 colbertinis,
723 1368 756 1422 ut
778 1361 816 1423 de
840 1379 877 1422 ea
900 1359 1028 1422 dubitari
1050 1377 1111 1423 non
1135 1361 1243 1440 possit,
1268 1362 1340 1442 quin
1362 1365 1442 1444 apud
1465 1365 1534 1431 illos
1557 1370 1608 1431 vi·

229 1465 303 1539 geat
324 1466 355 1520 et
376 1457 489 1539 ubique
511 1459 638 1538 probata
661 1460 709 1524 sit.
754 1461 889 1522 Vocatur
916 1466 1015 1521 autem
1038 1458 1201 1522 Doctorum
1225 1468 1415 1541 sanctorum,
1444 1466 1514 1545 quia
1544 1474 1608 1530 tota

230 1564 372 1620 contexta
395 1563 442 1619 est
465 1575 505 1618 ox
527 1557 592 1619 aliis
616 1556 775 1640 liturgiis,
799 1576 928 1638 quorum
950 1565 1073 1619 autores
1096 1556 1295 1639 perhibentur
1317 1568 1368 1622 aut
1390 1564 1486 1625 sancti
1508 1566 1608 1627 nomi-

229 1655 376 1717 natissimi
399 1655 429 1716 in
453 1656 573 1736 antiqua
596 1655 735 1718 Ecclesia
758 1663 827 1718 ante
849 1672 967 1719 omnem
990 1654 1181 1718 schismatum
1203 1661 1391 1723 memoriam:
1421 1670 1472 1723 aut
1494 1682 1608 1726 recen-

229 1755 335 1830 tiores,
359 1755 409 1834 qui
433 1754 472 1816 ob
495 1753 701 1818 defensionem
724 1755 774 1818 vel
796 1755 1018 1836 professionem
1040 1753 1318 1836 llouophysilarum
1341 1759 1507 1839 doctrinae,
1530 1761 1607 1824 sama

229 1856 310 1916 inter
340 1870 394 1915 eos
425 1853 565 1915 celebres
595 1862 675 1916 sunt.
719 1853 832 1917 Extant
859 1861 959 1915 autem
982 1869 1086 1915 omnes
1108 1853 1179 1916 illae
1202 1853 1367 1937 liturgiae,
1390 1861 1526 1939 quamvis
1550 1862 1609 1923 ali·

229 1952 350 2034 quando
365 1954 527 2015 orationes
544 1972 584 2015 ex
598 1952 656 2015 illis
677 1952 839 2033 decerptas
861 1952 998 2033 reperire
1020 1970 1079 2014 non
1101 1951 1191 2015 facile
1214 1955 1263 2029 sit,
1286 1953 1417 2018 fortasse
1439 1977 1480 2020 ex
1501 1977 1608 2039 parum

229 2059 370 2116 accurata
400 2051 617 2131 exemplarium
639 2052 855 2133 descriptione,
886 2052 916 2113 in
947 2069 1006 2132 qua
1029 2051 1306 2133 indiligentissimos
1330 2073 1401 2117 esse
1424 2054 1606 2137 Orientales,

230 2151 330 2212 sciunt
343 2151 393 2232 qui
406 2137 529 2215 codi‘ces
544 2149 653 2212 multos
666 2158 882 2213 tractaverunt.
916 2150 1139 2212 Adscribuntur
1152 2151 1315 2232 unicuique
1327 2155 1456 2217 orationi
1469 2163 1607 2218 autorum

228 2251 359 2329 nomina,
383 2258 415 2312 et
436 2250 478 2312 illi
502 2258 581 2311 sunt.
609 2249 742 2312 lacobus
764 2250 871 2312 Frater
892 2249 1026 2311 Domini:
1049 2251 1182 2312 loannes
1203 2250 1416 2335 Evangelista:
1438 2254 1607 2317 Duodecim

229 2348 383 2430 Apostoli:
430 2348 585 2412 Clemens:
629 2349 727 2411 lulius
750 2348 915 2412 Romanus:
961 2348 1128 2430 Gregorius
1153 2348 1342 2432 Theologus:
1372 2350 1505 2433 Cyrillus
1527 2353 1607 2416 Ale-

230 2447 407 2526 xandrinus,
430 2446 564 2530 lgnatius
587 2447 719 2529 Martyr,
741 2447 924 2512 Philoxenus
946 2439 1205 2529 Hieropolitanus:
1249 2448 1428 2530 Dionysius:
1472 2452 1606 2515 loannes

231 2547 345 2626 absque
367 2547 503 2625 nomine,
533 2545 709 2609 Eleazarus.
753 2545 905 2622 Omnium,
933 2547 960 2608 si
989 2563 1080 2608 unum
1102 2547 1290 2630 Theologum
1314 2549 1496 2629 excipimus,
1525 2551 1607 2630 quod

231 2645 270 2707 de
302 2642 452 2726 Gregorio
486 2644 679 2709 Nazianzeno
709 2645 837 2728 intelligi
871 2645 980 2722 debet,
1020 2645 1189 2707 nominibus
1219 2653 1414 2726 praenotatas
1449 2647 1607 2712 lacobitae

227 2743 352 2806 lotidem
374 2743 526 2826 liturgias
549 2753 737 2826 agnoscunt,
760 2745 847 2807 istam
869 2761 930 2806 non
952 2743 1038 2805 item:
1061 2744 1116 2807 sed
1141 2744 1221 2824 quod
1245 2762 1285 2807 ex
1307 2745 1470 2809 veterrimo
1493 2745 1607 2810 Codice

228 2844 405 2909 Colbertino
429 2842 602 2905 didicimus:
633 2861 711 2925 quae
739 2842 850 2906 basilio
878 2843 1036 2917 tribuitur,
1058 2861 1095 2906 ea
1116 2842 1236 2905 scilicet
1258 2861 1347 2922 quam
1369 2845 1483 2906 blasius
1506 2845 1607 2908 inter-

226 2952 364 3025 pretatus
392 2950 454 3020 est,
491 2941 596 3003 eadem
627 2941 779 3023 Gregorio
808 2957 929 3023 quoque
959 2942 1143 3022 conjunctim
1172 2942 1362 3004 adscribitur.
1407 2943 1482 3005 Nam
1512 2944 1606 3007 multa

227 3043 346 3107 duobus
378 3041 437 3103 illis
466 3039 625 3103 Ecclesiae
654 3040 812 3104 luminibus
840 3031 1000 3121 lle'sponsa
1029 3040 1068 3102 de
1096 3039 1170 3104 lure
1198 3042 1353 3121 variisque
1376 3043 1606 3123 quaestionibus

226 3138 468 3215 Ecclesiasticis,
499 3139 664 3201 attribuere
697 3140 814 3217 solent,
844 3147 884 3210 ul
907 3137 1017 3201 iactum
1047 3148 1093 3202 est
1116 3140 1154 3202 de
1181 3143 1238 3202 ista
1261 3139 1415 3223 Liturgia,
1445 3158 1534 3221 quam
1556 3139 1608 3204 diu

226 3237 339 3301 lru'stra
362 3239 528 3319 quaesitam
551 3239 580 3299 in
604 3237 655 3302 illo
678 3238 799 3301 tandem
822 3237 936 3301 Codico
959 3240 1138 3319 reperimus.
1169 3238 1332 3303 Clementis
1354 3257 1476 3320 quoque
1500 3239 1607 3301 Litur-

227 3338 308 3420 giam
329 3336 451 3416 habent,
475 3337 611 3417 quamvis
635 3354 673 3400 eo
695 3337 781 3400 tilulo
805 3336 886 3399 nulla
916 3337 1032 3400 Graeca
1056 3345 1150 3400 extet.
1195 3337 1258 3400 Eos
1281 3345 1380 3399 autem
1403 3355 1508 3399 omnes
1532 3345 1608 3399 tan-

228 3453 317 3515 quam
347 3443 442 3498 testes
473 3443 503 3497 et
533 3434 707 3498 laudatores
737 3436 806 3498 fidei
828 3453 901 3498 suae
925 3436 1059 3518 allegare
1082 3435 1343 3498 familiarissimum
1366 3447 1413 3498 est
1435 3436 1607 3517 praecipuis

228 3534 308 3596 inter
329 3535 484 3597 lacobitas
508 3533 691 3617 Theologis,
713 3542 747 3597 ut
768 3534 839 3597 alibi
861 3536 1066 3616 exposuimus.

320 3631 455 3695 loannes
466 3632 638 3696 Patriarcba
653 3652 742 3713 quem
764 3651 904 3716 magnum
927 3633 1092 3715 appellant,
1114 3634 1250 3713 quisnam
1274 3650 1314 3693 ex
1336 3633 1402 3694 aliis
1426 3635 1476 3714 qui
1499 3633 1608 3696 eodem

228 3733 349 3795 nomine
379 3731 500 3794 suerunt
533 3738 563 3793 et
591 3732 621 3793 in
650 3731 757 3793 eadem
779 3732 940 3814 dignitate,
970 3732 1072 3795 dicere
1094 3748 1156 3794 non
1179 3749 1349 3812 possumus.
1394 3732 1606 3812 Antiquiorem

228 3830 328 3893 mullis
353 3830 418 3892 aliis
440 3831 526 3892 istius
548 3831 677 3892 nominis
699 3829 792 3892 lauisse
815 3831 947 3910 suspicio
970 3830 1065 3910 sorel,
1089 3849 1129 3893 ex
1152 3848 1190 3893 eo
1214 3831 1295 3910 quod
1317 3830 1470 3913 Liturgias
1492 3848 1606 3893 recen-

228 3933 349 4008 tiorum,
373 3937 405 3991 ut
427 3928 705 4005 lacobiEdesseni,
727 3929 822 3992 blosis
841 3929 1033 4010 barcepbae,
1051 3938 1082 3992 et
1097 3930 1291 4011 reliquorum,
1316 3931 1400 4011 Syris
1424 3930 1605 4008 notissimas,

229 4030 261 4091 in
292 4045 377 4092 suam
408 4046 467 4090 non
496 4028 691 4091 transtulerit.
736 4028 795 4092 Sed
823 4028 902 4091 banc
931 4029 1134 4108 conjecturam
1164 4030 1273 4091 evertit
1300 4028 1438 4091 Eleazari
1460 4029 1607 4110 liturgia,

228 4147 270 4190 ex
293 4145 353 4208 qua
375 4126 450 4190 duas
473 4127 629 4189 orationes
658 4128 826 4208 excerpsit:
857 4127 883 4189 is
912 4135 1011 4190 autem
1040 4136 1073 4189 ut
1101 4127 1139 4189 ad
1167 4127 1248 4189 illam
1278 4127 1521 4190 observavimus:
1551 4125 1607 4188 luit

229 4225 402 4306 Episcopus
424 4224 648 4307 Bagdadensis,
680 4226 738 4288 alio
766 4226 886 4288 nomino
909 4225 1092 4289 Philoxenus
1115 4225 1301 4307 appellatus,
1331 4234 1363 4288 ut
1386 4226 1542 4289 didicimus
1565 4244 1606 4286 ex

228 4324 342 4386 Codice
365 4322 576 4406 Seguieriano,
599 4325 684 4404 cujus
708 4324 857 4388 beneficio
880 4327 995 4388 veteris
1017 4326 1175 4388 Philoxeni
1198 4332 1228 4386 et
1250 4326 1335 4386 istius
1359 4325 1512 4408 Liturgias
1536 4324 1604 4385 dis-

227 4423 387 4500 tinximus,
419 4441 497 4503 quae
521 4423 550 4484 in
573 4425 666 4486 variis
690 4424 914 4504 exemplaribus
937 4424 1024 4486 alteri
1045 4424 1088 4486 illi
1103 4422 1330 4504 Hieropolitano
1354 4425 1532 4486 tribuuntur.
1555 4420 1605 4482 An

227 4522 362 4586 loannes
384 4521 473 4602 liujus
496 4520 652 4604 Liturgiae
674 4520 842 4602 ordinator,
865 4524 891 4585 is
913 4524 952 4585 sit
974 4524 1025 4604 qui
1048 4522 1230 4604 Apologiam
1254 4523 1330 4584 ritus
1354 4523 1499 4604 Syrorum
1521 4520 1604 4581 circa

227 4620 493 4702 praeparationem
514 4621 600 4700 panis
623 4619 823 4683 Eucharistici
846 4639 913 4683 cum
936 4621 1096 4700 fermento,
1118 4622 1184 4684 sale
1207 4628 1237 4683 et
1261 4620 1329 4682 oleo
1352 4622 1525 4701 scripserit,
1555 4615 1605 4677 al-

227 4720 347 4781 iirmare
371 4736 432 4781 non
454 4736 625 4798 possumus.
747 4789 753 4796 ,

316 4817 349 4879 ln
371 4819 428 4879 ista
452 4826 551 4880 autem
573 4818 708 4899 Liturgia
731 4817 803 4880 nibil
827 4817 939 4902 legitur
961 4819 1041 4900 quod
1065 4819 1211 4903 singulari
1231 4816 1443 4880 observatione
1457 4815 1604 4902 indigeal,

228 4925 278 4979 aut
301 4917 382 4997 quod
405 4917 485 4979 notis
509 4916 581 4978 alias
606 4916 788 4997 explicatum
811 4934 872 4980 non
895 4917 995 4982 luerit.

657 5105 1132 5149 -*--noo=-———.

279 5215 366 5258 'l'bmlls
382 5215 406 5257 11.
