4525 6034
528 570 746 648 LITURGIA
784 571 994 649 DIONYSll
1032 574 1289 653 BdllSdLlBl.
1516 576 1595 651 449

217 753 370 845 lebrant,
411 755 545 848 dignum
579 766 633 832 est
664 767 702 829 ut
735 767 770 829 te
803 757 938 831 elevata
971 780 1061 832 voce
1093 759 1289 850 laudemus,
1322 760 1524 852 clamantes,
1561 772 1596 835 et
1670 749 1673 754 ’

218 870 378 959 diceutes.

322 988 484 1081 Papulas.
537 986 690 1062 Sanctus.

320 1103 496 1175 Sacerdos
521 1103 715 1174 inclinatas.
781 1101 925 1176 Sanctus
957 1105 1059 1176 Pater
1092 1107 1244 1196 genitor,
1280 1118 1314 1179 et
1345 1130 1414 1180 uon
1448 1111 1593 1201 genitus,
1659 1095 1661 1102 ¹

217 1227 353 1293 sanctas
379 1219 484 1290 Filius
510 1222 654 1310 genitus,
682 1227 715 1289 et
740 1240 809 1291 nen
839 1222 992 1312 genitor,
1025 1230 1161 1293 sancus
1189 1220 1333 1317 Spiritus
1360 1226 1416 1318 qui
1441 1225 1595 1320 procedit

217 1358 238 1406 a
265 1335 379 1424 Patre,
406 1342 439 1405 et
466 1355 486 1404 a
511 1333 599 1405 Filio
627 1336 764 1429 accipit:
797 1356 881 1408 unus
907 1337 1001 1408 Deus
1027 1356 1131 1408 uerus
1159 1339 1215 1430 qui
1241 1338 1389 1411 salvavit
1413 1360 1477 1413 nos
1504 1361 1592 1432 gra-
1726 1411 1735 1422 ,

216 1451 276 1539 tia,
302 1458 338 1521 et
362 1448 589 1522 misericordia
617 1472 688 1522 sua.

320 1563 471 1635 Macares
496 1586 622 1646 vocem.
676 1564 842 1651 Quicum
871 1563 913 1636 ad
939 1568 1131 1662 passionem
1159 1565 1337 1641 salutarem
1364 1582 1502 1664 paratus
1529 1590 1592 1642 es-

215 1690 279 1768 set,
305 1702 426 1775 panem
453 1681 552 1751 etiam
589 1702 687 1774 mem
720 1682 852 1776 accepit
876 1681 904 1768 †
930 1680 1102 1754 benedixit
1127 1683 1156 1770 †
1183 1682 1404 1757 sanctificavit
1428 1686 1457 1773 †
1481 1684 1591 1777 fregit,

216 1803 251 1865 et
277 1815 401 1890 corpus
427 1816 523 1867 suum
550 1805 700 1869 sanctum
727 1799 866 1868 vacavit
901 1818 996 1887 eum,
1030 1800 1065 1868 in
1099 1800 1204 1870 uitam
1236 1809 1407 1871 aeternam
1437 1799 1502 1873 illis
1536 1803 1592 1895 qui

215 1908 294 1982 illud
322 1912 522 2006 acciperent.

319 2026 481 2119 Populus.
533 2025 654 2099 Amen.

318 2141 503 2211 Sacerdos.
543 2138 587 2210 Et
613 2139 753 2213 calicem
781 2162 879 2234 quem
905 2142 1086 2214 miscuerat
1101 2144 1194 2230 vine,
1222 2152 1257 2214 et
1282 2165 1383 2237 aqua,
1408 2141 1593 2234 benedixit,

215 2266 248 2327 et
276 2257 472 2347 sanguinem
500 2277 594 2327 suum
620 2259 805 2350 pretiosum
825 2254 979 2351 perfecit,
1006 2254 1150 2352 illisqui
1175 2256 1255 2329 illud
1282 2261 1449 2354 accipiunt
1473 2261 1508 2330 in
1534 2261 1594 2330 vi-

214 2379 282 2443 tam
310 2379 490 2443 aeternam.

319 2486 481 2580 Populus.
534 2487 689 2562 Amen..

318 2601 504 2673 Sacerdos.
556 2598 702 2671 Etcum
728 2596 898 2694 discipulis
925 2600 1050 2672 sanctis
1076 2598 1132 2672 illa
1159 2598 1304 2689 tradidit,
1340 2606 1513 2699 praecepit
1539 2608 1589 2678 eis

215 2713 348 2789 dicens:
375 2720 421 2789 ita
447 2714 578 2788 facietis
604 2717 637 2786 ia
663 2718 729 2786 mei
756 2718 963 2805 memoriam,
1000 2714 1108 2787 donec
1132 2717 1277 2788 veniam.

318 2829 481 2924 Papulas.
533 2830 653 2904 Mortis
678 2840 766 2902 tuae.

315 2947 513 3019 Sacerdos..
554 2944 751 3018 Memoriam
779 2966 914 3040 queque
950 2947 1022 3037 agit
1045 2944 1202 3020 Ecclesia
1227 2957 1283 3018 tua
1310 2948 1472 3034 Domine,
1507 2954 1589 3022 uui-

212 3082 337 3133 versae
363 3060 620 3155 dispensationis
648 3070 726 3133 tuae
752 3059 926 3150 salutaris,
963 3061 1167 3156 secundique
1194 3061 1357 3134 adventus
1383 3068 1431 3136 tui
1457 3076 1589 3139 temore

212 3175 314 3271 pleni,
341 3178 374 3247 in
402 3198 467 3270 quo
494 3175 695 3249 retribuetur
721 3178 896 3271 unicuique
920 3178 1017 3269 juxta
1037 3177 1072 3248 id
1098 3176 1188 3271 quod
1214 3175 1306 3266 iecit,
1332 3189 1471 3274 prepter
1499 3181 1588 3276 quod

212 3292 387 3386 poenitens
414 3314 503 3384 grex
527 3302 605 3364 taus
632 3291 830 3387 deprecatur
856 3302 902 3382 te,
929 3301 964 3363 et
988 3313 1050 3390 per
1075 3302 1121 3387 te,
1148 3302 1182 3364 et
1208 3303 1318 3365 tecum
1335 3293 1470 3368 Patrem
1497 3306 1586 3370 tuum

212 3405 338 3478 dicens.

316 3519 478 3612 Popalas.
529 3517 704 3591 Miserere.

317 3633 502 3706 Sacerdos.
554 3633 628 3707 Nos
655 3656 799 3729 quoque.

317 3748 479 3841 Papulas.
532 3748 584 3820 'l'e
610 3748 792 3823 laudamus.

316 3863 499 3935 Sacerdos.
554 3865 750 3961 Praecipue.

315 3978 502 4051 Diaeoam.
555 3980 734 4054 Memento.
788 3980 844 4052 Es.
872 3980 979 4066 Quam
1006 3977 1150 4052 timenda
1177 3989 1230 4055 est
1254 3979 1338 4052 haec
1363 3980 1456 4056 hora.

421 4251 598 4323 Sacerdos
623 4252 816 4323 inclinatus.
869 4251 1049 4323 Iaoocats'o
1076 4249 1230 4345 Spiritus
1255 4255 1376 4324 sancti.
1492 4295 1496 4300 -

315 4438 480 4511 Miserere
507 4440 584 4526 mei,
603 4439 757 4526 Domine,
786 4450 819 4512 et
845 4441 937 4511 mitte
963 4461 1065 4536 super
1090 4438 1152 4514 has
1180 4438 1368 4512 oblationes
1395 4441 1585 4536 propositas

211 4550 370 4647 Spiritum
398 4562 562 4641 sanctum,
596 4556 651 4648 qui
686 4555 798 4626 omnia
823 4552 999 4627 Ecclesiae
1032 4564 1244 4629 sacramenta
1278 4555 1409 4652 perficit
1441 4557 1587 4629 adventu

212 4687 286 4741 suo.

318 4782 481 4876 Populus.
534 4780 640 4878 llyrie
667 4781 804 4856 eleison.

319 4897 503 4969 Sacerdos.
545 4896 601 4969 Et
626 4920 747 4993 panem
772 4901 882 4990 istum,
908 4899 1060 4995 perficiat
1085 4899 1209 4995 carpus
1235 4901 1301 4972 Dei
1326 4903 1443 4974 nocui.

317 5012 478 5106 Populus.
532 5014 651 5085 Amen.
