4525 6034
543 582 596 657 Ab
617 579 914 659 Bmmtouoots
935 582 1117 662 vasorum
1134 580 1345 662 stouotult.
1556 588 1630 661 300

255 765 356 827 hendo
380 764 440 826 illis
462 765 564 828 vinum
588 772 812 828 consecratum:
834 764 950 844 Laicis,
973 762 1151 845 particulam
1174 766 1322 848 sanguine
1339 767 1551 832 madefactam:
1575 789 1633 834 so-

255 863 292 924 lis
315 863 429 943 quippe
453 860 682 944 Sacerdotibus,
706 863 800 945 vulgo
822 862 903 924 calix
923 862 1088 941 bibendus,
1111 864 1253 944 praeberi
1276 865 1363 930 solet.
1398 867 1483 940 Quae
1497 871 1536 933 sit
1551 870 1632 932 sacri
1679 875 1782 928 metet.
1799 895 1826 947 p.
1845 878 1907 930 152.

256 962 427 1025 cochlearis
450 960 530 1041 apud
552 959 686 1026 Graecos
709 961 805 1025 lorma
828 969 970 1024 accurate
993 964 1136 1042 exposuit
1158 964 1298 1044 adjuncta
1326 965 1405 1028 illius
1428 965 1630 1031 delineatione

253 1059 389 1124 lacobus
412 1060 551 1123 Goarius.
595 1055 737 1142 Λαβίδα
759 1067 880 1139 vocant,
909 1059 1009 1122 idest
1034 1059 1202 1142 serapem,
1224 1064 1446 1143 significatione
1476 1065 1565 1128 ducta
1594 1067 1631 1130 nh

254 1158 306 1221 ida
329 1159 450 1222 visione
472 1157 569 1222 Isaiae
591 1160 622 1222 in
646 1179 705 1241 qua
729 1158 846 1240 Serapi
868 1159 1030 1221 carbonem
1053 1161 1153 1222 vivum
1183 1159 1300 1243 lorcipe
1329 1163 1433 1227 eduxit
1461 1164 1497 1227 ab
1528 1166 1632 1242 altari;

254 1258 418 1341 tetigitque
438 1258 609 1338 Prophetae
631 1259 727 1338 labia,
751 1277 848 1340 eaque
872 1258 1034 1321 mundavit.
1080 1258 1218 1323 Christus
1241 1268 1342 1324 autem
1370 1263 1536 1326 secuudum
1563 1285 1632 1346 my-

254 1357 362 1420 sticam
386 1356 527 1420 Germani
549 1357 738 1419 Patriarchae
761 1358 1055 1438 interpretationem,
1079 1356 1217 1420 omnibns
1230 1358 1433 1424 Orientalibus
1447 1361 1631 1441 familiarem,

254 1456 378 1519 divinis
400 1464 432 1519 et
453 1456 618 1537 spiritualis
642 1456 734 1520 carbo
757 1464 822 1535 est,
853 1455 995 1537 indignos
1025 1465 1056 1519 et
1086 1465 1202 1520 temere
1229 1459 1409 1523 accedentes
1440 1462 1631 1526 comburens.

254 1554 300 1616 lta
323 1554 433 1618 Graeci
455 1557 577 1637 passim.
621 1557 737 1619 Vocem
759 1573 881 1636 quoque
895 1554 1039 1617 Graecam
1056 1555 1176 1619 Arabes
1192 1568 1410 1639 susceperunt,
1433 1559 1632 1640 Labidunque

253 1661 385 1718 vocant:
412 1654 500 1717 aliter
521 1653 682 1727 Mmanket.
727 1653 868 1737 Coptitae
881 1641 1077 1740 xoxitciptoe,
1101 1664 1132 1718 et
1155 1655 1213 1718 alia
1235 1674 1314 1719 voce
1330 1658 1361 1720 in
1374 1658 1484 1721 Rituali
1499 1658 1631 1721 Gabrie-

253 1752 293 1816 lis
322 1770 488 1838 τμυστηρ,
518 1750 675 1815 aGraeea
703 1739 862 1838 μύστρον,
891 1771 969 1834 quae
1000 1771 1061 1815 non
1091 1754 1227 1816 eamdem
1256 1756 1346 1836 plane
1380 1758 1630 1839 significationem

253 1852 356 1915 habet.
401 1851 435 1913 ln
457 1851 613 1915 Glossario
636 1849 932 1932 Coptica-Arabico
954 1851 1161 1940 τκοκλιαριον
1182 1861 1214 1917 et
1234 1869 1400 1939 μιστουρι.
1502 1869 1511 1877 “

341 1950 376 2012 ln
398 1950 506 2013 Rituali
533 1950 681 2013 Gabrielis
712 1949 817 2012 eadem
849 1949 1020 2012 benedictio
1050 1950 1181 2033 legitur,
1212 1970 1280 2014 oum
1309 1954 1421 2034 artigua
1451 1953 1630 2019 differentia.

247 2049 384 2112 Domana
403 2049 488 2111 Deus
508 2052 561 2130 qni
586 2068 708 2111 sernum
735 2057 817 2110 tumn
847 2047 963 2110 lanium
993 2049 1194 2130 Prophetom,
1228 2053 1352 2132 dipmtm
1377 2052 1483 2132 fecisti
1508 2054 1634 2117 videam

252 2150 434 2229 Seraphim
456 2149 487 2209 in
509 2147 640 2211 Arabica
662 2149 808 2210 versione
829 2146 1007 2223 Cherubim
1029 2151 1061 2209 in
1083 2152 1169 2228 natu
1195 2168 1288 2211 manu
1306 2149 1431 2230 forceps
1460 2159 1543 2230 erut,
1573 2171 1631 2233 quo

250 2250 375 2327 accepit
396 2247 557 2309 carbonem
587 2251 626 2308 de
648 2265 739 2326 nuper
761 2246 856 2308 altari
877 2253 906 2308 et
934 2250 967 2308 t'n
989 2266 1025 2309 os
1054 2250 1119 2327 q'es
1145 2249 1228 2310 illum
1254 2249 1373 2328 wecil:
1403 2248 1490 2312 Nune
1523 2252 1632 2327 etrum,

249 2345 339 2408 Deras
358 2346 455 2407 Pater
474 2348 677 2425 omncpotens,
700 2346 830 2406 eoetmde
854 2364 976 2407 muman
998 2354 1081 2408 ntum
1110 2365 1202 2426 nuper
1230 2347 1288 2408 boc
1317 2348 1476 2424 cochlear,
1506 2370 1547 2412 ec
1574 2370 1633 2431 quo

252 2445 305 2508 vel
327 2446 361 2506 in
382 2463 456 2525 quo,
479 2444 690 2524 mseipiendne
709 2450 780 2505 tamt
800 2443 947 2524 relapsae
968 2452 1094 2506 sunctae
1109 2431 1356 2530 (ἤιλουμψανον
1369 2447 1505 2527 ednod.)
1550 2448 1634 2510 Ara-

252 2545 324 2606 bica
346 2543 498 2619 membra,
520 2544 661 2622 corporis
684 2542 835 2621 Unipent‘b'
859 2543 917 2621 fittt
944 2545 1005 2619 tui,
1033 2543 1158 2606 Domitii
1180 2543 1244 2610 Dei
1276 2551 1305 2605 et
1333 2544 1508 2609 Solnotoris
1534 2550 1634 2610 nostri

252 2643 331 2703 desae
354 2640 478 2705 Christi.
522 2640 556 2702 ln
578 2641 710 2703 Arabica
733 2642 892 2716 versione,
915 2644 1057 2721 corporis
1078 2646 1187 2706 sancti
1233 2641 1368 2705 Bertedie
1394 2646 1483 2721 illud,
1513 2649 1632 2709 suncti-

250 2743 315 2820 βω
335 2740 428 2801 illaad:
451 2741 494 2802 do
514 2740 559 2802 itti
579 2743 717 2802 uirtutem
740 2750 770 2802 et
789 2741 919 2820 pierium
938 2740 1084 2821 forcipis,
1112 2743 1166 2822 qai
1192 2750 1238 2804 est
1259 2744 1292 2802 in
1321 2743 1431 2805 dextra
1460 2744 1631 2826 Seraphim,

252 2846 311 2901 etc.
358 2838 402 2900 lta
425 2856 499 2901 sane
521 2840 634 2902 rectius
656 2841 734 2902 verti
757 2838 865 2919 dehet,
896 2858 984 2920 quam
1013 2841 1265 2922 interpretatione
1288 2847 1391 2903 nostra
1410 2846 1630 2925 expressimus:

252 2937 335 2999 iilam
358 2938 437 3000 enim
460 2936 570 3001 dudum
592 2957 633 3000 ex
655 2939 714 3001 alio
736 2937 904 3019 exemplari
934 2938 1060 3017 iactam,
1092 2957 1160 3001 curn
1184 2938 1296 3005 Rituali
1326 2942 1475 3006 Gabrielis
1504 2960 1632 3023 eompa-

252 3055 327 3100 rare
350 3036 436 3099 obliti
458 3036 620 3101 ineramus.

343 3136 454 3199 Versio
483 3137 571 3218 hujus
600 3134 819 3198 benedictionis
847 3153 925 3216 quae
956 3143 1041 3198 extat
1069 3137 1100 3198 in
1131 3137 1301 3218 Symmictis
1330 3140 1505 3217 Allatianis,
1534 3157 1631 3220 pauca

255 3233 443 3298 emendanda
466 3233 566 3297 habet.
611 3234 673 3299 Sed
696 3253 761 3297 eam
784 3251 847 3296 uon
868 3253 908 3296 ex
931 3232 1059 3315 Coptica
1089 3236 1255 3318 exemplari
1288 3258 1408 3301 versam
1436 3255 1506 3301 esse
1533 3238 1632 3300 mani-

254 3333 366 3397 festum
389 3340 453 3412 est,
487 3349 550 3395 non
578 3334 675 3416 magis
705 3350 793 3414 quam
827 3332 971 3414 reliquas.
1015 3334 1166 3398 Perverse
1188 3343 1287 3399 tamen
1315 3345 1346 3400 et
1374 3345 1479 3400 contra
1508 3337 1633 3400 Arabici

255 3433 440 3515 exemplaris
463 3434 641 3494 sententiam
655 3432 776 3515 legitur.
820 3431 904 3493 Denta
914 3434 966 3513 qni
982 3435 1116 3512 posuisti
1128 3453 1248 3497 sernum
1261 3444 1342 3498 mum
1360 3436 1475 3498 isaiam
1492 3434 1633 3516 Proplte-

254 3541 335 3607 tout,
358 3533 500 3612 dicaam,
529 3538 563 3592 nt
583 3532 701 3593 viduet
726 3531 903 3611 Seraphim,
933 3539 964 3593 et
985 3531 1124 3612 foropes
1151 3534 1183 3595 ὄπ
1211 3554 1303 3596 mnu
1325 3537 1389 3613 ej1es
1417 3542 1575 3609 cenenum
1605 3541 1635 3595 el

254 3630 440 3709 desermtem
461 3631 502 3691 iis
522 3630 669 3691 colomam
691 3632 816 3710 ipnincn
837 3649 930 3710 nuper
952 3630 1065 3706 ultum,
1095 3639 1126 3692 et
1147 3633 1354 3696 ducamus»
1381 3635 1431 3695 ori
1457 3652 1522 3696 suo.
1566 3633 1633 3694 Po-

256 3731 348 3791 ma‘rti
367 3730 507 3809 diqnwn,
529 3728 732 3792 barbarismus
763 3735 824 3791 est:
856 3728 990 3808 [monbec
1017 3729 1126 3809 plurali
1156 3748 1281 3794 numero
1311 3733 1462 3812 interpres
1492 3731 1632 3808 reddidit,

256 3831 327 3909 quia
351 3846 461 3891 nomen
483 3827 573 3907 illud,
597 3836 630 3890 ut
652 3828 710 3890 alia
732 3827 893 3906 nonnulla,
917 3827 996 3889 duali
1018 3846 1146 3892 numero
1169 3830 1249 3911 apud
1271 3830 1391 3893 Arabes
1404 3837 1578 3912 usurpatur,
1602 3837 1632 3890 at

255 3929 288 3989 in
309 3927 457 4011 singulari
479 3927 600 4010 legitur,
624 3927 731 3989 tamin
754 3925 921 4007 exemplari
944 3925 1089 4007 Coptica,
1113 3936 1173 3991 tum
1197 3932 1227 3992 in
1249 3948 1337 3993 saera
1350 3931 1509 4011 scriptura,
1532 3950 1549 3992 a
1573 3948 1631 4010 qna

256 4044 333 4089 saue
355 4024 460 4089 recedi
481 4043 543 4088 non
566 4026 744 4106 oportebat,
768 4034 873 4089 contra
896 4032 996 4087 textus
1020 4045 1109 4107 quem
1131 4029 1162 4090 in
1185 4014 1320 4091 manibus
1342 4028 1487 4108 habebat,
1520 4029 1633 4090 lectio-

255 4143 336 4188 nem.
380 4124 487 4206 Neque
510 4126 589 4187 enim
612 4124 730 4207 Seraph
753 4125 860 4189 detulit
881 4124 1044 4186 carbonem
1066 4126 1192 4207 ignitum
1215 4146 1309 4209 super
1331 4128 1442 4206 altare,
1473 4134 1505 4190 et
1526 4126 1633 4189 admo-

255 4226 301 4285 vit
322 4225 369 4286 ori
391 4241 465 4303 suo,
489 4223 545 4286 sed
568 4242 607 4285 ex
635 4225 723 4286 altari
751 4224 887 4305 accepit,
917 4231 948 4285 et
977 4223 1108 4285 admovit
1137 4224 1224 4288 labiis
1252 4227 1432 4308 Prophetae.
1477 4226 1630 4306 Sequitur,

254 4322 396 4385 Extende
416 4342 540 4385 monem
562 4330 645 4385 mom
667 4343 759 4404 nuper
779 4324 838 4385 boe
860 4321 1016 4398 coclkor,
1038 4342 1097 4404 qno
1119 4327 1248 4387 sumine
1274 4344 1386 4406 corpus
1414 4332 1551 4387 canobon
1577 4324 1635 4405 fitia·

254 4423 302 4483 tui
324 4423 478 4502 mainerum
524 4419 558 4483 ln
585 4421 712 4504 Coptieo
746 4430 832 4486 textu
859 4420 972 4502 legitur
994 4418 1156 4508 λείψανον
1184 4442 1293 4505 nempe
1319 4425 1465 4506 reliquiae
1491 4424 1632 4504 eorporis

256 4520 385 4600 Christi,
408 4538 497 4601 quam
524 4540 631 4585 vocem
654 4521 774 4584 Arabes
797 4527 955 4583 verterunt
977 4539 1033 4602 per
1056 4523 1190 4585 membru
1211 4524 1365 4604 corporis,
1390 4541 1467 4604 quae
1490 4540 1551 4585 vox
1574 4541 1633 4584 ex-

255 4622 394 4700 pressius
416 4620 529 4683 realem
550 4622 752 4702 praesentiam
775 4619 935 4703 significat.
980 4621 1085 4701 ltaque
1108 4640 1163 4684 cur
1185 4630 1322 4685 neutram
1346 4621 1513 4685 reddiderit
1534 4622 1633 4682 inter-

256 4736 329 4800 pres
353 4737 445 4782 cansa
469 4720 551 4782 nulla
574 4730 656 4801 erat,
679 4722 738 4783 nisi
759 4718 839 4782 sorte
861 4718 943 4800 quod
972 4728 1109 4783 neutram
1139 4722 1303 4799 intellexit,
1335 4729 1385 4783 aut
1415 4721 1498 4802 quod
1527 4719 1633 4784 alienis

257 4817 354 4881 oculis
377 4818 514 4881 codicem
540 4838 627 4883 suum
649 4820 790 4902 inspexit

1348 4921 1426 4998 55*
