4525 6034
659 594 724 670 XO
1150 593 1535 673 DISSERTATIO

659 790 790 882 incipit;
804 786 986 879 desinitque
1002 787 1034 855 in
1049 786 1145 881 pacis
1164 781 1297 855 osculo:
1315 781 1453 853 alteram
1466 805 1485 852 a
1504 786 1597 877 pacis
1611 781 1725 855 osculo
1741 804 1846 876 usque
1860 781 1901 853 ad
1915 782 2025 874 finem,

659 907 693 974 iu
711 902 843 975 Graeca
858 902 965 974 Marci
979 900 1129 993 liturgia
1152 902 1244 994 prior
1259 897 1314 969 illa
1327 920 1407 994 pars
1429 902 1510 971 satis
1525 902 1654 992 integra
1675 908 1736 970 est
1763 898 1923 992 Quamvis
1939 903 2026 971 euim

657 1043 727 1092 non
742 1028 897 1091 accurate
912 1021 1059 1108 omnino,
1068 1039 1176 1112 neque
1190 1013 1426 1087 iisdemverbis
1441 1025 1475 1087 et
1488 1016 1704 1104 orationibus,
1713 1038 1787 1086 eam
1797 1027 2029 1109 repraesentet

658 1136 766 1210 simile
792 1136 950 1223 officium,
978 1134 1065 1229 quod
1092 1137 1124 1205 in
1151 1132 1299 1229 Copticis
1334 1131 1484 1204 omuibus
1513 1130 1772 1227 exemplaribuS,
1799 1134 1830 1202 ei
1856 1130 2029 1225 Liturgiae

660 1276 747 1347 quae
773 1252 887 1325 Basilii
902 1274 1023 1323 nomen
1047 1249 1159 1339 babet,
1185 1252 1422 1345 praemittitur;
1449 1248 1534 1320 idem
1549 1256 1670 1340 mmen,
1697 1258 1852 1342 quamam
1880 1248 1923 1319 ad
1942 1271 2029 1321 sen-

659 1372 792 1461 tentias,
820 1372 1069 1464 orationumque
1095 1376 1129 1438 et
1154 1372 1274 1438 ritumn
1300 1365 1549 1461 dispositionem
1576 1387 1672 1454 esse,
1698 1363 1797 1435 facile
1824 1370 2027 1456 agnoscitur.

658 1484 843 1580 Supererat
868 1507 947 1581 pars
984 1483 1129 1558 secunde
1162 1487 1196 1554 in
1223 1507 1288 1578 qua
1323 1485 1430 1574 major
1458 1485 1590 1554 omuino
1616 1482 1736 1574 Marci,
1763 1490 1797 1553 et
1822 1481 1936 1555 Basilii
1962 1484 2028 1557 Li-

661 1604 841 1694 turgiarum
869 1602 1054 1673 diversitas.
1098 1599 1162 1672 Est
1188 1599 1317 1696 quidem
1344 1621 1411 1670 non
1438 1598 1562 1671 inillis
1589 1598 1701 1688 modo,
1729 1599 1789 1671 sed
1817 1602 1850 1670 in
1876 1600 2028 1674 omnibus

659 1722 799 1814 antiquis
827 1720 898 1794 aliis
926 1721 1161 1814 cujuscumque
1187 1716 1340 1810 linguae,
1374 1713 1460 1786 idem
1497 1714 1594 1805 ordo,
1621 1719 1790 1789 orationes
1817 1719 1851 1787 in
1877 1718 2029 1790 eamdem

659 1839 852 1909 sententiam
880 1836 1133 1925 convenientes,
1160 1837 1242 1906 ritus
1270 1804 1650 1924 smdlefflfflis
1678 1856 1724 1905 ex
1749 1832 1931 1905 verborum
1957 1859 2029 1909 va-

658 1954 778 2023 rietate
804 1950 990 2024 diversitas.
1031 1950 1084 2023 Eo
1111 1953 1212 2044 igitur
1237 1950 1429 2041 conjectura
1456 1947 1610 2039 ducebat,
1637 1958 1672 2020 ut
1697 1949 1739 2020 de
1766 1948 1843 2039 illis,
1871 1950 1958 2025 idem
1985 1979 2028 2026 ao

658 2067 701 2139 de
714 2068 850 2163 reliquis
866 2066 1089 2140 Orientalibus
1114 2067 1270 2159 judicium
1292 2064 1449 2157 ferretur,
1476 2088 1536 2138 eas
1558 2066 1685 2139 scilicet
1711 2070 1863 2160 quamvis
1889 2091 1955 2141 non
1981 2094 2030 2143 ex

657 2195 751 2257 certo
780 2184 889 2279 aliquo
918 2183 1035 2256 codice
1062 2181 1195 2255 Graeco
1222 2205 1407 2278 expressae
1433 2183 1557 2274 forent,
1584 2184 1626 2256 ad
1645 2184 1828 2279 simplicem
1855 2187 2030 2282 quamdam

659 2311 693 2371 et
719 2303 901 2395 principem
928 2300 1079 2373 sacrificii
1105 2298 1266 2371 offerendi
1291 2300 1419 2395 legem,
1448 2324 1533 2395 quae
1561 2300 1712 2373 omuibus
1738 2300 1900 2375 Ecclesiis
1927 2327 2029 2377 com-

658 2421 765 2488 munis
791 2416 890 2508 foret,
916 2416 1020 2490 luisse
1046 2420 1250 2488 constitutas.
1285 2415 1328 2487 Ut
1354 2420 1440 2488 enim
1467 2420 1513 2487 ita
1539 2416 1660 2488 iactum
1688 2441 1766 2490 esse
1792 2421 1881 2489 circa
1908 2420 2027 2493 Litur-

658 2536 734 2625 gias
761 2532 868 2631 Syros
895 2533 1104 2628 multiplices,
1130 2536 1193 2605 vix
1218 2542 1329 2629 potest
1355 2532 1509 2623 dubitari,
1534 2537 1580 2605 ita
1609 2533 1650 2604 de
1678 2532 1781 2639 tribus
1803 2535 2030 2633 Aegqptiacis

657 2659 694 2721 ut
715 2650 929 2742 judicaretur,
956 2654 1144 2746 proximum
1172 2660 1252 2721 erat.
1295 2649 1414 2723 Omnia
1441 2656 1562 2747 quippe
1589 2650 1878 2725 Sacramentorum
1906 2654 2029 2747 officia,

659 2770 759 2837 etiam
785 2771 819 2837 in
845 2770 910 2838 ritu
935 2770 1043 2859 magis
1071 2765 1220 2856 diverso,
1248 2767 1354 2861 qualis
1382 2778 1434 2841 est
1452 2768 1688 2861 Occidentalis,
1714 2772 1810 2864 isque
1836 2792 1904 2841 nou
1930 2795 2028 2863 uuus,

658 2887 842 2955 convenire
870 2894 996 2955 certum
1023 2893 1087 2973 est,
1113 2887 1148 2954 in
1170 2883 1320 2956 omnibus
1335 2885 1397 2957 illis
1423 2884 1584 2980 partibuS,
1612 2909 1709 2980 quae
1725 2888 1922 2958 essentiales
1932 2911 2029 2960 —cen-
2056 2941 2068 2954 .

656 3002 725 3074 seri
753 2999 884 3073 debent.
938 3000 1026 3073 luter
1054 2999 1168 3073 Officia
1194 3022 1279 3073 vero
1308 3002 1441 3073 diversa
1470 3001 1647 3075 observari
1673 3007 1857 3074 orationum
1884 3003 2029 3099 aliquam

657 3115 963 3207 dissimilitudinem,
990 3140 1033 3189 eo
1060 3116 1188 3189 facilius
1215 3117 1346 3205 accidit,
1374 3117 1474 3214 quod,
1500 3128 1536 3190 ut
1562 3142 1607 3189 ex
1620 3118 1745 3191 Basilio
1772 3123 1978 3211 notavimus,
2004 3146 2028 3192 a

650 3231 720 3305 SS.
748 3232 902 3305 Patribus
930 3236 1053 3329 scripto
1071 3233 1190 3305 tradita
1206 3256 1273 3305 uon
1288 3233 1429 3305 lucrant.
1457 3235 1572 3330 ltaque
1599 3237 1632 3305 in
1649 3238 1731 3307 satis
1746 3234 1878 3330 prolixa
1889 3259 2029 3331 precum

656 3359 690 3419 ot
715 3348 930 3421 formularum
957 3353 1057 3441 serie,
1085 3350 1247 3445 quaedam
1275 3353 1430 3441 strictius,
1457 3350 1618 3446 quaedam
1645 3350 1751 3423 fusius
1772 3355 1923 3447 exprimi,
1951 3375 2028 3425 cum

656 3469 819 3537 sententia
847 3489 979 3561 semper
1005 3475 1097 3541 esset
1128 3465 1269 3558 eadem,
1296 3468 1411 3557 mirum
1436 3489 1504 3539 non
1531 3477 1613 3538 erat.
1647 3466 1699 3539 Ne
1727 3477 1835 3539 tamen
1863 3491 2025 3540 successu

657 3588 842 3675 temporum
876 3593 925 3656 tot
949 3583 1121 3676 Liturgiae
1156 3584 1393 3673 scriberentur,
1420 3594 1500 3677 quot
1524 3582 1701 3678 Episcopis
1727 3582 1920 3678 placuisset,
1947 3608 2022 3657 cum

658 3699 692 3766 iu
723 3720 820 3769 unam
854 3703 1049 3771 sententiam
1084 3722 1199 3771 omnes
1232 3699 1406 3772 Ecclesiae
1440 3704 1668 3788 convenirent,
1696 3704 1730 3772 in
1758 3702 1909 3793 singulis,
1937 3724 2023 3797 quae

657 3818 766 3904 magis
793 3817 940 3907 insigues
968 3827 1092 3905 esseut,
1119 3815 1397 3888 Patriarchalibus
1423 3819 1636 3912 praesertim,
1664 3838 1833 3888 sacrorum
1860 3814 2024 3888 formulae

657 3933 855 4003 constitutae
882 3942 968 4025 sunt,
997 3956 1015 4003 a
1043 3932 1160 4026 quibus
1187 3932 1347 4005 recedere
1374 3956 1441 4005 nnn
1454 3933 1581 4023 liceret,
1608 3955 1694 4026 quae
1710 3933 1890 4005 indubitata
1903 3935 2024 4005 diver-

656 4066 766 4117 sarum
793 4047 1016 4140 Liturgiarum
1043 4052 1140 4142 origo
1169 4060 1230 4121 est.
1264 4049 1414 4145 Cumque
1426 4073 1489 4122 usu
1514 4059 1734 4122 consecratae
1760 4049 1936 4143 aliquando
1962 4049 1979 4120 l
2000 4093 2025 4107 -

655 4173 730 4233 reut
756 4164 788 4233 in
815 4162 977 4237 Ecclesiis
1004 4169 1173 4238 orationes
1199 4167 1395 4255 nonnullae,
1422 4189 1504 4261 quas
1531 4166 1660 4239 aboleri
1685 4168 1756 4238 sine
1781 4164 1888 4260 plebis
1915 4166 2026 4260 aliqua

655 4278 902 4373 perturbatione
918 4280 1078 4376 Episcopi
1104 4304 1172 4353 non
1198 4304 1302 4377 posse
1325 4282 1540 4374 judicabant,
1567 4282 1706 4353 relictae
1732 4291 1807 4355 sunt
1834 4292 1867 4353 et
1893 4285 2025 4377 scriptis

656 4399 886 4488 consignatae,
914 4407 949 4468 ut
975 4396 1169 4492 quibusdam
1197 4397 1314 4472 diebus
1339 4409 1587 4494 usurparentur.

371 4547 643 4619 0„„,L„„,35„„
759 4511 883 4584 XXIV.
909 4512 966 4584 Ex
991 4518 1154 4586 communi
1180 4517 1281 4607 igitru
1307 4514 1363 4587 illo
1391 4538 1558 4588 sacrarum
1575 4518 1759 4586 orationum
1786 4512 1942 4587 thesauro
1956 4512 2027 4584 de-

334 4637 468 4703 primaeva
494 4638 620 4688 commum
655 4638 806 4725 promtae
842 4638 918 4701 suut
953 4652 1069 4703 omnes
1107 4653 1213 4726 prope
1246 4632 1340 4722 illae,
1375 4654 1458 4726 quas
1490 4636 1524 4703 in
1550 4634 1654 4704 variis
1681 4652 1886 4725 quacumque
1912 4630 2028 4722 lingua

334 4721 644 4863 Z‘ffffifflffi'
658 4748 787 4840 scriptis
813 4743 974 4838 Limrgiis
1006 4750 1209 4841 reperimus;
1236 4750 1299 4821 vix
1332 4751 1418 4820 euim
1452 4750 1517 4820 rdla
1544 4758 1597 4823 est
1624 4768 1710 4843 quae
1737 4745 1795 4817 vel
1821 4750 1855 4817 in
1882 4746 2028 4820 Consti-

334 4825 403 4950 ,υἷι
658 4859 836 4934 tutionibus
866 4862 1093 4958 Apostolicis,
1128 4864 1187 4936 vel
1212 4868 1246 4935 in
1271 4864 1406 4957 Basilii,
1433 4866 1677 4963 chrysostomi,
1704 4872 1761 4933 aut
1786 4864 2027 4958 antiquioribus

659 4975 779 5049 Jacobi
813 4987 846 5049 et
877 4978 983 5050 Marci
1015 4979 1175 5073 Liturgiis
1206 5003 1274 5052 non
1301 4992 1424 5073 exstet,
1458 4992 1514 5054 aut
1539 4981 1656 5054 iisdem
1682 4976 1799 5052 verbis
1827 4987 1882 5049 aut
1907 4979 2028 5052 eadem

658 5092 774 5169 saltem
802 5099 973 5169 sententia.
999 5095 1160 5190 Magnum
1185 5107 1257 5169 toto
1272 5097 1409 5173 Oriente
1434 5099 1549 5174 Basilii
1574 5119 1709 5186 nomen,
1735 5117 1890 5188 magnum
1908 5095 2027 5192 Chry-
