4525 6034
362 2148 538 2217 Aegyptiacae
550 2150 656 2219 linguae

344 2236 442 2286 veteris
463 2251 541 2287 voces
561 2235 656 2287 multae

344 2320 371 2371 iu
385 2318 492 2388 Coptica
509 2331 656 2390 supersunt

670 537 764 613 CXII
1154 541 1537 620 ulssttvttlo

668 725 756 799 Nam
782 728 868 798 inter
895 724 1090 817 Glossaria,
1127 750 1214 824 quae
1244 727 1352 820 vulgo
1383 727 1510 800 Scalae
1534 736 1678 819 vocant,
1703 725 1867 801 habentur
1891 732 2055 804 nonnulla

670 841 797 915 diversi
823 844 978 934 generis,
1015 841 1057 913 ab
1094 864 1137 913 eo
1171 842 1260 937 quod
1294 841 1474 916 llircherus
1502 843 1621 935 edidit,
1646 866 1711 915 nec
1737 843 1793 916 illa
1818 844 1958 918 viderat
2014 849 2056 920 ln

668 955 732 1029 illis
759 978 828 1028 non
854 956 978 1053 duplex
1005 965 1150 1048 tantum,
1185 959 1281 1028 utin
1307 959 1371 1029 isto
1398 969 1433 1030 et
1457 958 1604 1051 vulgatis
1638 958 1792 1032 columna
1819 969 1885 1051 est,
1912 983 2057 1055 quarum

669 1094 735 1142 una
762 1094 870 1145 voces
899 1071 1080 1167 Copticas,
1098 1071 1204 1144 altera
1231 1071 1362 1145 illarum
1393 1072 1576 1147 Arabicam
1607 1076 1910 1173 interpretationem
1936 1079 2057 1151 conti-

669 1195 758 1259 ueat.
811 1185 938 1257 Verum
965 1188 1118 1260 columna
1144 1185 1268 1282 triplex
1294 1197 1359 1278 est,
1387 1199 1486 1284 atque
1512 1192 1546 1260 in
1571 1193 1679 1284 primo
1706 1188 1868 1261 laterculo
1896 1188 2055 1263 Graecae

669 1324 778 1375 voces
806 1300 1013 1375 scribuntur:
1045 1305 1078 1373 in
1112 1301 1261 1376 secundo
1293 1324 1408 1375 earum
1438 1306 1667 1400 interpretatio
1703 1302 1863 1399 Coptica:
1888 1306 1923 1375 in
1948 1309 2053 1378 tertio

669 1416 828 1491 Arabica.
883 1418 963 1490 lnde
989 1427 1122 1491 constat
1147 1440 1255 1491 voces
1282 1439 1399 1491 omnes
1427 1442 1513 1514 quae
1538 1422 1572 1490 in
1597 1418 1691 1492 libris
1717 1418 1963 1492 Ecclesiasticis
1990 1419 2053 1490 le-

670 1543 805 1625 gamtur,
832 1531 995 1624 Graecas,
1021 1534 1064 1604 ad
1091 1532 1334 1607 Grammatices
1348 1530 1511 1630 Copticae
1536 1534 1677 1606 formam
1702 1533 1862 1624 inflexas,
1889 1556 1956 1606 uon
1982 1534 2053 1605 nisi

670 1651 779 1720 serius
805 1652 839 1719 in
866 1647 1011 1741 linguam
1037 1652 1252 1742 migravisse,
1279 1671 1355 1721 cum
1381 1649 1460 1721 olim
1477 1652 1632 1746 proprias
1650 1647 1790 1720 haberet
1806 1670 1935 1738 omnes,
1962 1669 2054 1742 quae

670 1767 705 1834 in
732 1763 855 1836 Officiis
882 1767 989 1837 sacris
1016 1774 1072 1836 aut
1097 1763 1291 1859 Scripturae
1317 1763 1530 1838 versionibus
1556 1767 1778 1861 reperiuntur,
1804 1764 1869 1837 illis
1890 1763 2055 1836 duntaxat

670 1881 835 1974 exceptis,
864 1902 950 1974 quae
977 1902 1051 1952 cum
1078 1879 1246 1972 rehgicne
1273 1877 1460 1953 Christiana
1485 1890 1586 1953 natae
1613 1890 1646 1952 et
1672 1890 1892 1976 propagatae,
1918 1884 1952 1952 in
1977 1904 2053 1953 ve-

670 1998 734 2065 teri
760 1995 873 2087 hngua
895 1997 1112 2091 Aegyptiace
1140 1994 1250 2067 locum
1276 1994 1402 2067 habere
1428 2018 1497 2068 non
1521 2005 1685 2091 poterant.

774 2110 891 2205 ltaque
922 2115 958 2181 in
992 2108 1134 2206 Coptica
1167 2108 1281 2203 lingua
1315 2115 1526 2207 reperiuntur
1561 2121 1617 2182 aut
1656 2132 1763 2183 voces
1808 2114 1921 2207 ipsae,
1964 2134 2051 2206 quas

670 2226 877 2299 Graecorum
903 2236 1057 2299 veterum
1083 2225 1159 2298 libri
1183 2225 1282 2299 nobis
1310 2236 1552 2316 servaverunt,
1584 2235 1640 2298 aut
1670 2226 1801 2298 illarum
1831 2248 1899 2298 non
1928 2226 2053 2299 dubiae

671 2346 831 2435 origines.
884 2341 1069 2414 Nonnullas
1097 2342 1187 2414 dedit
1211 2340 1411 2433 llircherus,
1447 2342 1509 2416 sed
1543 2352 1579 2413 ut
1604 2363 1725 2413 verum
1758 2339 1924 2412 fateamur
1957 2366 2052 2438 pau-

671 2462 846 2550 cissimas,
873 2469 908 2529 et
932 2457 1127 2554 plerumque
1153 2457 1277 2532 falsas:
1305 2461 1468 2530 certiores
1496 2456 1621 2553 aliquot
1646 2456 1839 2531 Salmasius.
1879 2455 1934 2528 De
1959 2481 2053 2531 voce

671 2572 798 2646 celebri
824 2577 859 2646 in
885 2597 984 2648 sacra
1010 2574 1204 2672 Scriptura,
1231 2577 1432 2666 cognomine
1459 2573 1587 2649 scihcet
1613 2595 1679 2668 quo
1694 2569 1878 2667 losephum
1892 2571 2053 2647 Patriar-

671 2687 766 2762 cham
793 2689 924 2761 Pharao
951 2688 1160 2781 honestavit,
1185 2688 1498 2780 multaKircherus,
1526 2691 1621 2782 quasi
1641 2708 1930 2786 ψομτομφανηκ,
1957 2690 2052 2785 quod

669 2808 703 2876 in
738 2803 959 2901 Septuaginta
993 2806 1213 2902 Interpretum
1248 2809 1409 2879 versione
1444 2804 1584 2896 legitur,
1624 2804 1806 2900 simplicem
1839 2803 1980 2875 haberet
2014 2807 2052 2876 in

668 2919 782 3013 lingua
811 2921 953 3016 Coptica
979 2921 1264 3014 significationem.
1300 2920 1430 3017 Nempe
1456 2923 1491 2992 in
1518 2921 1700 2994 Glossariis
1728 2918 1784 2990 ubi
1810 2917 1932 2990 multae
1960 2942 2051 3014 quae

668 3039 703 3107 in
730 3039 836 3108 sacris
862 3037 968 3112 literis
995 3047 1176 3110 occurrunt
1200 3056 1307 3109 voces
1334 3035 1541 3126 referuntur,
1568 3037 1734 3131 reperitur
1760 3037 1860 3106 etiam
1878 3037 1957 3123 ista3
1984 3033 2050 3105 sed

668 3156 764 3224 utin
791 3150 932 3226 Graecis
958 3151 1073 3245 libris,
1099 3152 1188 3225 unde
1214 3162 1322 3225 sumta
1347 3151 1409 3224 luit
1441 3152 1582 3245 legitur,
1614 3151 1751 3224 totidem
1787 3146 1941 3246 syllabis:
1975 3172 2050 3221 ex-

668 3270 789 3363 positio
823 3278 933 3340 autem
968 3268 1056 3341 ilhus
1088 3291 1137 3341 ex
1166 3291 1208 3340 ea
1245 3290 1332 3364 quae
1364 3267 1443 3339 olim
1477 3265 1698 3364 usurpabatru
1722 3266 1853 3358 lingua,
1881 3262 1985 3359 qualis
2013 3267 2051 3335 iu

667 3382 762 3457 libris
789 3380 1065 3474 habetur,n1dla
1092 3388 1265 3456 succurrit.
1318 3383 1444 3454 Verum
1480 3392 1595 3457 servat
1627 3382 1846 3478 antiquissimi
1881 3383 2050 3475 sermonis

668 3496 832 3593 Aegyptii
857 3499 1032 3596 reliquias,
1057 3522 1169 3595 neque
1196 3499 1407 3573 dubitandum
1436 3502 1514 3595 quin
1540 3497 1659 3570 eadem
1686 3499 1746 3589 sit,
1773 3519 1838 3591 qua
1856 3495 2050 3588 indigenae,

670 3615 726 3706 qui
753 3612 886 3687 Graece
912 3613 1125 3705 nesciebant,
1150 3620 1279 3711 passim
1304 3616 1490 3691 utebantur.

344 3753 657 3809 nuveraramonumma
776 3729 829 3800 Ad
859 3741 978 3802 vetera
1011 3742 1245 3825 monumenta,
1279 3734 1533 3824 Obehscorum,
1571 3729 1808 3829 Pyramidum,
1850 3726 2049 3824 sphingum,

344 3842 536 3908 interpretanda
548 3849 587 3895 est
596 3844 657 3894 inu-

343 3930 404 3981 tilis.

671 3853 705 3915 et
731 3866 885 3917 arcarum
911 3846 1145 3942 sepulcralium
1173 3850 1391 3945 exphcanda,
1417 3848 1539 3923 inutilis
1566 3848 1665 3944 plane
1692 3843 1859 3918 censenda
1879 3852 1950 3933 est,
1976 3863 2047 3911 ne-

671 3983 736 4054 que
762 3964 870 4053 magis
900 3961 1051 4034 abnormi
1079 3962 1290 4058 Theologioe
1321 3976 1473 4038 veterum
1504 3965 1753 4059 Aegyptiorum
1785 3956 2047 4050 cognoscendae

667 4087 781 4170 potest
806 4077 1006 4150 conducere.
1059 4078 1249 4152 Periculum
1275 4085 1305 4154 si
1332 4081 1459 4154 dubitat
1490 4083 1630 4176 quisque
1661 4076 1764 4148 iaciat
1798 4079 1831 4145 in
1865 4070 2047 4165 grandibus

667 4191 869 4288 Aegyptiaci
897 4193 1015 4289 Oedipi
1040 4196 1161 4285 tomis,
1188 4199 1222 4267 in
1249 4197 1368 4291 quibus
1394 4218 1623 4292 quaecumque
1657 4193 1795 4282 alicujus
1830 4190 1934 4285 precii
1965 4210 2046 4259 esse

666 4319 823 4402 possunt,
857 4308 989 4381 aliunde
1015 4312 1119 4404 petita
1145 4333 1245 4401 esse,
1278 4316 1388 4385 statim
1421 4309 1685 4408 deprehenditur.
1745 4307 1784 4378 ln
1817 4303 1882 4376 hoc
1916 4324 2046 4395 genere

670 4421 799 4520 Coptici
832 4423 908 4496 libri
939 4423 1020 4496 nulli
1055 4434 1147 4499 sunt:
1184 4429 1219 4498 in
1243 4426 1402 4501 Arabicis
1439 4448 1579 4522 quorum
1613 4444 1771 4495 numerus
1806 4418 1948 4490 infinitus
1980 4428 2053 4508 est,

667 4538 852 4613 fabularum
879 4541 1158 4636 ineptissimarum
1186 4564 1288 4635 seges
1316 4542 1536 4638 amphssima3
1564 4551 1598 4612 at
1624 4538 1714 4634 quod
1739 4536 1909 4609 Historiae
1935 4536 2047 4606 veteri
2077 4594 2082 4605 .

668 4655 776 4728 lucem
803 4658 938 4745 allerat,
965 4659 1028 4727 vix
1055 4656 1233 4753 quidquam
1258 4662 1420 4755 reperias.
1452 4656 1542 4730 Urbs
1568 4654 1659 4727 nulla
1686 4662 1738 4725 est
1764 4653 1858 4742 cujus
1885 4648 2046 4722 condito-

669 4794 741 4843 rem
774 4794 841 4843 non
876 4775 1047 4844 nominent
1085 4771 1247 4845 Misraimi
1272 4773 1391 4864 filium,
1427 4783 1483 4844 aut
1514 4795 1561 4844 ex
1594 4773 1666 4863 ejus
1700 4777 1891 4841 stemmate:
1926 4774 2046 4836 vetera

670 4887 840 4977 aedilicia,
867 4899 923 4960 aut
948 4898 1161 4961 monumenta
1187 4887 1336 4986 losepho
1363 4888 1596 4979 Patriarchae,
1622 4885 1795 4960 Salomoni
1814 4893 1868 4954 aut
1884 4881 2045 4953 Alexan-

525 5001 531 5013 '
670 5001 730 5074 dro
758 5002 926 5076 autoribus
953 5001 1106 5079 tribuunt.
1159 5003 1381 5079 Characteres
1403 5005 1520 5101 quibus
1537 5002 1686 5078 Obelisci
1714 5010 1769 5073 aut
1793 4997 1917 5072 ferales
1945 5019 2046 5069 arcae
