4525 6034
544 619 574 696 S.
600 618 706 694 PETRI
732 617 914 695 PRINCIPIS
940 616 1224 698 moslolocun
1487 621 1559 695 147

303 803 478 878 Sacerdos
502 805 693 876 inclinatus.
747 805 829 892 Quis
855 808 942 878 enlm
967 806 1090 878 infinite
1116 816 1250 880 sancus
1277 817 1340 896 est,
1367 815 1423 879 aut
1448 830 1468 878 a
1496 830 1560 904 qno

205 943 398 1015 quaeremus
423 921 547 995 ionum
574 923 772 1012 sanctitatis3
799 924 911 995 antio
938 944 1004 1018 quo
1031 933 1083 994 est
1108 926 1206 1017 origo
1237 926 1393 1020 perennis
1420 934 1560 996 sancto-

203 1058 272 1109 rum
297 1041 360 1110 nisi
386 1040 419 1109 in
446 1048 490 1126 te,
516 1039 618 1110 Pater
643 1040 803 1130 ingenite,
830 1048 864 1109 et
889 1042 921 1109 in
948 1037 1033 1111 Filio
1059 1048 1132 1128 tao,
1160 1049 1256 1126 nato,
1290 1038 1478 1128 adorando,
1505 1043 1561 1136 qni

203 1175 222 1225 e
247 1156 321 1225 sinn
346 1164 402 1226 tuo
427 1153 558 1250 prodiit,
586 1164 619 1225 et
644 1156 678 1225 in
704 1153 828 1249 Spiritu
853 1163 922 1242 tuo,
949 1157 1003 1251 qni
1021 1178 1088 1227 non
1114 1156 1341 1251 temporaliter
1367 1178 1387 1226 a
1413 1166 1447 1227 te
1472 1178 1560 1252 pro-

202 1269 315 1341 cedit?
340 1291 403 1366 per
428 1272 634 1343 sanctitatem
659 1269 1022 1367 incomprehensibilem
1050 1274 1275 1345 conscientiae
1299 1269 1408 1342 habita
1434 1273 1468 1343 in
1491 1293 1560 1344 no-

203 1384 267 1474 bis,
293 1386 462 1459 sanctifica
487 1409 562 1476 nos,
588 1397 622 1458 et
647 1384 755 1479 dirige
786 1409 859 1462 nos.
911 1387 988 1460 Non
1024 1391 1182 1474 tenuiter,
1209 1386 1269 1460 sed
1295 1386 1409 1458 beate:
1437 1395 1472 1459 et
1496 1410 1560 1460 se-

203 1501 340 1574 cundum
370 1525 516 1575 amorem
541 1513 630 1574 mam
656 1525 737 1596 erga
764 1501 913 1577 homines
939 1507 1070 1600 purgati
1097 1507 1199 1576 simus
1227 1527 1247 1575 a
1273 1500 1499 1599 passionIbns,
1527 1515 1561 1576 et

201 1617 345 1690 mundati
371 1641 390 1691 a
417 1618 556 1692 vinculis
581 1622 721 1715 peccati,
747 1630 783 1691 ut
808 1618 991 1692 doctrinam
1017 1622 1192 1715 mysticam
1223 1621 1381 1712 unigeniti
1407 1618 1481 1691 Filii
1515 1625 1560 1691 tui

202 1738 431 1831 suscipiamus,
458 1746 492 1807 et
517 1746 625 1806 tecum
651 1738 694 1808 sit
721 1735 896 1807 delectatio
922 1745 1047 1809 nostra.

302 1853 454 1924 Elecoce
478 1874 603 1922 vocem.
655 1849 800 1923 Etcum
826 1850 1060 1947 epulumillnd
1092 1851 1135 1924 de
1168 1873 1311 1947 corpore
1338 1862 1371 1924 et
1398 1854 1560 1943 sangnine

202 1980 317 2042 sancto
344 1978 575 2065 praepararet,
602 1967 701 2040 nobis
727 1951 963 2063 impendendo,
999 1979 1033 2041 et
1067 1971 1252 2065 propinqua
1284 1978 1375 2040 esset
1407 1968 1559 2040 salutaris

200 2089 271 2178 ejus
297 2087 425 2180 passio,
451 2105 569 2181 panem
598 2086 726 2179 accepit
753 2105 854 2180 super
884 2107 1001 2157 manus
1036 2106 1114 2158 suas
1149 2083 1191 2158 ab
1218 2086 1307 2156 omni
1338 2084 1466 2156 macula
1492 2087 1560 2157 im·

200 2223 327 2289 munes,
355 2212 389 2273 et
414 2199 563 2272 elevavit
588 2223 675 2288 eum,
702 2209 736 2271 et
762 2211 898 2296 aspectu
924 2200 1058 2290 visibiIi,
1084 2204 1264 2274 tumetium
1283 2198 1465 2272 insensibili
1491 2200 1560 2274 be-

198 2317 387 2389 nedictione
414 2316 655 2408 dignatusest,
683 2326 717 2388 et
741 2315 911 2389 benedeit
937 2307 1030 2403 cnm,
1061 2318 1090 2405 †
1124 2317 1341 2390 sanctificavit
1371 2339 1445 2389 eum
1472 2318 1501 2405 †
1526 2327 1561 2390 et
1686 2373 1693 2386 .

197 2432 298 2526 fregit
326 2434 355 2521 †
381 2433 533 2528 deditque
560 2431 727 2529 discipuIIs
753 2432 926 2528 Apostolis
953 2436 1021 2504 suis
1038 2432 1170 2507 dicens:
1198 2436 1356 2530 mysteria
1383 2431 1560 2505 haecvia-

198 2548 262 2619 tica
275 2549 377 2622 vobIs
404 2551 479 2638 sint,
507 2559 541 2620 ot
567 2547 838 2644 quandocumque
864 2548 1045 2622 comedetis
1071 2550 1157 2623 istud
1185 2549 1376 2623 admodum
1405 2547 1561 2641 alimenti,

198 2663 325 2736 credito
359 2674 393 2737 et
428 2673 555 2737 certum
580 2661 712 2755 habete,
739 2666 826 2761 quod
853 2665 916 2738 boc
943 2676 995 2739 est
1020 2689 1143 2762 corpus
1169 2690 1278 2742 meum
1304 2666 1392 2761 quod
1408 2687 1469 2762 pro
1486 2688 1559 2738 vo-

196 2777 246 2852 bis
272 2790 311 2852 et
335 2803 397 2878 pro
424 2782 532 2854 multis
557 2779 733 2873 frangitur,
760 2793 795 2853 et
822 2781 916 2853 datm
941 2782 982 2854 ad
1010 2786 1234 2879 expiationem
1261 2781 1468 2872 delictonum,
1493 2805 1555 2855 ro-

197 2899 390 2970 missionem
415 2908 639 2994 peccatorum,
667 2906 700 2969 et
724 2901 828 2970 vitam
854 2909 1032 2971 aeternam.
1340 2919 1342 2923 ·

302 3012 461 3108 Populus.
514 3017 632 3091 Amen.

301 3129 485 3202 Sacerdos.
538 3131 695 3203 Similiter
730 3141 763 3201 et
788 3129 926 3202 calicem
951 3143 1126 3229 postquam
1154 3139 1399 3221 coenaverunt,
1432 3134 1560 3205 miscuit

197 3249 276 3318 dno
306 3257 341 3318 et
366 3271 464 3343 aqua,
491 3248 520 3335 †
545 3258 579 3319 et
604 3246 776 3320 benedixit
801 3269 886 3335 eum,
912 3249 941 3336 l
967 3260 1000 3322 et
1020 3248 1248 3335 sanctilicavit,
1274 3249 1303 3336 †
1329 3256 1363 3320 et
1388 3247 1477 3319 dedit
1503 3248 1559 3319 di-

198 3362 344 3458 soipulus
371 3367 440 3436 suis
466 3363 641 3460 Apostolis
668 3363 792 3435 dIcens.
844 3367 1013 3460 Accipite,
1048 3364 1151 3437 bibite
1185 3388 1231 3436 ex
1257 3387 1298 3436 eo
1331 3385 1397 3436 vos
1424 3387 1558 3437 omnes:

197 3475 248 3550 bic
274 3489 330 3552 est
355 3483 491 3573 sanguis
517 3502 610 3552 meus
638 3480 727 3552 Novi
754 3480 976 3571 Testamenti,
1009 3485 1063 3577 qni
1089 3504 1152 3578 pro
1177 3479 1277 3553 vobis
1304 3491 1338 3553 et
1362 3500 1424 3575 pro
1450 3481 1557 3552 multis

198 3596 371 3669 effunditur
405 3608 439 3670 et
474 3595 584 3684 datur,
618 3600 651 3669 in
683 3600 817 3668 veniam
844 3596 1055 3688 delictorum,
1088 3600 1319 3670 remissionem
1344 3606 1557 3692 peccatorum

199 3722 231 3783 et
255 3716 359 3786 vitam
388 3724 566 3786 aeternam.

301 3829 463 3924 Populea.
515 3831 633 3905 Amen.

301 3946 483 4018 Sacerdos.
536 3946 580 4018 Ut
606 3955 716 4017 autem
745 3946 886 4021 fructuum
921 3950 1151 4023 suavissimum
1185 3946 1318 4019 divinae
1348 3945 1435 4018 Illius
1467 3970 1558 4042 ope-

197 4067 334 4136 rationis
360 4067 589 4159 perciperent,
621 4067 792 4158 praecepit
823 4064 886 4138 illis
917 4067 950 4135 in
984 4062 1070 4135 hunc
1102 4062 1251 4137 modum:
1288 4067 1558 4158 quotiescumque

198 4179 293 4251 simul
320 4183 516 4272 congregati
543 4182 646 4266 eritiS,
673 4182 864 4251 memoriam
889 4183 954 4251 mei
979 4178 1096 4266 facite,
1131 4185 1173 4250 et'
1197 4202 1315 4273 panem
1352 4177 1436 4250 hunc
1470 4200 1557 4272 pro-

197 4299 338 4389 positum
366 4295 514 4382 edentes,
540 4307 574 4367 et
600 4301 728 4367 mistum
757 4296 844 4390 quod
871 4300 903 4367 in
929 4295 993 4367 boc
1019 4295 1124 4366 calloo
1155 4303 1387 4393 praeparatum
1421 4306 1473 4366 est
1498 4292 1556 4366 bi-

196 4407 332 4500 bentes,
368 4416 482 4484 mortis
516 4435 610 4483 rneae
642 4416 988 4484 commemorationem
1031 4414 1161 4504 agetiS,
1204 4423 1237 4483 ot
1278 4413 1557 4485 resurrectionem

197 4549 302 4600 meam
331 4528 561 4602 confitebImini
588 4528 694 4600 donec
719 4533 861 4602 veniam.

298 4644 459 4739 Populos.
511 4643 629 4717 Mortis
655 4653 732 4718 tuae
758 4646 908 4718 Domine.

297 4759 480 4833 Sacerdos.
531 4761 721 4833 Adventum
748 4763 990 4834 miserationum
1019 4770 1146 4834 tuarum
1173 4769 1388 4858 expectamus
1404 4761 1556 4846 Dumna,

198 4873 357 4950 Dominus
384 4888 511 4966 noster,
536 4876 700 4969 refugium
727 4890 956 4974 peccatorum,
992 4902 1057 4975 quo
1086 4900 1230 4950 examen
1256 4878 1312 4950 liet
1334 4878 1496 4967 justorum
1524 4884 1557 4947 et

197 5003 419 5085 peccatorum,
446 5017 507 5092 per
533 4992 780 5066 retributionem
807 4994 969 5068 bonorum
997 5004 1030 5066 et
1056 4992 1235 5082 malmnm,
1269 4992 1400 5088 quando
1428 4992 1469 5066 ad
1492 4995 1555 5085 ju-

198 5106 316 5181 dicium
341 5108 481 5183 vocabis
508 5132 623 5184 omnes
649 5109 820 5203 homines,
847 5121 880 5184 et
907 5134 969 5187 eos
996 5114 1050 5207 qui
1076 5121 1110 5183 te
1137 5112 1337 5183 inveritate
1371 5108 1555 5202 coluerunt,

247 5247 332 5293 tomas
343 5248 368 5294 ll.
1284 5227 1335 5302 22
1453 5239 1456 5244 ¹
