4525 6034
570 585 622 660 Al)
644 583 850 662 amona
868 581 1060 662 cornelii
1078 585 1109 662 S.
1128 585 1274 662 aesna.
1529 584 1602 657 251

233 768 314 831 nulla
338 775 404 829 toto
427 767 503 831 orbe
525 768 662 833 Ecclesia
683 786 813 850 unquam
836 771 876 832 sit
898 778 948 832 aut
971 769 1077 844 luerit,
1110 771 1139 830 in
1168 788 1226 850 qua
1258 767 1439 835 Sacerdotes
1467 778 1498 833 et
1523 768 1608 833 laici

233 868 416 930 luculentius
450 867 487 931 de
523 869 727 933 sacratissimo
762 869 813 931 illo
843 870 987 951 mysterio
1016 870 1218 932 testimonium
1256 869 1378 934 dedisse
1407 870 1607 951 reperiantur.

235 969 335 1049 Atque
359 985 396 1030 ea
420 968 530 1049 opinor
551 972 668 1032 maone
689 966 876 1048 factumest,
894 977 926 1031 ut
948 958 1270 1051 absolute‘Opoloyla
1283 969 1499 1050 appellaretur,
1521 968 1606 1049 quasi

235 1071 334 1131 omnia
358 1068 581 1148 complectens,
605 1087 684 1150 quae
705 1086 767 1131 non
790 1068 879 1133 modo
903 1069 940 1132 ad
966 1068 1167 1147 sacramenti,
1199 1066 1254 1131 sed
1285 1069 1435 1131 etiamad
1462 1069 1608 1132 lncarna-

233 1169 324 1229 tionis
348 1166 438 1228 iidem
459 1169 660 1248 pertinerent:
685 1168 820 1249 quamvis
842 1168 943 1231 ultinm
966 1169 1012 1231 sui
1033 1175 1132 1249 parte,
1156 1176 1225 1230 ante
1248 1168 1361 1249 aliquot
1374 1167 1608 1231 saeculainter·

234 1267 419 1348 palationem
442 1284 531 1346 passa
554 1267 603 1346 sit,
625 1274 658 1328 ut
674 1267 712 1329 ad
734 1269 887 1348 propriam
901 1267 1199 1331 laconicishaeresin
1212 1266 1503 1331 accommodaretur:
1527 1265 1607 1347 quod

236 1385 290 1429 cur
311 1375 343 1428 et
367 1366 486 1447 quando
507 1365 618 1429 sactum
641 1366 732 1429 inerit
754 1386 794 1428 ex
818 1368 909 1430 certis
931 1369 1129 1430 monumentis
1160 1384 1359 1448 exponemus.
1403 1367 1492 1431 Adeo
1522 1366 1607 1429 cele·

236 1467 297 1528 bris
336 1472 385 1527 est
419 1465 450 1526 in
484 1464 691 1528 Alexandrina
718 1466 856 1530 Ecclesia
884 1468 959 1530 haec
988 1469 1103 1546 oratio,
1139 1473 1171 1528 ut
1205 1467 1235 1527 in
1266 1464 1346 1529 nulla
1379 1466 1513 1550 liturgia
1543 1466 1608 1527 sivo

236 1566 441 1648 Aegyptiace,
465 1567 530 1628 sive
553 1566 582 1627 in
605 1566 796 1646 Aethiopicis
819 1587 858 1630 en
881 1567 930 1629 illa
953 1567 1115 1645 derivatis,
1145 1565 1351 1628 desideretur:
1384 1566 1483 1629 nullus
1511 1566 1608 1628 Aulor
1725 1579 1727 1584 ·

234 1664 353 1727 ilitaum
376 1664 455 1726 illius
478 1682 539 1728 non
561 1667 739 1730 meminerit.
785 1666 823 1729 Ut
844 1674 942 1731 autem
965 1666 1150 1748 intelligatur
1171 1664 1288 1743 melius,
1313 1683 1372 1746 quo
1394 1665 1499 1728 ordine
1523 1664 1608 1726 diea-

236 1771 300 1843 tur‚
325 1772 450 1846 praeter
470 1764 608 1827 rubricas
632 1763 754 1828 Codicis
776 1765 879 1848 Regii,
902 1784 977 1847 quas
1000 1749 1134 1829 versioni
1158 1773 1284 1827 nostrae
1307 1765 1497 1843 inseruimus,
1519 1766 1607 1827 ritum

236 1866 388 1946 integrum
411 1863 639 1926 antecedentem
663 1882 884 1945 proponemus,
915 1865 1017 1929 verbis
1041 1864 1189 1927 Gabrielis
1212 1863 1412 1928 Patriarchae.
1457 1865 1528 1927 Post
1557 1862 1607 1927 illa

235 1982 314 2045 quae
336 1963 477 2043 superius
500 1961 596 2024 relata
619 1972 706 2041 sunt,
729 1966 769 2027 ita
791 1967 995 2047 prosequitur.
1040 1965 1179 2045 Accipiet
1193 1965 1349 2026 Sacerdos
1360 1963 1531 2039 ladodicoa,
1555 1983 1608 2025 sert

235 2067 380 2143 majorem
401 2063 520 2124 tostae
537 2068 656 2141 partem
677 2066 709 2125 ia
730 2084 850 2127 naamam
872 2084 959 2126 ercam
985 2066 1158 2140 desieram,
1192 2083 1285 2144 eoque
1317 2063 1507 2144 emacipaadit
1531 2082 1608 2124 san-

234 2165 359 2244 quinem
378 2164 546 2242 pretiosam
567 2165 600 2223 in
622 2164 734 2239 calice,
757 2167 788 2225 in
809 2165 929 2226 modam
951 2166 1071 2226 macie:
1093 2164 1263 2243 attolletque
1288 2163 1363 2224 iliad
1389 2166 1536 2244 sanquine
1556 2164 1608 2224 im-

236 2264 377 2335 tirtctam,
399 2261 503 2322 sedulo
525 2280 654 2337 coam,
683 2283 721 2324 ae
742 2264 815 2343 qaid
842 2284 883 2325 es
904 2265 956 2325 illo
983 2264 1124 2325 decidat:
1155 2283 1195 2323 ea
1224 2282 1260 2324 eo
1286 2263 1395 2325 deirae
1424 2261 1557 2343 signabit
1576 2264 1608 2323 in

233 2360 366 2437 semaam
388 2362 490 2421 etiams
518 2368 609 2422 tamam
633 2380 744 2442 carpas
765 2371 918 2442 sanctam,
941 2365 1022 2444 qaod
1043 2371 1089 2425 est
1109 2366 1142 2424 ia
1163 2364 1258 2423 disco.
1302 2361 1381 2425 llmc
1401 2362 1515 2442 reseret
1535 2362 1609 2424 iliaci

236 2459 280 2519 ad
299 2460 491 2538 emmam,
514 2467 544 2521 et
565 2480 606 2521 ee
627 2479 664 2522 ea
686 2480 795 2523 rarsas
816 2464 847 2524 ia
870 2465 1016 2542 scopatae
1037 2464 1280 2541 mamisfiparam
1292 2462 1471 2542 designabit,
1493 2463 1608 2524 immit-

235 2566 333 2637 tetqae
354 2558 429 2619 illad
448 2558 481 2618 ia
502 2561 678 2638 sanguinem
699 2561 795 2622 calice
817 2569 999 2637 contemnam,
1023 2563 1127 2624 dicens
1138 2564 1261 2624 interea.
1296 2548 1609 2645 Ediquado'lqooia

234 2645 384 2741 Χριστός
406 2644 478 2729 υἱός
505 2655 599 2720 θεοῦ.
632 2646 793 2742 ἁγιασμὸς
818 2647 1006 2740 πνεύματος
1032 2652 1126 2744 ἁγίου
1159 2649 1255 2745 ἀμήν.
1304 2659 1485 2723 Benedictus
1516 2661 1607 2724 lesus

236 2756 374 2819 Christus
398 2756 475 2819 iilius
498 2757 572 2820 Dei:
595 2758 791 2822 sanctificatio
814 2758 943 2840 Spiritus
965 2762 1072 2824 sancti.
1116 2759 1224 2822 Amen.
1268 2759 1402 2840 Papulas
1428 2779 1501 2823 ocra
1526 2762 1607 2824 acto-

234 2859 357 2919 ratim
378 2875 436 2918 aaa
454 2866 597 2936 peracta,
627 2878 661 2920 se
682 2860 837 2936 attollens,
866 2860 1060 2941 respondebit
1080 2862 1145 2922 alta
1173 2878 1256 2921 occe.
1302 2859 1384 2921 Unus
1414 2860 1504 2922 Pater
1527 2861 1607 2922 San-

236 2964 303 3018 etus
326 2962 385 3019 etc.
431 2956 501 3018 llam
522 2956 678 3020 Sacerdos
698 2960 787 3022 dicet.
832 2960 894 3022 Pax
917 2960 1064 3024 omnibus.
1108 2958 1357 3038 Respondebam,
1386 2957 1423 3019 lit
1445 2977 1511 3021 cum
1535 2959 1607 3038 Spi-

235 3056 295 3119 ritu
330 3063 390 3118 tuo.
442 3055 555 3119 Postea
588 3057 741 3121 Sacerdos
769 3060 852 3121 dicet
885 3057 1131 3139 Confessioncrm
1164 3058 1453 3139 proaaaciaadcqae
1488 3058 1606 3139 Corpus

236 3162 392 3232 sanctum,
414 3157 544 3234 accipiet
563 3158 647 3219 illam
668 3160 813 3237 majorem
831 3166 949 3238 partem
974 3177 1052 3239 qaae
1079 3159 1111 3220 ia
1138 3159 1237 3219 media
1264 3157 1344 3218 disci
1360 3158 1463 3236 posito
1492 3166 1551 3233 est,
1579 3165 1609 3220 et

235 3276 278 3317 ee
299 3274 338 3316 ea
359 3255 489 3333 accipiet
515 3254 693 3331 ladodieoa,
727 3265 757 3319 et
781 3257 897 3319 dividet
924 3258 998 3319 iliad
1025 3247 1057 3318 iia
1085 3266 1150 3319 tres
1172 3264 1289 3337 parter.
1334 3257 1423 3333 Qaad
1454 3258 1483 3317 ai
1509 3259 1608 3336 major

236 3354 338 3415 latia
361 3353 474 3434 suerit:
507 3356 638 3434 accipiet
664 3375 705 3416 es
733 3355 874 3418 labadica
903 3363 966 3418 tres
989 3364 1094 3436 partes
1120 3359 1154 3417 ia
1181 3374 1289 3417 mamas
1317 3375 1405 3430 saar,
1431 3354 1609 3437 frangetque

233 3453 442 3532 particulatim
463 3454 495 3515 ia
517 3454 603 3515 disco
625 3455 668 3515 ad
688 3454 765 3516 laec
784 3474 878 3535 usqae
899 3455 1004 3517 cerda.
1040 3455 1169 3536 Accepit
1191 3453 1263 3518 illud
1286 3475 1326 3518 ex
1347 3454 1473 3518 Domina
1503 3464 1607 3518 nostra

236 3552 369 3633 Deipara
392 3560 498 3613 sancta
520 3552 624 3615 llaria.
649 3552 719 3615 llam
741 3557 872 3634 accipiet
888 3556 1072 3635 particulam
1092 3558 1125 3616 in
1147 3574 1239 3617 mana
1260 3573 1317 3616 saa
1338 3562 1447 3616 aleam
1468 3557 1500 3617 ia
1522 3555 1608 3616 disca

236 3653 382 3730 depmrret,
404 3654 490 3731 αςὶιιε
510 3652 577 3714 laco
600 3651 693 3714 aliam
715 3655 907 3732 accipietes
933 3672 1079 3733 corpore,
1110 3654 1192 3735 qrrad
1222 3662 1268 3715 est
1294 3654 1327 3715 ia
1354 3654 1456 3729 disco,
1485 3662 1516 3716 et
1542 3671 1609 3715 eam

236 3752 344 3813 marna
363 3769 439 3812 saae
459 3753 605 3830 imponet:
629 3768 750 3833 nempe,
773 3759 806 3814 ut
827 3751 936 3815 habeat
959 3754 988 3815 in
1002 3770 1090 3815 manu
1119 3753 1282 3835 particulas
1305 3760 1514 3831 consecratas,
1539 3751 1607 3814 dum

237 3845 469 3912 Confessionem
482 3852 677 3931 pronunciat;
689 3859 719 3914 et
729 3851 895 3915 Sacerdote
907 3863 1074 3934 praeeunte
1086 3853 1217 3934 populus
1229 3870 1295 3916 eam
1306 3854 1509 3934 prosequitur.
1533 3853 1607 3915 Nam

237 3949 326 4012 simul
355 3965 391 4010 ac
413 3948 634 4013 demonstratur
661 3951 866 4030 Eucharistia,
896 3952 1062 4034 eodemque
1092 3961 1261 4032 momento,
1292 3952 1522 4016 Consesstonem
1550 3954 1609 4016 dici

240 4050 440 4112 certissimum
463 4056 590 4112 estnon
614 4049 703 4112 modo
726 4069 765 4112 ex
788 4039 942 4129 Rubricis,
966 4052 1125 4130 Gabriele,
1155 4052 1286 4116 Scientia
1314 4052 1548 4130 Ecclesiastica,
1579 4060 1609 4114 et

239 4149 306 4212 aliis
328 4149 498 4228 autoribus,
522 4149 577 4212 sed
599 4150 631 4211 iu
653 4147 896 4213 Ordinationibus
918 4151 1139 4233 Episcoporum
1169 4162 1199 4215 et
1229 4152 1425 4216 sacerdotum
1453 4153 1608 4232 praescri-

237 4248 337 4326 bitur,
358 4255 392 4311 ut
414 4249 483 4311 dum
505 4267 602 4312 novus
624 4249 781 4312 ordinatus
802 4268 869 4312 eam
895 4253 1089 4332 pronunciat,
1117 4249 1227 4314 lrabeat
1255 4254 1285 4313 in
1315 4269 1403 4313 manu
1432 4250 1609 4331 particulam
1686 4307 1692 4314 .

240 4350 381 4429 eorporis
404 4348 532 4422 Christi,
556 4356 588 4411 et
609 4366 676 4411 eam
698 4349 853 4430 ostendat,
878 4369 938 4431 quo
962 4351 1042 4414 edita
1064 4350 1151 4413 simul
1173 4351 1381 4429 confessione,
1411 4350 1541 4432 populus
1570 4349 1608 4412 de

240 4447 307 4529 ejus
329 4446 388 4508 lide
411 4448 493 4508 cirea
515 4447 733 4511 Eucharistiam
756 4456 857 4511 certus
881 4469 950 4513 esse
973 4450 1078 4531 possit.
1122 4448 1187 4511 Jam
1210 4469 1288 4532 quae
1303 4451 1340 4513 ad
1354 4468 1420 4513 eam
1434 4449 1607 4512 Orationem

240 4544 436 4625 singulariter
458 4549 602 4626 attinent,
624 4550 730 4629 paucis
754 4550 931 4629 explicanda
955 4558 1034 4613 sunt.

326 4645 411 4709 Duae
433 4655 503 4709 sunt
526 4654 624 4709 autem
647 4650 712 4729 ejus
735 4656 854 4730 partes3
877 4652 970 4731 prima
994 4651 1145 4730 antiquior
1166 4656 1223 4726 est,
1246 4668 1323 4730 quac
1346 4649 1393 4711 his
1406 4649 1507 4711 verbis
1531 4667 1608 4712 con·
1657 4661 1744 4713 Partes
1767 4661 1841 4728 hujus
1859 4660 1929 4715 con·
2021 4639 2028 4654 ’

241 4744 362 4807 tinetur.
408 4745 527 4826 Carpus
548 4755 684 4809 sanctam
714 4756 745 4809 et
772 4752 896 4830 sanguis
919 4753 1074 4830 pretiosam
1100 4750 1175 4812 Jesa
1205 4748 1319 4811 Christi
1340 4749 1397 4827 pta·
1416 4748 1477 4810 Dei
1500 4751 1608 4813 nosti.
1622 4750 1740 4803 fessionis
1757 4748 1829 4800 duae.

240 4841 345 4907 Amen.
389 4845 533 4907 wama
550 4848 717 4925 pretiosam
746 4866 857 4927 carpas
885 4856 921 4926 et¹
943 4850 1068 4929 tangam
1095 4867 1188 4912 veras
1214 4848 1288 4909 desa
1317 4846 1431 4910 Christi
1455 4848 1526 4910 Filii
1552 4848 1612 4911 Dei
1658 4834 1930 4905 Primaanaquiaaima.

239 4946 346 5005 nasa-i.
390 4943 491 5006 Amem
526 4945 609 5007 llaec
633 4946 749 5008 Graece
772 4946 921 5026 dicuntur,
944 4966 1022 5028 quae
1045 4955 1115 5010 nota
1138 4954 1185 5010 est
1201 4948 1372 5028 primaevae
1386 4948 1543 5010 vetustatis
1559 4951 1608 5010 in-

240 5041 391 5106 dubitata:
413 5063 483 5106 nam
506 5045 586 5126 quod
610 5063 647 5107 ea
669 5045 773 5130 lingua
795 5049 825 5109 in
847 5046 990 5131 Liturgiis
1013 5055 1113 5128 extat,
1137 5047 1245 5128 procul
1268 5046 1358 5111 dubio
1375 5049 1532 5129 acceptum
1556 5045 1610 5110 luit

278 5178 392 5222 mm
1115 5209 1123 5232 .
1353 5165 1404 5241 aa
