4525 6034
686 585 761 662 148
1184 586 1540 665 tltttlttttn

682 797 768 847 vera
794 774 966 872 voluptate
992 773 1185 872 perfimdes:
1212 798 1273 849 eos
1301 785 1410 849 autern
1438 778 1493 870 qui
1520 773 1769 846 declinaverunt
1795 796 1813 844 a
1841 776 1956 846 semita
1979 777 2037 846 ri-

682 901 748 979 tae,
775 894 808 963 in
834 891 1019 985 gehennam
1047 894 1134 985 ignis
1161 890 1404 965 comburendos
1431 894 1550 964 mittes.
1602 891 1655 963 Nc
1681 889 1847 962 sulirmdas
1879 913 1942 963 nos
1972 915 2038 988 pu-

683 1008 766 1080 dore
792 1020 1004 1105 peccatorum
1035 1017 1243 1095 nostrorum,
1276 1030 1386 1104 neque
1418 1009 1469 1079 rei
1501 1008 1604 1081 simus
1636 1009 1875 1080 communionis
1907 1018 2038 1104 myste-

683 1128 806 1197 riorum
834 1135 1022 1199 sanctorum
1048 1127 1203 1213 istorum,
1231 1126 1307 1220 quia
1334 1127 1488 1217 imaginis
1523 1133 1600 1196 tuae
1625 1125 1756 1195 nomine
1783 1127 1889 1196 ornati
1915 1146 2041 1199 sumus:

683 1263 793 1336 neque
821 1241 862 1313 de
887 1241 985 1314 nobis
1013 1239 1159 1333 gaudeat
1182 1262 1246 1311 rex
1269 1242 1374 1340 Vneris,
1401 1263 1476 1312 cum
1501 1240 1654 1332 malignis
1680 1243 1826 1312 catervis
1852 1243 1944 1330 suis,
1970 1244 2044 1335 quia

662 1360 847 1451 ¹sanguine
873 1368 930 1430 tuo
963 1354 1099 1428 redemti
1133 1377 1260 1429 sumus:
1297 1356 1356 1429 sed
1391 1360 1472 1428 oriri
1503 1355 1558 1428 iac
1590 1376 1690 1452 snper
1723 1378 1787 1428 nos
1821 1357 1933 1430 lumen
1967 1357 2043 1430 illud

682 1481 785 1563 mum,
817 1473 903 1570 quod
930 1473 983 1545 die
1009 1472 1146 1545 secundi
1181 1472 1342 1545 adventus
1374 1478 1420 1545 tui
1456 1476 1586 1554 emittes
1621 1493 1722 1567 super
1748 1473 1900 1544 timorum
1926 1483 1980 1561 te,
2012 1483 2045 1545 et

615 1635 618 1641 Α
683 1590 774 1664 salus
801 1594 867 1662 cito
895 1588 991 1661 nobis
1018 1592 1069 1663 sit.
1120 1587 1276 1662 Ecclesia
1301 1585 1443 1686 namque
1469 1599 1544 1677 tua,
1571 1599 1606 1661 et
1631 1611 1719 1681 grex
1744 1598 1819 1661 tuus
1846 1589 2042 1686 deprecatur

636 1725 642 1730 ·
682 1715 726 1795 te,
753 1718 787 1779 et
810 1729 872 1805 per
898 1716 942 1797 te,
969 1730 1009 1779 ac
1036 1717 1144 1779 tecum
1170 1707 1301 1779 Patrem
1330 1716 1417 1778 mum
1444 1705 1568 1779 dicens.

785 1823 944 1917 Populus.
996 1823 1169 1896 Miserere.

785 1940 967 2013 Sacerdos.
1020 1939 1092 2013 Nos
1119 1962 1260 2036 quoque.

786 2056 946 2151 Papulae.
999 2056 1050 2128 Te
1074 2055 1256 2128 laudamus.

785 2172 972 2245 Diaconos.
1026 2170 1133 2258 Quam
1161 2170 1303 2244 timenda
1330 2181 1382 2246 est
1408 2170 1490 2244 haec
1514 2171 1608 2245 hora.

716 2500 891 2574 Sacerdos
922 2502 1105 2574 inclinatae
1131 2500 1216 2571 dicit
1243 2502 1439 2572 Orationem
1465 2499 1697 2573 invocationis
1721 2497 1874 2593 Spiritus
1898 2503 2020 2571 amati.
2122 2533 2126 2544 ·

785 2726 948 2799 Miserere
974 2727 1098 2813 nostri,
1124 2726 1286 2813 Domine,
1314 2726 1473 2797 miserere
1499 2728 1625 2814 nostri,
1658 2734 1692 2797 et
1726 2729 1816 2797 mitte
1849 2723 1892 2797 ad
1923 2747 1987 2798 nos
2023 2747 2044 2796 e

683 2845 768 2919 solio
795 2854 851 2915 tuo
878 2843 989 2935 regio,
1024 2850 1057 2913 et
1083 2864 1129 2913 ex
1156 2839 1273 2913 throno
1306 2851 1362 2914 tuo
1395 2842 1537 2931 infinito,
1572 2841 1730 2937 Spiritum
1763 2852 1851 2913 tuum
1883 2851 2045 2929 sanctum,

683 2972 717 3033 ct
743 2958 953 3048 Paraclitum
980 2958 1129 3052 ejusdem
1155 2981 1227 3029 cum
1256 2966 1310 3030 tua
1337 2962 1511 3052 majestate
1537 2969 1693 3046 naturae3
1720 2955 2043 3044 consubstantialem,

682 3082 773 3151 vitae
808 3064 1023 3169 lodgitorem‚
1058 3073 1176 3147 throrm
1211 3082 1244 3145 et
1283 3077 1476 3147 aeternitate
1508 3074 1697 3171 aequalem:
1734 3078 1789 3168 qui
1823 3085 1978 3171 operatur
2011 3078 2046 3146 in

682 3194 868 3290 Prophetis„
896 3202 930 3264 et
954 3191 1140 3287 Apostolis‚
1166 3190 1367 3287 martyribus
1395 3201 1428 3263 et
1454 3191 1716 3278 confessoribus,
1743 3190 1900 3283 regibus,
1926 3203 2043 3262 recto-

683 3312 789 3397 ribus,
816 3307 1045 3382 sacerdotibus
1072 3319 1107 3380 et
1133 3308 1285 3381 omnibus
1312 3306 1480 3379 ordinibus
1491 3307 1667 3380 Ecclesiae
1692 3306 1808 3379 fidelis.
1841 3307 1907 3393 Qui
1934 3331 2043 3404 appa-

683 3430 807 3503 ruitfin
834 3422 1009 3497 columbae
1036 3427 1149 3520 specie
1176 3446 1277 3520 super
1302 3423 1478 3497 Dominum
1505 3435 1652 3497 nostrum
1678 3424 1793 3496 lesum
1821 3423 1987 3496 Christum
2010 3426 2043 3494 in

684 3543 831 3617 iordane
856 3540 977 3616 lluvio:
1005 3545 1060 3637 qui
1086 3540 1257 3613 descendit
1282 3563 1382 3637 super
1403 3540 1594 3637 Apostolos
1617 3551 1691 3614 tuos
1711 3548 1843 3613 sanctos
1871 3543 1904 3611 in
1932 3543 2043 3637 specie

684 3658 869 3751 linguarum
902 3661 998 3750 ignis.
1050 3656 1094 3729 Et
1125 3680 1212 3730 nunc
1247 3643 1456 3752 requiescat,
1488 3668 1522 3729 et
1555 3667 1686 3730 mancat
1719 3678 1820 3751 super
1859 3654 2042 3728 oblationes

684 3786 836 3860 nostras,
874 3784 907 3845 et
937 3796 1038 3870 super
1069 3796 1132 3847 nos
1159 3775 1324 3862 infirmos,
1357 3782 1392 3846 ut
1424 3778 1589 3870 possimus
1624 3776 1799 3871 percipere
1835 3772 1980 3844 allatum
2010 3780 2042 3842 et

684 3890 813 3965 radium
840 3890 1001 3963 adventus
1028 3895 1111 3985 ejus,
1139 3901 1172 3963 et
1197 3889 1349 3963 illabatur
1376 3913 1564 3985 supernos
1591 3900 1625 3962 et
1650 3912 1750 3987 super
1771 3888 1832 3962 has
1860 3888 2040 3962 oblationes

685 4008 888 4106 propositas,
916 4030 1040 4101 easque
1067 4008 1257 4081 sanctificet.

789 4123 972 4195 Sacerdos.
999 4123 1132 4196 Exaudi
1158 4147 1211 4196 me
1240 4123 1390 4196 Domine.

790 4241 950 4334 Papulae.
1001 4242 1107 4338 llyrie
1133 4242 1260 4315 eleison
1287 4250 1349 4314 ter.

789 4357 972 4454 Sacerdos.
1026 4358 1069 4431 Ut
1094 4358 1249 4450 illabens,
1284 4358 1401 4431 efficiat
1431 4382 1550 4457 panem
1583 4359 1713 4456 qrndem
1748 4359 1834 4431 hunc
1870 4361 2038 4454 †corpus

585 4507 587 4514 ¹
688 4472 853 4560 salutare„
880 4475 915 4561 †.
934 4495 1056 4570 corpus
1087 4476 1274 4563 vivificum,
1311 4477 1340 4564 l
1372 4499 1494 4572 corpus
1524 4476 1657 4549 Domini
1687 4475 1751 4547 Dei
1792 4487 1827 4548 ct
1859 4473 2038 4548 Salvatoris

686 4593 791 4662 nostri
817 4591 899 4664 iesu
926 4589 1059 4678 Christi,
1085 4592 1126 4664 ad
1152 4594 1375 4688 expiationem
1404 4592 1611 4684 delictorum,
1646 4597 1877 4667 remissionem
1916 4613 2038 4686 pecca·

686 4714 806 4797 mmm,
833 4720 867 4780 et
892 4711 993 4780 vitam
1021 4717 1190 4780 aeternam
1216 4709 1280 4782 illis
1307 4711 1361 4804 qui
1387 4713 1572 4806 suscepturi
1597 4719 1681 4784 sunt

624 4887 627 4900 .
720 4821 726 4830 ¹
792 4824 951 4917 Populus.
982 4826 1120 4908 Amen.

790 4941 974 5013 Sacerdos.
1028 4942 1184 5015 Similiter
1225 4946 1323 5016 ctiam
1362 4942 1500 5016 calicem
1540 4942 1643 5032 hunc,
1688 4948 1833 5020 instituat
1874 4956 1896 5032 †
1933 4957 2033 5047 potnn

593 5151 595 5156 ,
688 5057 880 5149 coelestem,
907 5065 927 5141 †
954 5062 1148 5153 sanguinem
1174 5058 1364 5151 salutarem,
1390 5066 1410 5142 †
1437 5063 1631 5154 sanguinem
1644 5061 1824 5156 vivificum,
1850 5068 2032 5158 sanguninem
