4525 6034
239 2854 244 2865 ,
371 2819 398 2870 p.
415 2801 475 2855 156.

703 528 878 604 LXXVIII
1218 537 1608 616 DISSERIAIIO·

702 720 1008 818 Lyb-AegyptIum
1028 724 1198 819 appellare
1211 722 1346 820 placuit,
1373 736 1449 798 ante
1471 750 1577 800 annos
1592 730 1790 839 quingentos
1806 739 1945 800 natam:
1973 728 2074 804 multe

702 841 809 911 minus
835 838 1000 931 fictitiam,
1027 849 1061 912 ut
1087 845 1121 912 in
1149 864 1188 914 ea
1223 840 1298 912 libri
1323 840 1460 916 fallaces
1495 843 1795 935 conscriberentur,
1823 843 1936 940 qualis
1964 851 2073 919 estin

700 952 837 1052 Europa
864 957 1097 1048 Zingarorum,
1124 978 1185 1031 seu
1212 981 1327 1030 eorum
1354 983 1438 1055 quos
1464 959 1634 1033 Bobemos
1659 984 1841 1052 vocamus,
1870 959 2073 1035 nebulonum

699 1071 824 1164 lingua.
850 1072 902 1145 Ea
929 1074 1056 1146 sedicet
1083 1079 1157 1172 ipsa
1184 1087 1236 1149 est
1262 1099 1326 1171 qua
1352 1075 1498 1149 locutum
1525 1079 1704 1150 Antonium
1722 1077 1972 1151 coenobiticae
1982 1080 2071 1150 vitae

701 1192 908 1280 magistrum,
947 1189 1084 1263 bistorIa
1119 1193 1191 1283 ejus
1224 1191 1334 1281 docet,
1367 1200 1401 1263 et
1434 1217 1497 1289 qua
1534 1193 1703 1290 Epistolas
1739 1195 1950 1284 dictaverat,
1991 1216 2071 1288 quas

702 1303 808 1376 adhue
841 1316 916 1377 ante
951 1316 1120 1379 trecentos
1154 1329 1258 1381 armos
1294 1312 1446 1381 extitisse
1477 1310 1690 1407 Aegpptiaee
1711 1315 1870 1406 scriptas
1905 1314 1941 1381 in
1977 1310 2070 1382 Tbe-

574 1402 581 1411 ’
701 1421 808 1494 baidis
834 1421 1058 1514 Monasteriis,
1084 1422 1280 1495 Abulbircat
1306 1436 1340 1495 et
1366 1424 1421 1497 alii
1448 1437 1617 1498 testantur.
1644 1427 1695 1499 Ea
1721 1431 1821 1520 igibrr
1848 1426 1967 1519 ltngua
1982 1431 2070 1497 scri-

701 1549 779 1633 ptae
806 1550 881 1612 sunt
907 1550 993 1629 tres,
1028 1540 1070 1610 de
1105 1540 1224 1636 quibus
1260 1545 1407 1632 agimus,
1438 1540 1628 1635 biturgIae,
1662 1548 1708 1616 ita
1736 1555 1848 1616 tamen
1875 1554 1913 1615 ut
1939 1554 2070 1637 praeter

590 1670 592 1675 ⁴
700 1676 807 1726 voces
840 1678 954 1727 sacras
988 1667 1022 1726 et
1056 1655 1282 1748 TheologIeas
1316 1657 1453 1750 mmms,
1487 1682 1572 1754 quae
1605 1664 1640 1731 in
1666 1664 1739 1756 ipsa
1767 1664 1958 1733 orationum
1985 1664 2070 1731 serie

701 1775 827 1866 passim
854 1783 1048 1862 occurrunt,
1075 1771 1238 1845 formulae
1271 1795 1378 1867 prope
1411 1798 1526 1847 omnes
1561 1799 1646 1870 quae
1678 1780 1709 1847 in
1738 1776 1844 1848 Officii
1880 1775 2067 1850 decursae

699 1885 863 1977 Diacono,
892 1912 911 1958 a
938 1890 1073 1985 populo,
1101 1900 1157 1961 aut
1183 1887 1224 1960 ab
1252 1891 1326 1984 ipso
1359 1889 1555 1979 Sacerdote,
1589 1892 1655 1963 alta
1681 1914 1769 1964 voce
1795 1896 2067 1987 pronunciantur,

700 2004 854 2076 Graecae
873 2007 947 2094 sint,
960 2006 1281 2102 nonAegpptiacae.
1309 2006 1410 2080 Tales
1427 2018 1502 2080 suut
1527 2008 1603 2080 illae
1624 2015 1845 2107 προσχῴμεν
1880 2013 1958 2103 Θεῷ
1981 2003 2066 2101 μετὰ

699 2120 833 2220 φόβου.
862 2117 976 2219 Κύριε
1001 2124 1154 2218 ἐλέησον.
1195 2119 1323 2222 Ἄγιος.
1349 2121 1448 2198 'llum
1473 2120 1535 2207 τοὶς
1560 2122 1720 2223 καρδίας,
1748 2135 1781 2195 et
1795 2126 1884 2197 aliae
1901 2124 2063 2195 diversae.

418 2263 517 2332 tangue
535 2263 641 2331 Coptica
658 2264 686 2315 in
801 2239 843 2310 V.
872 2239 957 2325 Quia
984 2261 1068 2311 vero
1095 2261 1161 2310 uno
1187 2250 1243 2310 aut
1270 2239 1374 2311 altero
1400 2252 1477 2335 post
1502 2240 1650 2313 Arabum
1679 2241 1891 2337 tyrannidem
1918 2239 2063 2325 saeculo,

377 2352 456 2403 ’Μὴ
494 2358 596 2448 ’,Μ
626 2358 686 2417 1³⁰⁸‘
698 2355 898 2428 vernaculus
924 2356 1159 2451 Aegyptiacae
1185 2354 1320 2446 linguae
1345 2378 1425 2428 usus
1452 2379 1590 2452 prorsus
1610 2362 1742 2449 interiit,
1762 2355 1918 2430 Arabica
1945 2361 1978 2427 in
1996 2357 2064 2446 ejus

375 2433 642 2505 A¹²b¹¹¹¹¹¹¹¹¹¹³⁰¹¹¹m
696 2473 807 2546 locum
833 2471 1043 2559 succedente,
1069 2470 1255 2564 Religionis
1283 2483 1394 2544 tamen
1420 2483 1453 2544 et
1479 2486 1761 2547 sacramentorum
1777 2475 1970 2545 reverentia
1988 2470 2063 2542 fecit

698 2593 792 2661 utin
818 2588 911 2660 libris
939 2599 1143 2679 servaretur,
1170 2587 1324 2684 quidquid
1351 2587 1392 2660 ad
1420 2589 1534 2663 Oblata
1560 2591 1672 2663 diviua
1698 2588 1905 2687 pertinebat,
1932 2597 2060 2659 etcum

423 2714 485 2769 Hist-
511 2715 584 2768 raa.
610 2716 683 2769 Aba
696 2705 870 2798 Benjamin
895 2702 1119 2777 lacebitarum
1144 2704 1337 2777 Patriareha
1364 2705 1538 2778 duodecim
1565 2710 1659 2780 annis
1686 2711 1720 2778 in
1734 2706 1951 2778 lllonasteriis
1967 2702 2057 2772 'Ibe-

695 2822 814 2896 baidos
842 2821 1040 2912 delituIsset,
1067 2821 1122 2893 ubi
1151 2820 1305 2894 Graecae
1337 2822 1471 2914 linguae
1496 2845 1577 2896 usus
1605 2834 1677 2894 erat
1701 2845 1808 2917 prope
1833 2821 1962 2909 nullus,
1987 2816 2081 2889 inde'

694 2938 934 3010 Alexandriam
961 2959 1139 3029 reversus,
1167 2942 1341 3010 autoritate
1369 2936 1547 3011 Galilarurn
1575 2940 1692 3035 quibus
1722 2961 1760 3011 se
1786 2949 1820 3009 et
1846 2959 1929 3011 suos
1956 2936 2061 3008 statim

696 3054 849 3146 subjecit,
876 3076 992 3128 omnes
1018 3053 1247 3127 Alexandriae
1272 3054 1445 3129 Ecclesias
1479 3054 1693 3128 obtinuisset:
1721 3052 1894 3150 Coptitae,
1921 3052 1985 3124 boc
2008 3056 2056 3119 est

694 3175 797 3244 nativi
827 3172 990 3268 Aegyptii
1025 3193 1131 3267 prope
1163 3193 1296 3262 omnes,
1332 3172 1408 3243 odio
1442 3169 1725 3245 Galehedonensis
1758 3170 1834 3243 lidei
1868 3162 2053 3263 inexpiabili

693 3299 896 3378 tenerentur,
925 3287 1110 3362 Orthodoxi
1125 3287 1353 3360 Alexandriae
1367 3298 1401 3358 et
1426 3291 1459 3358 in
1486 3286 1633 3359 inferiori
1655 3288 1830 3385 Aegypto,
1858 3287 1917 3360 ubi
1931 3284 2054 3356 Graece

694 3428 792 3479 sacra
820 3405 1085 3495 celebrabantur,
1111 3426 1176 3476 nec
1200 3403 1425 3476 Patriarcbam
1457 3426 1521 3476 nee
1545 3402 1747 3500 EpIseopos,
1780 3426 1845 3475 nac
1876 3402 2052 3483 Ecclesia,

694 3525 756 3593 vix
782 3543 907 3617 paucos
935 3520 1137 3593 Sacerdotes
1162 3519 1354 3594 habuissent
1379 3542 1441 3616 per
1466 3523 1630 3612 integrum
1655 3519 1761 3592 terme
1787 3519 1968 3608 saeculum,
1993 3534 2051 3587 so-

694 3634 757 3709 lius
785 3635 946 3732 Copticae
972 3637 1106 3729 linguae
1133 3659 1212 3708 usus
1239 3640 1272 3708 in
1297 3640 1403 3708 saeris
1431 3636 1517 3732 apud
1543 3639 1734 3734 Aeggptms
1760 3635 1829 3707 fuit.

391 3769 542 3821 vernonum
556 3768 682 3822 uautea-
798 3753 855 3825 VI.
881 3754 933 3826 Ea
958 3776 1043 3826 vero
1070 3775 1155 3843 eum,
1181 3764 1217 3824 ut
1236 3752 1390 3842 diximus,
1420 3752 1601 3825 vernacula
1628 3774 1706 3826 esse
1739 3751 1906 3843 desiisset,
1932 3752 2051 3840 vixque

373 3873 429 3907 ‘¹¹¹¹'
450 3856 578 3926 tangue
606 3860 681 3927 ⁰⁸5⁰
695 3892 770 3941 eam
796 3870 998 3943 Sacerdotes
1023 3868 1256 3962 intelligerent,
1282 3872 1552 3964 interpretatione
1578 3868 1727 3941 Arabica
1763 3889 1846 3965 opus
1873 3868 1950 3957 init,
1986 3882 2048 3933 non

374 3950 400 3995 θ’
415 3959 482 3996 ⁰⁸⁰⁸*
695 3986 825 4083 quidem
852 3998 888 4058 ut
912 3986 1044 4083 publice
1070 3985 1154 4058 tales
1180 3989 1356 4058 versiones
1382 3986 1588 4077 legerentur,
1614 3989 1677 4058 nisi
1703 3988 1888 4058 serdonum
1915 4005 1960 4054 ex
1983 3999 2046 4051 ve-

692 4104 757 4173 teri
781 4122 939 4200 novoque
966 4113 1183 4193 testamento,
1217 4124 1304 4197 quae
1337 4102 1518 4175 secundum
1544 4102 1616 4174 dies
1652 4100 1892 4191 occurrebant3
1925 4096 1984 4172 sed
2013 4101 2046 4162 ut

692 4221 825 4312 privato
858 4220 966 4295 studio
998 4219 1201 4292 Sacerdotes
1235 4230 1269 4290 at
1299 4218 1459 4315 Episcopi
1493 4218 1598 4292 libros
1633 4240 1751 4291 sacros
1787 4218 1984 4309 intelligere,
2014 4216 2044 4276 et

692 4335 798 4408 officia
832 4341 895 4408 rita
926 4335 1099 4409 celebrare
1132 4334 1262 4408 facilius
1292 4348 1440 4432 possent
1483 4332 1584 4407 Certa
1615 4335 1670 4407 illa
1702 4337 1896 4407 versionum
1921 4323 2042 4403 Arabi·

692 4475 817 4542 carum,
845 4476 931 4549 quae
957 4463 1022 4526 tum
1049 4457 1083 4524 in
1109 4457 1216 4525 saeris
1242 4450 1347 4544 libris,
1372 4463 1439 4524 tum
1465 4456 1500 4523 iu
1530 4450 1699 4524 codicibus
1726 4450 1917 4543 Litrrrgicis,
1943 4468 1963 4517 a
1985 4461 2042 4512 re·

691 4574 792 4661 glone
828 4570 957 4667 Coptici
993 4580 1104 4644 textus
1145 4568 1249 4641 ferme
1294 4590 1427 4665 semper
1468 4580 1662 4659 occurrunt,
1693 4573 1795 4661 ‘origo
1832 4578 1883 4639 est
1920 4562 2040 4651 antiqua

691 4708 843 4782 prorsus,
877 4699 912 4759 et
941 4708 1009 4759 non
1042 4687 1145 4779 louge
1171 4697 1298 4757 remota
1334 4684 1376 4758 ab
1402 4684 1550 4757 Arabum
1577 4689 1685 4757 initiis.
1732 4684 1875 4756 'Iemere
1907 4681 1991 4754 enim
2011 4678 2041 4740 θῑ

693 4815 808 4876 eontra
834 4804 1008 4876 multorum
1034 4803 1189 4876 codicum-
1217 4801 1315 4874 fidem
1350 4803 1487 4875 Isaacus
1520 4801 1664 4875 vossins
1697 4801 1889 4891 adamavit,
1922 4801 1954 4868 in
1977 4810 2039 4861 ve-

692 4923 787 4992 tustis
811 4940 880 4992 non
905 4923 1045 5021 reperiri
1074 4923 1252 4992 versiones
1277 4917 1454 4992 ArabIeas.
1480 4918 1579 4990 Nulla
1605 4922 1691 4990 enim
1718 4917 1807 5008 inde,
1834 4921 1907 4989 sive
1931 4909 2038 4988 abstula

692 5040 767 5110 sive
793 5035 966 5129 adjunctae
993 5040 1068 5129 slut,
1095 5039 1296 5132 antiquitatis
1321 5047 1401 5108 nota
1427 5038 1495 5131 peti
1521 5045 1648 5132 potest:
1677 5039 1829 5130 antiquos
1856 5035 1971 5127 qutppe
1985 5020 2037 5092 tl·
