4525 6034
695 588 769 663 312
1192 585 1547 664 LITURGIA

692 776 892 873 Baptismum
919 785 1007 847 mum
1034 774 1205 848 sublimem
1232 785 1266 846 et
1297 772 1538 847 admirandum:
1571 772 1803 846 miraculorum
1834 783 1925 847 tuam
1959 796 2044 871 ope-

692 895 866 980 rationem,
893 890 1057 987 adquam
1091 899 1220 963 mentes
1253 890 1505 986 obstupescunt:
1539 893 1729 986 passionem
1764 901 1854 963 tuam
1886 890 2047 987 placidum

693 1017 727 1079 et
753 1007 945 1080 salutarem:
971 1017 1109 1080 mortem
1136 1015 1223 1079 tuam
1248 1008 1361 1078 vivam
1394 1016 1427 1079 et
1460 1005 1701 1080 vivificantem:
1728 1007 1931 1103 sepulturam
1963 1018 2048 1080 tuum

691 1122 822 1219 plenam
839 1145 900 1220 spe
915 1135 948 1196 et
962 1122 1082 1196 salute:
1096 1125 1326 1195 ascensionem
1340 1131 1427 1196 turm
1440 1122 1482 1196 de
1494 1133 1582 1194 terra
1599 1125 1632 1195 in
1647 1124 1792 1228 coelum:
1807 1125 1995 1198 sessionem
2009 1121 2049 1193 ad

693 1240 864 1312 dexteram
885 1241 949 1313 Dei
973 1241 1095 1312 Patris:
1126 1238 1303 1330 adventum
1325 1249 1456 1311 tauma
1482 1238 1579 1312 coelo
1605 1239 1783 1312 secundum
1804 1250 1839 1311 et
1859 1237 2049 1325 terribilem,

694 1354 823 1451 quando
845 1379 958 1429 coram
985 1368 1018 1428 te
1042 1356 1177 1428 ordines
1192 1353 1333 1428 flammei
1354 1352 1495 1443 stabunt,
1513 1365 1548 1426 et
1565 1358 1767 1451 principatus
1790 1355 1980 1451 spirituales
1996 1353 2049 1426 tibi

692 1474 903 1544 ministerium
921 1470 1138 1544 exhibebunt:
1165 1493 1238 1543 cum
1264 1474 1541 1543 resurrectionem
1567 1470 1732 1544 bominum
1757 1474 1900 1543 omnium
1926 1470 2049 1544 facies:

693 1598 727 1659 et
751 1592 785 1660 in
808 1591 932 1681 justitia
948 1590 1124 1682 unicnique
1139 1586 1317 1659 secundum
1334 1608 1437 1681 opera
1461 1610 1521 1661 sua
1544 1587 1727 1661 retribues:
1747 1609 1821 1659 cum
1842 1609 1948 1683 opera
1973 1590 2050 1679 igne

693 1705 977 1791 examnabuntur,
1000 1707 1174 1798 omniaque
1187 1713 1318 1777 secreta
1338 1713 1372 1775 et
1390 1702 1518 1777 occulta
1538 1706 1571 1775 in
1592 1713 1741 1799 apertum
1761 1702 1960 1799 prodibunt:
1978 1725 2050 1776 cum

691 1822 781 1915 impii
809 1829 842 1890 et
868 1823 968 1915 iniqui
995 1817 1150 1891 tenebras
1177 1820 1376 1907 exteriores,
1409 1829 1443 1892 et
1474 1818 1646 1892 stridorem
1681 1819 1823 1892 dentium
1857 1816 2051 1891 baeredita-

689 1933 785 2007 bunt:
813 1934 959 2028 maligni,
986 1956 1218 2031 oppressores,
1245 1944 1279 2006 et
1302 1934 1394 2007 iures
1419 1940 1453 2007 in
1478 1938 1589 2027 ignem
1614 1935 1739 2008 foveae
1770 1934 1940 2010 inferioris
1966 1958 2051 2032 pro-

687 2054 858 2145 jicientur:
885 2056 919 2124 in
944 2050 1104 2141 vinculis,
1137 2053 1293 2140 baratro,
1327 2055 1414 2123 tinea
1449 2062 1483 2123 et
1514 2073 1631 2124 verme
1665 2055 1699 2123 in
1731 2062 1901 2124 aeternum
1934 2052 2051 2125 futuri:

688 2192 764 2241 cum
789 2172 847 2266 pii,
871 2171 950 2261 justi
976 2178 1010 2240 et
1036 2172 1153 2253 sancti,
1180 2172 1213 2240 in
1239 2166 1460 2241 tabernaculis
1486 2166 1562 2241 luce
1584 2167 1762 2263 splendidis
1789 2165 1996 2257 habitabrmt,
2022 2180 2053 2240 et

690 2288 958 2358 investimentis
984 2288 1076 2381 puris
1102 2307 1204 2381 super
1229 2283 1350 2357 nubem
1375 2283 1515 2361 lucidam
1541 2282 1759 2356 extollentur:
1795 2295 1830 2356 et
1864 2286 1906 2357 ad
1942 2285 2052 2357 tlala-

691 2425 780 2474 mum
806 2400 929 2494 gaudio
956 2402 1100 2497 plenum,
1127 2405 1161 2473 in
1187 2401 1316 2473 domum
1344 2404 1439 2495 regni
1466 2401 1654 2474 ascendent
1706 2401 1870 2474 Miserere
1896 2399 2052 2489 Domine,

691 2519 747 2591 illa
782 2517 864 2592 bora
897 2523 1132 2593 sententiamm
1164 2518 1393 2606 ferendarum,
1429 2538 1589 2610 agnorum
1623 2518 1720 2590 ovilis
1752 2520 1817 2605 tui,
1849 2520 1906 2612 qui
1934 2519 2053 2609 signati

692 2643 769 2709 sunt
793 2657 894 2708 cruce
919 2646 975 2708 tua
1002 2635 1155 2709 salutari:
1187 2645 1221 2706 et
1247 2635 1377 2731 depelle
1402 2633 1565 2707 llammam
1592 2657 1611 2704 a
1638 2633 1833 2730 corporibus
1867 2638 1901 2705 in
1935 2633 2053 2728 quibus

693 2750 920 2824 absconditum
947 2763 999 2825 est
1024 2750 1146 2848 corpus
1173 2761 1262 2823 tuum
1288 2763 1455 2824 sanctum:
1482 2761 1515 2823 et
1540 2748 1679 2847 prohibe
1694 2772 1841 2822 vermem
1868 2759 1905 2821 et
1931 2753 2054 2822 tineam

694 2866 736 2941 ab
770 2866 891 2940 ovibus
928 2890 1013 2963 quae
1053 2866 1266 2941 comederunt
1298 2877 1331 2940 te
1364 2891 1436 2939 cum
1468 2867 1550 2939 fide:
1583 2876 1724 2962 protege
1757 2869 1855 2938 etiam
1895 2884 2053 2961 corpora,

693 3007 780 3079 quae
807 2986 969 3076 sanguine
995 2995 1051 3056 tuo
1080 2988 1180 3056 tincta
1207 2995 1293 3074 suut,
1320 2981 1500 3057 atenebris
1527 2985 1617 3056 omni
1632 2982 1708 3055 luce
1721 2981 1923 3056 carentibus.
1957 2981 2053 3056 Gon-

693 3122 795 3174 serva
823 3122 955 3195 quoque
982 3102 1135 3196 captivos
1162 3110 1237 3173 tuos
1264 3097 1451 3173 avinculis
1486 3099 1700 3195 perditionis:
1732 3110 1766 3171 et
1799 3111 1940 3195 propter
1972 3097 2053 3169 baec

693 3226 727 3287 et
761 3216 878 3290 similia
911 3214 1065 3288 Ecclesia
1098 3224 1132 3287 et
1165 3238 1252 3309 grex
1284 3226 1358 3288 tuus
1394 3215 1590 3312 deprecatur
1622 3227 1676 3305 te,
1706 3226 1741 3288 et
1774 3218 1909 3289 Patrem
1952 3226 2050 3303 mun,

693 3333 816 3405 dicens.

796 3448 956 3542 Populus.
1008 3446 1181 3519 Miserere.

795 3563 977 3635 Sacerdos.
1030 3562 1102 3635 Nos
1129 3584 1270 3658 quoque.

796 3679 956 3774 Populos.
1008 3679 1060 3751 'l'e
1084 3678 1267 3752 laudamus.

795 3795 982 3866 Diaconos.
1035 3796 1141 3882 Quam
1166 3794 1310 3868 timenda
1337 3803 1389 3867 est
1412 3793 1497 3865 baec
1522 3793 1621 3881 bora,
1654 3807 1717 3868 etc.

795 3910 969 3983 Sacerdos
1002 3912 1185 3985 inclinatos
1210 3912 1294 3984 dicit
1319 3911 1572 3982 invocationem
1596 3910 1748 4005 Spiritus
1772 3914 1896 3982 amoti.

795 4026 958 4100 Miserere
999 4030 1103 4101 nostri
1136 4027 1295 4111 Domine,
1331 4027 1508 4101 secundum
1539 4026 1773 4100 multitudinem
1805 4030 2047 4100 miserationum

692 4151 836 4214 tuarum:
871 4153 1011 4240 peccata
1039 4148 1138 4217 etiam
1165 4155 1199 4216 et
1225 4144 1342 4217 delicta
1378 4166 1462 4239 quae
1497 4146 1716 4216 commisimus
1748 4165 1863 4217 coram
1896 4154 1948 4231 te,
1979 4140 2047 4214 dele

694 4268 729 4331 et
763 4258 900 4332 munda:
935 4258 1093 4354 absterge
1130 4282 1261 4356 quoque
1301 4260 1447 4333 maculas
1485 4269 1619 4333 nostras
1651 4258 1802 4355 hyssopo
1834 4270 1909 4346 tuo,
1945 4261 2047 4331 omnir

695 4372 884 4448 dealbante:
919 4388 952 4449 et
981 4380 1071 4449 mitte
1104 4399 1206 4473 super
1239 4399 1302 4450 nos
1341 4388 1374 4449 et
1408 4399 1508 4472 super
1542 4375 1729 4449 oblationes
1761 4379 1844 4448 istas
1878 4398 1965 4471 quae
1994 4371 2046 4444 tibi

695 4492 892 4581 offeruntur,
920 4496 1066 4589 spiritum
1099 4504 1188 4567 tuum
1221 4504 1386 4584 sanetum,
1419 4493 1555 4566 stillas
1589 4491 1772 4567 sanctifica:
1807 4491 1900 4565 illum
1931 4492 2045 4564 Douri-

693 4630 771 4680 uum
797 4610 1038 4697 vivificantem,
1066 4608 1240 4706 aequalem
1264 4608 1322 4683 tibi
1353 4612 1513 4701 essentia,
1545 4609 1671 4702 gloria,
1704 4613 1826 4683 virtute
1860 4619 1896 4682 et
1928 4607 2044 4681 volun-

693 4735 780 4815 tate,
820 4735 854 4798 et
887 4728 1056 4819 unigenito
1087 4726 1174 4798 Filio
1208 4738 1265 4800 tuo
1296 4729 1404 4824 ipsum
1436 4729 1492 4823 qui
1523 4725 1653 4801 locutus
1687 4736 1740 4800 est
1770 4748 1831 4823 per
1857 4723 2044 4821 Prophetas,

695 4841 978 4937 sanctificavitque
998 4842 1166 4916 efficacem
1189 4847 1414 4939 operationem
1441 4865 1535 4917 suam
1561 4847 1594 4915 in
1620 4841 1824 4939 Martyribus
1851 4852 1886 4915 et
1911 4841 2043 4914 Sanctis.

798 4956 958 5052 Populus.
1013 4959 1124 5031 Orate.
