4525 6034
1278 552 1510 632 NOTAE

889 862 924 930 tl.
967 859 1022 929 Nc
1049 859 1199 956 abneper
1223 882 1286 932 nce
1312 861 1370 955 qui
1396 882 1465 931 non
1491 859 1731 955 ubwpucimus
1757 865 1802 947 te,
1829 866 1891 930 etc.

811 1052 914 1130 Locus
937 1063 986 1127 hic
1009 1064 1151 1126 convenit
1184 1063 1447 1145 persecutionibus
1476 1082 1552 1146 quas
1574 1063 1631 1127 sub
1655 1063 1878 1126 blubamedanis
1900 1061 2053 1126 Antiocheni

705 1166 864 1231 Jacobitae
887 1165 1170 1248 trequentcr'passi
1193 1175 1272 1242 sunt,
1296 1168 1508 1247 patiunturque
1531 1167 1677 1247 quotidie:
1701 1184 1827 1247 quarum
1846 1166 1964 1227 historia
1982 1166 2054 1247 plena

706 1275 761 1331 est.
815 1267 958 1340 Quamvis
988 1268 1066 1328 enim
1100 1267 1369 1348 Pseudopropheta
1399 1265 1576 1330 Christianis
1612 1267 1749 1348 injuriam
1785 1265 1852 1328 lieri
1882 1264 2053 1345 prohibuerit,

704 1366 788 1429 nuda
811 1373 858 1428 est
880 1366 987 1447 injuria
1011 1366 1059 1427 cui
1083 1366 1209 1428 obnoxii
1231 1384 1290 1427 non
1314 1364 1433 1430 inerint.
1452 1367 1532 1437 ‚Per
1549 1367 1679 1447 populor
1700 1366 1819 1428 obesos
1839 1364 1973 1427 ridentur
1991 1382 2055 1444 quo·

709 1483 769 1547 que
792 1464 946 1546 designari
970 1465 1079 1528 Franci
1102 1467 1209 1540 nostri,
1233 1466 1284 1545 qui
1305 1465 1465 1528 Antiochia
1487 1472 1592 1546 capta,
1626 1472 1658 1527 et
1678 1483 1736 1545 per
1758 1463 1867 1526 multos
1889 1482 1977 1527 annos
1996 1481 2057 1545 pns-

706 1581 805 1640 sessa,
828 1563 981 1626 Jacobitas
999 1564 1188 1627 Patriarchas
1211 1566 1379 1645 ejecerunt,
1402 1565 1598 1646 reliquosque
1613 1564 1799 1627 Christianos
1812 1562 1976 1626 Orientales
1995 1562 2056 1625 aden

706 1671 908 1740 vexaverunt,
933 1671 965 1725 ut
987 1663 1024 1725 ab
1048 1667 1162 1726 unitate
1186 1663 1363 1727 Ortbcdoxa
1392 1664 1593 1727 alienissimos
1621 1662 1765 1726 iecerint:
1796 1663 1970 1743 praesertim
1993 1661 2057 1741 quod
2155 1725 2159 1742 ,

706 1762 807 1824 nullus
830 1770 913 1825 essct
936 1763 1015 1825 inter
1048 1770 1092 1826 tot
1123 1782 1215 1826 cruce
1244 1764 1380 1847 signatos
1402 1763 1653 1838 Ecclesiasticos,
1684 1763 1735 1843 qui
1763 1762 1800 1824 ab
1831 1762 1981 1824 erroribus
2004 1760 2057 1822 illus

706 1878 764 1940 per
788 1877 893 1923 sanam
917 1861 1082 1924 doctrinam
1104 1881 1254 1927 revocare
1277 1871 1446 1946 satageret,
1476 1870 1527 1924 aut
1555 1864 1581 1925 si
1604 1870 1775 1940 conaretur,
1806 1863 1960 1944 potuisset
1999 1862 2058 1922 ilinc

705 1958 757 2020 illa
779 1960 860 2022 Petri
882 1959 1026 2042 Episcopi
1055 1961 1202 2025 blelicbae
1231 1962 1378 2025 adversus
1407 1962 1541 2025 Francos
1570 1961 1709 2043 querela:
1743 1963 1826 2042 quod
1853 1980 1875 2023 a
1902 1980 1934 2022 se
1963 1963 1993 2022 in
2012 1961 2058 2039 fide

704 2059 916 2121 ducentenas
937 2061 1142 2123 internecione
1163 2061 1304 2125 delerent.

1076 2356 1111 2425 5.
1150 2354 1329 2426 Innocentio
1356 2325 1509 2448 Spiritus
1534 2353 1655 2425 sancti.

800 2543 856 2624 Ex
880 2575 968 2637 quam
997 2557 1120 2621 exhibet
1150 2558 1225 2621 haec
1248 2558 1400 2639 Liturgia,
1434 2559 1540 2621 iisdem
1569 2557 1671 2619 verbis
1705 2564 1736 2620 et
1764 2558 1927 2620 sententiis
1955 2564 2061 2634 consul,

705 2659 814 2740 quibus
837 2661 975 2742 reliquae
998 2680 1096 2742 prope
1120 2679 1234 2727 omnes.
1279 2662 1354 2726 Nam
1377 2661 1488 2740 rerba,
1512 2660 1648 2742 illapsus,
1671 2661 1892 2742 requietionis,
1923 2661 2062 2724 obumbra-

705 2759 807 2837 tionis,
830 2766 861 2822 et
882 2760 941 2823 alia
964 2777 1091 2842 quorum
1114 2761 1175 2822 vim
1203 2761 1273 2824 alibi
1301 2759 1369 2824 inse
1392 2762 1604 2842 exposuimus,
1639 2760 1830 2825 adhibentur.
1887 2761 1920 2823 ln
1949 2759 2062 2826 omnibus

704 2857 870 2921 secundum
888 2860 1050 2940 ,exemplar
1072 2860 1310 2940 antiquissimum
1332 2860 1488 2943 liturgiae
1511 2860 1648 2923 Graecae
1669 2860 1786 2936 iacobi,
1808 2860 1941 2941 illapsus
1962 2857 2063 2920 nimbi·

705 2955 752 3019 les
775 2958 850 3020 varii
873 2960 970 3021 sancti
993 2958 1122 3039 Spiritus
1145 2967 1371 3038 enumerantur,
1392 2961 1556 3041 praecipue
1580 2959 1731 3022 inlesum
1754 2959 1913 3023 Christum
1934 2959 1998 3023 dum
2017 2958 2063 3018 ba-

704 3057 869 3137 ptisarctur
891 3060 920 3119 in
942 3057 1091 3122 Jordane:
1115 3067 1146 3122 et
1169 3060 1199 3121 in
1221 3058 1389 3140 Apostolos
1411 3061 1569 3142 ignearum
1592 3059 1761 3141 linguarum
1784 3059 1896 3122 iornra.
1933 3060 1985 3122 llic
2003 3072 2062 3118 rem

705 3155 900 3238 singulariter
922 3159 1034 3220 mentio
1058 3157 1089 3219 iit
1111 3157 1238 3240 illapsus
1260 3159 1326 3239 ejus
1346 3158 1554 3242 invirginem
1577 3159 1614 3221 ad
1638 3158 1857 3239 perficiendum
1870 3155 2064 3221 incarnatione

706 3255 891 3336 mysterium.
937 3257 981 3319 lta
1005 3264 1154 3319 testantur
1175 3257 1344 3335 Jacobitue,
1367 3258 1495 3321 credere
1526 3277 1572 3336 se,
1594 3276 1655 3321 non
1678 3260 1774 3320 minus
1798 3258 1989 3322 descendere
2009 3253 2064 3335 Spi-

706 3355 795 3417 ritum
817 3364 953 3418 sanctum
977 3357 1007 3416 in
1030 3357 1107 3419 dona
1129 3358 1297 3439 proposita,
1322 3374 1411 3438 quam
1433 3358 1590 3421 descendit
1612 3358 1643 3419 in
1666 3356 1827 3436 Christum,
1853 3367 1886 3421 et
1909 3359 2065 3439 inAposte-

705 3451 764 3528 los,
787 3456 951 3535 praecipue
973 3474 1049 3518 vero
1073 3458 1103 3518 in
1125 3456 1158 3520 B.
1182 3458 1356 3540 Virginem,
1387 3456 1507 3538 quando
1537 3458 1567 3518 in
1591 3475 1629 3519 eo
1652 3454 1792 3518 formavit
1821 3474 1938 3537 corpus
1967 3457 1995 3516 in
2018 3466 2065 3534 qm

706 3551 840 3614 Verbum
870 3553 928 3617 Ilei
955 3571 1078 3618 carnem
1112 3557 1288 3637 assumpsit:
1327 3557 1466 3637 idemque
1496 3558 1526 3619 in
1555 3556 1641 3618 altari
1668 3555 1805 3630 edicere,
1836 3556 1979 3618 mutando
2004 3553 2066 3614 dona

706 3653 865 3732 proposita
888 3654 919 3714 in
942 3672 1054 3735 corpus
1077 3663 1107 3718 et
1129 3647 1307 3738 sanquinem
1342 3655 1461 3718 Christi.
1513 3655 1617 3718 Omnia
1646 3663 1744 3718 autem
1773 3657 1900 3735 priora,
1930 3672 1994 3717 cum
2019 3665 2067 3711 nun

706 3750 773 3812 sine
795 3752 942 3815 miraculo
964 3771 1079 3817 summo
1103 3752 1183 3818 iacta
1204 3754 1335 3817 inerint:
1364 3754 1442 3817 idem
1471 3755 1510 3818 de
1539 3754 1727 3818 Eucharistia
1756 3753 1889 3817 credere
1918 3772 1953 3817 se
1980 3751 2066 3832 panda

707 3850 810 3912 verbis
834 3857 997 3930 testantur,
1018 3872 1127 3935 nempe
1150 3855 1323 3917 miraculum
1347 3852 1412 3915 lieri
1434 3854 1538 3934 primis
1561 3853 1619 3916 illis
1642 3853 1894 3934 comparandum:
1926 3850 2005 3934 qued
2022 3866 2068 3910 ue·

706 3950 873 4011 cessarium
896 3970 965 4013 esse
989 3971 1076 4016 nemo
1100 3953 1181 4016 dicat
1202 3954 1240 4016 ad
1262 3962 1360 4016 actum
1382 3952 1452 4016 iidei
1474 3951 1663 4031 eliciendum,
1686 3971 1765 4033 quae
1787 3972 1827 4014 ex
1852 3950 2067 4015 Protestantiun

706 4049 868 4126 sententia,
890 4050 1020 4113 medium
1043 4060 1090 4115 est
1113 4071 1174 4134 quo
1199 4052 1310 4116 Christi
1333 4070 1444 4134 corpus
1474 4053 1628 4132 accipitur.
1679 4051 1786 4131 Neque
1814 4050 1896 4114 baec
1926 4044 2067 4113 divinando

706 4145 853 4220 dicuntur,
875 4166 942 4210 cum
965 4169 1002 4214 ea
1024 4149 1091 4214 fuse
1115 4159 1146 4214 et
1169 4152 1200 4213 in
1223 4151 1358 4215 eamdem
1381 4152 1558 4214 sententiam
1581 4152 1733 4233 explicent
1756 4149 1881 4213 illorum
1904 4148 2050 4229 'l'beolcp't

1188 4445 1223 4517 6.
1262 4447 1394 4540 nepam
1420 4445 1598 4516 Fideliuru.

818 4632 873 4709 lrn
897 4645 927 4705 in
950 4644 1086 4725 pluribus
1109 4645 1253 4729 liturgiis
1270 4647 1454 4725 Jacobiticis,
1477 4650 1567 4712 etiarn
1589 4649 1769 4713 recentioris
1791 4651 1874 4726 aevi,
1898 4657 1933 4711 ut
1948 4643 2069 4711 Dioscuri

706 4744 879 4826 Gordioeni,
903 4747 1056 4811 Michaelis
1079 4747 1271 4825 Antiocheni,
1294 4751 1412 4832 Ignatii,
1435 4750 1541 4815 Jacobi
1559 4752 1750 4833 Serugensis,
1774 4751 1903 4814 alterius
1925 4747 2068 4822 Edessani,

707 4850 738 4907 et
760 4845 857 4925 Xysti.
903 4847 1010 4910 blisum
1034 4847 1064 4908 id
1091 4867 1177 4927 saue,
1202 4868 1269 4912 cum
1291 4849 1328 4911 ab
1359 4849 1531 4914 lnhdelibus
1559 4868 1656 4933 grave
1684 4850 1876 4933 impenderet
1908 4848 2068 4932 periculam

705 4942 732 5005 si
754 4962 865 5025 preces
887 4964 945 5026 pro
968 4946 1103 5010 hostibus
1127 4949 1190 5011 suis
1212 4948 1334 5032 publice
1356 4949 1432 5029 lieri,
1456 4952 1515 5013 imo
1538 4958 1568 5013 et
1590 4951 1744 5014 victorium
1768 4951 1807 5013 de
1831 4969 1866 5012 se
1891 4951 1967 5031 ipsis
1988 4945 2068 5009 allen

703 5042 862 5124 postulari,
886 5044 1044 5110 deserente
1068 5065 1258 5130 quaerunque
1282 5057 1431 5134 apostata,
1454 5050 1683 5114 intellexissent.
1728 5049 1903 5113 Formulam
1927 5049 2002 5113 tueri
2020 5060 2069 5125 pu-

2050 5609 2204 5994 l
