4525 6034
704 593 1146 671 ntttntnet
1554 594 1624 669 121

242 803 353 872 ταμεν
367 774 529 878 ε’νλόγῳ,
542 776 819 879 ἢέργῳ,ἢκαταί
833 778 919 856 διαί-
961 784 1186 876 cogitatione,
1213 792 1248 856 tn
1274 792 1428 878 tnnanam
1453 783 1581 871 bonus,
1597 791 1632 855 et

243 879 693 983 ναιαν,σύαίςιίγαθὸςκαί
701 881 919 986 φιλάνθραι-
959 887 1091 959 humani
1124 889 1261 980 generis
1294 896 1423 960 amator
1455 909 1522 959 nnn
1553 890 1633 959 nni-

241 1013 308 1067 πος
330 982 498 1081 παριδεῖν
519 986 765 1078 καταξίωσον,
783 987 844 1063 καί
862 986 917 1086 μή
959 991 1172 1078 maduertere
1199 990 1366 1083 digneris,
1392 1013 1501 1085 neque
1521 991 1630 1064 dese-

241 1091 475 1187 ἕνκαταλίπης
483 1088 575 1186 ἡμᾶς
588 1087 916 1183 ὁθεόςὲλσίζοισας
958 1116 1015 1168 res
1041 1116 1124 1185 nos,
1153 1118 1173 1167 ο
1199 1094 1313 1185 Deus,
1339 1104 1515 1190 sperantes
1536 1098 1570 1166 in
1585 1106 1632 1184 te,

240 1192 298 1266 ἐπί
323 1218 404 1284 σοι,
430 1191 524 1290 μηδὲ
546 1196 734 1293 είςενέγκης
755 1194 848 1291 ἡμᾶς
870 1199 916 1282 είς
958 1220 1067 1293 neque
1093 1199 1230 1272 inducas
1257 1219 1319 1270 nos
1344 1201 1377 1269 in
1402 1201 1631 1287 tentationem,

239 1294 462 1393 πειρασμόν,
486 1294 577 1373 ἀλλαί
600 1305 705 1393 ῥῦσαι
733 1297 826 1396 ἡμᾶς
843 1297 915 1375 ἀπὸ
960 1302 1020 1374 sed
1033 1302 1215 1374 liberanos
1238 1300 1380 1390 amalo,
1407 1312 1441 1372 et
1460 1300 1501 1373 ab
1518 1304 1631 1373 omni-

240 1406 308 1473 τοῦ
334 1407 514 1500 πονηροῦ,
540 1399 601 1475 καί
626 1406 665 1474 ἐκ
691 1409 767 1477 τών
798 1405 917 1504 ἔργων
959 1403 1022 1477 hus
1048 1405 1206 1502 operibus
1234 1407 1325 1497 ejus:
1352 1409 1460 1496 gratie
1479 1415 1512 1477 et
1529 1427 1630 1476 nom-

239 1502 376 1594 αὐτοῦ,
405 1506 528 1602 χάριτι
554 1501 616 1580 καί
653 1508 830 1607 οἰκτιρμῴ
855 1506 917 1581 καὶ
959 1512 1191 1600 miseratione,
1218 1515 1252 1580 et
1277 1507 1481 1600 benignitate
1503 1510 1629 1601 unige-

240 1610 505 1708 φιλανθρωπίᾳ
520 1615 588 1685 τοῦ
609 1616 829 1710 μονογενοῦς
846 1636 917 1687 σου
958 1613 1106 1684 nitiFilii
1121 1612 1417 1703 n1i7Eintnnoee,
1438 1611 1504 1683 Per
1520 1634 1630 1707 quem,

240 1713 334 1801 αίού,
347 1715 519 1811 Εκριίνως.
562 1710 618 1788 Δι’
632 1707 678 1788 οὗ
694 1711 755 1788 καί
768 1713 855 1810 μεθ’
871 1709 916 1790 οὗ
958 1724 1094 1789 etcum
1121 1738 1185 1812 qun
1213 1715 1271 1788 tihi
1285 1714 1393 1805 gloria
1410 1723 1444 1786 et
1457 1718 1629 1811 imperium

239 1813 299 1889 σαί
323 1813 347 1912 ἡ
372 1814 464 1895 ntea
489 1816 550 1891 καί
572 1814 615 1890 τὸ
638 1815 784 1915 κράτος,
806 1821 846 1893 ἐν
861 1825 913 1915 τῷ
956 1823 991 1891 in
1018 1824 1247 1909 sanctissimo,
1281 1826 1314 1888 et
1338 1818 1445 1905 hono,
1474 1828 1507 1889 et
1532 1821 1630 1891 vivi-

237 1920 418 2019 ααναγίῳ,
434 1919 495 1993 καί
511 1919 657 2021 ἀγαθῷ,
671 1918 732 1995 καί
747 1919 915 2017 ζωοπαιῴ
949 1923 1021 1995 neo
1048 1923 1173 2018 Spiritu
1199 1933 1275 2009 tuo,
1307 1943 1393 1993 nunc
1425 1932 1459 1994 et
1485 1942 1630 2017 semper,

241 2048 311 2097 σου
332 2020 528 2119 πνεύματι,
551 2029 621 2100 νῦν
642 2023 703 2098 καί
722 2022 851 2099 ἀείκαὶ
867 2029 914 2110 εἰς
957 2037 991 2098 et
1017 2030 1051 2098 in
1077 2026 1212 2100 saecula
1239 2026 1459 2098 saeetnonnn.

240 2124 324 2209 τούς
342 2130 474 2211 αίαλνας
488 2134 563 2204 τῶν
579 2124 732 2204 αἰώνων.

290 2228 445 2319 ὉΛαός.
485 2229 608 2329 Ἀμήν.
1008 2234 1169 2327 Populus.
1223 2233 1343 2307 Amen.

289 2338 324 2441 ‘Q
342 2336 468 2434 Ἱερεύς.
513 2332 648 2434 Εἰρήνη
664 2341 784 2413 πᾶσιν.
1007 2337 1192 2409 Sacerdos.
1244 2338 1318 2410 Pax
1346 2335 1508 2409 omnihus.

288 2442 322 2514 Ὁ
342 2440 445 2528 Λαός.
487 2438 561 2514 Καί
575 2446 626 2535 ια’
638 2436 815 2535 πνεύματί
832 2466 912 2514 σου.
1007 2440 1170 2534 Populus.
1222 2440 1266 2513 Et
1293 2444 1419 2537 spiritui
1446 2450 1512 2512 tuo.

288 2546 323 2618 Ὀ
345 2543 510 2631 Διᾰκονος.
554 2543 810 2645 Προςεύξασθε
823 2542 912 2643 ὑπὲρ
1007 2545 1195 2616 Dracones.
1249 2546 1353 2618 Orate
1380 2566 1442 2640 pro
1469 2543 1577 2636 Rege.

236 2652 306 2719 τοῦ
323 2647 510 2741 βασιλέως

287 2753 322 2826 ‘0
343 2751 446 2838 Λαός.
486 2747 600 2846 Κύριε
620 2753 773 2848 ἐλέησον.
800 2748 914 2849 Κύριε
1008 2751 1171 2845 Populus.
1224 2751 1330 2848 Kpn‘e
1357 2751 1496 2825 eleison.
1523 2750 1631 2848 Kyrie

236 2856 391 2951 ἐλέησον.
419 2850 532 2954 Κύριε
549 2859 702 2952 ἑλεήσον.
957 2854 1096 2927 eleison.
1123 2854 1229 2951 Kyrie
1256 2855 1394 2928 eleison.

399 3004 431 3058 ‘O
448 3006 477 3058 δὲ
490 3003 583 3075 ‘lepesin
600 3006 748 3075 ἐπεύχεται.
1120 3005 1257 3065 Sacerdos
1279 3014 1372 3064 aulem
1393 3014 1466 3067 oroi.

290 3130 457 3200 Δέσποτα
471 3122 572 3221 κύριε
589 3123 610 3198 ὁ
626 3121 730 3215 θεός,
753 3123 775 3200 ὁ
796 3125 913 3228 πατήρ
1009 3126 1224 3216 Dominam,
1246 3126 1409 3215 Domine,
1426 3127 1536 3219 Deus,
1556 3128 1630 3202 Pn-

237 3236 304 3303 τοῦ
321 3228 466 3324 κυρίου,
482 3227 543 3303 καί
557 3231 661 3318 θεοῦ,
680 3228 741 3302 καί
755 3236 915 3330 σωτῆρος
957 3238 1009 3302 ter
1034 3229 1188 3319 Domini,
1224 3240 1257 3300 et
1282 3228 1348 3301 Dei
1375 3238 1409 3300 et
1434 3228 1629 3308 Servntnris

236 3332 344 3428 ἡμῶν
356 3332 468 3428 Ἰησοῦ
482 3339 661 3432 Χριστοῦ,
677 3330 839 3428 δεόμεθα
853 3334 915 3409 καὶ
956 3336 1063 3405 nostri
1094 3332 1177 3404 Jesu
1211 3331 1351 3419 Christi,
1385 3354 1562 3427 precamur
1596 3345 1630 3408 et

236 3440 517 3534 παρακαλοῦμεν
559 3462 619 3527 σε,
655 3434 722 3512 τὸν
760 3439 915 3533 βασιλέα
957 3436 1175 3511 obsecramus
1201 3445 1254 3525 te,
1281 3446 1316 3508 ut
1330 3435 1461 3528 Regem
1480 3448 1629 3513 nestrum

237 3540 345 3635 ἡιαῦν
362 3544 401 3615 ἐν
418 3537 536 3639 είρὴιςη
550 3539 610 3614 καί
627 3537 760 3637 ἀνδρία
776 3540 837 3615 καί
851 3539 915 3616 ιλι-
956 3544 991 3612 in
1016 3563 1102 3636 pace
1128 3561 1169 3611 ne
1200 3539 1408 3630 fortitudine,
1439 3542 1631 3639 justitiaque

236 3641 415 3739 καιοσύνῃ
429 3642 667 3741 διαφύλαξαν.
685 3641 916 3720 nanenten-
958 3666 1153 3717 eonserves.
1200 3642 1361 3735 Subjicito
1389 3646 1439 3733 ei,
1475 3646 1628 3736 οΙλοαε,

238 3751 306 3828 ξαν
324 3745 459 3842 eringii
477 3746 560 3831 θεὸς
571 3744 839 3845 αάνιαὲχθρόν
854 3748 915 3824 καί
958 3770 1091 3820 omnem
1117 3749 1283 3819 inimicum
1317 3757 1350 3819 et
1385 3747 1628 3822 adversarium:

238 3856 429 3946 πολέμιον·
444 3853 620 3947 ἐπιλαβοῦ
634 3850 748 3926 ὅπλου
762 3851 823 3925 καί
837 3854 916 3928 θυ-
958 3849 1174 3947 apprehende
1207 3872 1300 3921 enne
1341 3860 1375 3922 et
1408 3861 1555 3943 scutun,
1596 3859 1630 3924 et

238 3963 358 4055 ραιοῦ,
371 3953 432 4029 καί
439 3952 622 4052 ἀνάστηθι
630 3953 751 4050 είςτὴν
758 3952 916 4053 βοήθει·
958 3977 1089 4046 exurge
1114 3957 1149 4025 in
1176 3953 1372 4045 adjutorium
1399 3955 1481 4044 ejus.
1508 3956 1562 4028 Dn
1585 3959 1629 4044 ei,

236 4089 286 4134 αν
302 4058 426 4134 αὐτοῦ.
458 4058 527 4144 Δὸς
546 4057 644 4155 αὐτῷ
661 4058 682 4132 ὁ
700 4056 786 4143 θείς
803 4060 915 4149 νίκας,
958 4081 979 4131 0
1006 4059 1118 4146 Deus,
1144 4058 1323 4146 victorias,
1356 4068 1392 4128 ut
1419 4063 1560 4130 animum
1587 4059 1630 4130 nd

236 4161 399 4262 εἰρηνικὰ
417 4175 566 4262 φρονεῖν
580 4162 683 4261 ἡμᾶς,
697 4161 758 4236 καί
772 4162 915 4261 sepienti
959 4184 1000 4233 en
1033 4159 1200 4250 intendet,
1241 4183 1327 4254 qnae
1361 4159 1458 4233 nobis
1490 4162 1629 4257 pacifica

236 4265 358 4362 ὄνομα
376 4291 444 4341 σου
461 4266 503 4341 τό
521 4267 642 4368 ἅγιον,
664 4269 724 4341 ἵνα
742 4266 802 4341 καί
819 4267 916 4364 ἡμεῖς
958 4273 1052 4353 suni,
1079 4274 1113 4336 et
1140 4262 1182 4336 nd
1208 4286 1331 4336 nomen
1351 4274 1499 4336 sanciunt
1524 4276 1628 4337 tuum:

238 4377 278 4447 ἐν
294 4384 340 4467 τῇ
355 4368 571 4471 ναληνείτιμι
587 4382 662 4446 τῶν
684 4370 825 4468 ἡμερῶν
846 4368 917 4446 αὐ-
958 4379 994 4441 ut
1026 4377 1060 4440 et
1093 4389 1157 4439 nos
1185 4369 1216 4439 in
1243 4365 1475 4461 tranquillitate
1502 4369 1629 4439 dierum

238 4485 308 4551 τοῦ
330 4475 466 4575 ἤρεμον
483 4474 543 4549 καί
559 4472 711 4571 ἡσύχιον
726 4476 814 4570 βίον
829 4472 916 4549 διαί-
959 4475 1031 4565 ejus
1059 4473 1202 4567 quietam
1230 4480 1263 4541 et
1289 4470 1495 4564 tranquillum
1526 4474 1630 4542 vitam
1697 4510 1706 4515 -

240 4608 385 4681 γοιμεν,
411 4583 450 4654 ἒν
472 4576 568 4675 πάσῃ
591 4577 749 4673 εὐσεβείᾳ
770 4577 831 4653 καί
854 4604 916 4652 σε-
959 4576 1136 4667 degnmus‚
1162 4578 1196 4645 in
1223 4576 1312 4645 omni
1339 4575 1462 4668 pietate
1495 4585 1528 4646 et
1560 4573 1629 4645 hn-

239 4685 409 4780 μνόιητι,
422 4678 546 4778 χάριτι
563 4681 622 4756 καί
644 4685 840 4780 οἰκτιρμαῖς
855 4680 916 4755 καί
958 4689 1108 4768 nestete‚
1135 4681 1243 4770 gratia
1270 4686 1304 4748 et
1323 4680 1629 4749 commiserationi-

242 4787 510 4887 φιλανθρωπίᾳ
531 4793 599 4861 τοῦ
611 4793 831 4917 μονοῖενοῦς
846 4810 916 4860 σου
961 4782 1043 4872 hus,
1070 4791 1104 4853 et
1137 4780 1342 4875 benignitate
1371 4782 1530 4872 unigeniti
1555 4781 1630 4852 Filii

245 4893 339 4965 οἱοῦ.
387 4892 561 4989 Ἐκφείνως.
603 4886 659 4965 Δι’
676 4918 732 4980 ου,
757 4888 817 4963 καί
832 4885 921 4985 μεθ’
962 4889 1017 4959 tui.
1043 4886 1150 4957 Είαίο
1174 4905 1275 4972 none,
1302 4884 1369 4955 Per
1396 4906 1493 4978 quem
1507 4893 1541 4955 et
1556 4907 1630 4957 enm

251 4991 297 5069 οὗ
315 4993 374 5070 σοί
399 4991 532 5091 ἦδόξα
555 4991 615 5066 καί
631 4991 674 5066 τὸ
691 4991 833 5092 κράτος,
849 4990 921 5069 σὺν
963 5013 1028 5087 quo
1055 4988 1113 5061 tihi
1140 4988 1249 5080 glorie
1277 4997 1310 5058 et
1336 4990 1524 5082 imperinm,
1555 5011 1630 5059 eum

248 5106 302 5197 τῷ
318 5098 498 5200 παναγίῳ,
514 5096 575 5172 καί
590 5094 735 5198 ἀγαθῷ,
750 5094 921 5187 zatino-
963 5094 1172 5170 sanctissimo
1209 5100 1243 5164 et
1273 5090 1383 5178 b0n0‚
1425 5101 1459 5163 et
1495 5090 1631 5166 vivifice

1335 5210 1380 5285 31
1399 5207 1422 5250 ¹*
