4525 6034
769 569 1185 648 tituletis.
1405 588 1407 595 ’
1599 572 1646 647 19

280 757 412 846 domm,
438 758 573 831 Piorum
599 758 822 831 ettustorum.
855 758 915 829 Ad
938 759 1110 831 Amtrmu.
1144 757 1255 855 Super
1269 760 1440 833 incensum
1453 752 1646 848 aromatum,

279 878 326 948 sit
350 876 507 947 memoria
532 873 709 949 Ecclesiae
734 883 871 948 sanctae
897 883 932 946 et
957 878 1101 949 ommam
1126 874 1269 947 filiomm
1296 878 1379 967 ejus.

383 991 513 1063 Adolet
537 994 707 1063 iaceasmm
732 991 952 1063 circulariter
977 1014 1080 1085 nopes·
1103 994 1265 1085 mysterio
1280 992 1389 1064 tridua
1406 992 1552 1081 etaim,
1580 990 1647 1062 dc-

276 1108 477 1201 eceaditpoe
504 1130 550 1179 ec
574 1109 702 1203 poda,
730 1115 765 1179 et
790 1108 875 1180 dicit
900 1108 1098 1180 Orationem
1122 1111 1346 1202 susceptionis
1372 1111 1511 1181 incensi.

384 1223 526 1319 Suscipe
551 1223 694 1296 Domine
719 1227 890 1298 incensum
915 1223 1137 1297 Sacerdotem
1163 1234 1309 1297 tuorum:
1336 1225 1472 1321 placare
1488 1246 1551 1322 per
1570 1221 1647 1296 sui-

277 1339 372 1412 fitum
397 1361 574 1412 servorum
599 1349 748 1414 tutorum:
775 1350 1015 1436 acceptumque
1040 1338 1129 1413 habe
1154 1343 1369 1414 ministerium
1381 1342 1586 1414 adorantium
1603 1349 1646 1411 te.

277 1455 419 1529 Praesta
445 1458 544 1529 etiam
570 1479 632 1552 per
657 1455 736 1528 illud
763 1459 905 1553 quietem
938 1466 972 1528 et
1004 1459 1197 1530 memoriam
1231 1454 1354 1528 honam
1386 1460 1536 1549 genitrici
1569 1467 1647 1529 tuae

279 1581 317 1644 et
341 1576 465 1646 sanctis
491 1575 577 1663 tuis,
602 1573 666 1645 Fili
693 1571 840 1646 Christe:
876 1575 931 1668 qui
962 1571 1113 1647 adoraris
1147 1582 1181 1645 et
1213 1571 1408 1667 glorificeris
1441 1597 1515 1647 cum
1545 1572 1646 1645 Patre

278 1699 337 1760 tuo
364 1699 397 1761 et
422 1689 546 1786 Spiritu
572 1699 629 1763 tuo
657 1698 799 1780 sancto,
824 1711 929 1780 nnnc,
955 1699 1019 1761 etc,

384 1807 498 1876 Facta
522 1808 759 1900 pecatteciooe
784 1809 940 1877 iaceasat
970 1810 1024 1875 ter
1053 1812 1188 1898 partem
1217 1805 1360 1877 mediam
1389 1826 1525 1876 mensae
1553 1807 1648 1875 citae

280 1944 371 2016 qaae
388 1927 439 1994 est
460 1929 555 2015 typos
572 1920 710 1993 Patris:
736 1928 803 1992 ima
829 1944 937 1992 corno
962 1921 1239 2015 Septemrtmute
1265 1922 1411 2015 ejusdam
1431 1943 1566 1994 memoc
1586 1926 1646 1991 to-

280 2038 385 2108 tidem
409 2036 558 2124 cicidas,
586 2039 676 2130 qaod
701 2043 752 2109 eat
778 2044 875 2131 tppm
900 2037 1000 2109 Filii:
1025 2044 1078 2109 ter
1104 2041 1207 2108 etiam
1233 2060 1339 2108 coroa
1367 2038 1531 2110 Austrole
1557 2035 1648 2131 qaod

279 2160 333 2225 eat
358 2160 454 2248 tppac
478 2152 630 2246 Spiritus
654 2157 774 2224 coacti.
826 2154 875 2226 m
900 2153 985 2224 dicit
1011 2154 1217 2225 Orationem,
1270 2153 1379 2225 Maria
1406 2175 1491 2248 quae
1518 2162 1551 2223 te
1577 2173 1646 2244 ge-

277 2272 366 2342 nmt:
392 2275 453 2341 oret
477 2269 752 2363 deprecationem
776 2269 978 2366 peaeralcm.
1019 2268 1124 2367 Kyric
1152 2268 1280 2341 eleison
1307 2275 1370 2339 ter.
1410 2268 1551 2340 Domine
1577 2271 1646 2339 mi-

278 2409 395 2459 serere
420 2383 526 2461 nobis.
577 2386 678 2458 Pater
703 2395 828 2460 noster.
881 2385 1004 2457 Statim
1030 2389 1186 2456 iacemat
1212 2385 1421 2474 Diaconum,
1457 2392 1492 2456 ct
1527 2388 1648 2478 incipit

276 2505 531 2597 responsoriam
557 2501 757 2591 oblationis,
783 2505 895 2573 coacti
919 2502 1044 2574 Seoeri
1069 2501 1312 2573 Patrimchae.

383 2617 551 2691 Exaltahc
578 2626 613 2688 te
638 2618 782 2690 Domine
808 2640 901 2691 meus
928 2616 1018 2709 Rex,
1044 2617 1187 2690 Sanctus
1212 2619 1306 2692 Deus
1333 2624 1395 2688 ter.
1423 2616 1529 2713 Kyrie
1555 2616 1646 2688 clei-

278 2757 351 2809 son.
404 2734 510 2830 llyrie
536 2732 674 2805 eleison.
726 2734 834 2831 llyrie
860 2733 998 2810 eleison

382 2852 504 2922 Lectio
530 2850 709 2943 Epistoloc
734 2850 904 2945 Apostoli.
962 2850 1042 2921 Tam
1068 2851 1160 2921 dicet
1184 2848 1360 2921 Sacerdos
1384 2848 1473 2920 hamc
1499 2850 1645 2922 Oratio-

275 2991 368 3056 nem,
395 2974 476 3039 autc
501 2968 698 3038 Lectiooem
723 2969 869 3038 Actutum
894 2965 1145 3060 Apostolormn.

382 3084 522 3157 Praesta
547 3080 645 3155 nohis
666 3083 809 3156 Domine
834 3091 871 3155 ut
895 3105 958 3179 per
983 3084 1244 3155 intercessiones
1259 3080 1499 3179 Apostolorum
1514 3092 1643 3154 tuorum

278 3211 488 3290 sanctorum,
520 3221 588 3271 non
620 3201 724 3273 simus
763 3209 914 3271 errantes
950 3206 1005 3271 aut
1035 3197 1233 3271 vacillantes
1267 3200 1303 3269 iu
1333 3196 1417 3286 fide,
1451 3198 1511 3270 sed
1543 3208 1578 3270 ut
1610 3200 1645 3270 in

277 3314 492 3389 confessione
525 3339 640 3388 eorum
676 3334 952 3412 perseveremus,
991 3315 1205 3409 moribusque
1236 3312 1386 3386 honestis
1420 3322 1454 3386 et
1487 3315 1643 3387 virtuunn

278 3434 481 3504 ornamentis
507 3455 594 3528 quae
619 3432 773 3528 placeant
799 3430 959 3504 divinitmi
991 3440 1087 3519 tune,
1122 3428 1310 3523 fulgeamus
1343 3430 1494 3504 omnihus
1527 3427 1645 3502 diebus

276 3551 370 3622 vitae
395 3559 548 3638 nostrae,
576 3548 619 3620 ad
643 3547 790 3620 ultimum
815 3569 921 3644 usque
948 3550 1115 3643 spiritum,
1143 3545 1273 3619 Christe
1289 3547 1383 3618 Deus
1403 3557 1535 3634 noster,
1564 3568 1644 3642 spes

277 3668 370 3739 vitae
396 3675 549 3753 nostrae,
577 3672 611 3735 et
637 3662 786 3737 salvator
812 3666 992 3735 animarum
1017 3673 1204 3736 nostrarum
1231 3664 1264 3733 in
1291 3661 1435 3736 saecula.
1471 3663 1592 3735 Amen.

381 3781 430 3852 Et
449 3787 531 3874 port
555 3779 733 3851 lectionem
757 3780 904 3851 Actcam
928 3779 1187 3872 Apostolormn,
1214 3778 1307 3850 dicct
1331 3779 1420 3850 hooc
1448 3779 1647 3853 Orationem

279 3904 360 3968 aate
385 3896 546 3991 Apostoli
571 3896 757 3969 lectionem

382 4013 523 4110 Suscipe
548 4014 692 4086 Domine
717 4014 810 4086 Deus
837 4014 1005 4085 orationes
1035 4021 1069 4084 et
1103 4011 1356 4107 deprecationes
1389 4020 1522 4085 nostras
1556 4013 1643 4109 apud

278 4137 332 4216 te,
359 4127 424 4201 hoc
450 4138 618 4225 tempore,
645 4140 678 4201 et
691 4139 826 4225 praesta
847 4128 945 4201 nobis
959 4137 995 4200 ut
1012 4150 1086 4201 cum
1101 4129 1244 4224 puritate
1265 4138 1299 4199 et
1322 4132 1495 4201 sanctitate
1516 4128 1643 4202 obser-

278 4266 398 4318 vemus
431 4244 584 4318 mandata
620 4256 691 4334 tua,
727 4255 761 4318 ct
798 4244 1036 4341 Apostolorum
1074 4254 1205 4316 tuorum
1244 4243 1447 4333 divinorum,
1483 4253 1517 4315 et
1549 4243 1644 4317 Pauli

280 4359 451 4433 architecti
483 4371 518 4433 et
552 4360 771 4434 aedificatoris
797 4361 973 4434 Ecclesiae
1007 4370 1082 4432 tuae
1116 4370 1254 4433 sanctae
1289 4360 1452 4452 Domine,
1484 4360 1578 4432 Deus
1610 4363 1642 4431 in
1703 4445 1705 4448 Α

280 4476 424 4550 saecula.

383 4593 605 4687 Evangelium
638 4603 785 4668 sanctum
817 4595 950 4667 Domini
982 4596 1087 4666 nostri
1124 4593 1208 4667 lesu
1242 4591 1383 4681 christi,
1418 4590 1643 4689 praedicatum

279 4702 353 4806 per
368 4709 557 4783 Mathaeum
582 4711 800 4807 Apostolum,
827 4720 882 4782 aut
907 4732 968 4806 per
993 4709 1175 4801 loannem,
1208 4712 1311 4782 vitam
1344 4720 1378 4781 et
1404 4709 1543 4782 salutem
1576 4730 1643 4780 an-

278 4830 441 4899 nuncians
468 4828 597 4899 mundo.
649 4828 741 4899 Sioe.
793 4826 1015 4900 Annuuciatio
1042 4825 1177 4898 vivifica
1203 4848 1265 4922 per
1289 4824 1459 4915 Marcum,
1486 4835 1542 4899 aut
1566 4824 1645 4897 Lu-

278 4965 355 5015 cem
380 4942 635 5037 Evangelistas,
662 4966 748 5039 puae
775 4944 950 5016 annunciat
974 4943 1077 5016 vitam
1104 4951 1139 5015 et
1164 4942 1300 5016 salutem
1327 4940 1459 5013 mundo.

319 5077 407 5126 tonus
419 5082 445 5124 11.
1414 5060 1438 5134 6
