4525 6034
493 623 1342 706 Jonnnlsssnsonunsts
1528 630 1605 705 425

226 831 336 881 meam
363 810 596 886 annuntiabitis
623 822 657 884 et
682 818 966 890 resurrectionem
992 837 1098 888 meam
1132 815 1388 906 confitebimini,
1421 835 1528 910 usque
1561 815 1606 888 ad

227 925 406 999 adventum
432 949 551 1000 meum.

328 1042 491 1136 Populus.
542 1044 662 1118 blcrtis
689 1053 785 1133 tuae,
812 1046 978 1134 Domine,
1004 1048 1200 1117 memoriam
1227 1048 1368 1138 agimus.

329 1158 513 1230 Sacerdos.
552 1159 820 1233 'sabernaculum
837 1163 938 1253 igitur
954 1182 1021 1233 nou
1040 1184 1140 1233 manu
1160 1160 1285 1233 factum
1301 1160 1460 1234 Pontifex
1478 1173 1604 1252 sancte,

227 1275 402 1369 puritatem
429 1273 560 1367 indute,
588 1286 772 1371 segregate
798 1301 818 1349 a
844 1275 1095 1373 peccatoribus,
1130 1287 1165 1349 tu
1193 1280 1363 1369 unigenite
1388 1280 1483 1351 Deus
1510 1279 1606 1350 Ver-

226 1387 324 1480 bum,
351 1392 510 1477 erexisti,
545 1395 600 1486 qui
626 1416 689 1489 pro
716 1391 831 1483 nobis,
864 1395 1037 1488 nostrique
1064 1391 1243 1480 similibus,
1277 1402 1311 1463 et
1342 1404 1459 1467 nostra
1491 1416 1606 1484 causa,

136 1577 141 1586 ,
226 1519 327 1602 atque
354 1530 400 1579 ex
427 1505 525 1581 nobis
554 1512 743 1581 incarnatus
771 1530 829 1596 es:
863 1510 918 1602 qui
943 1512 1178 1581 necessitatem
1216 1530 1283 1581 non
1318 1507 1423 1582 babes
1459 1509 1605 1603 quotidie
1725 1543 1727 1548 ·

227 1624 313 1696 sicut
340 1622 404 1713 illi,
432 1626 486 1718 qui
514 1646 561 1695 ex
587 1633 677 1696 terra
704 1622 896 1696 sacerdotio
921 1623 1119 1716 funguntur,
1153 1623 1254 1696 multa
1282 1624 1403 1697 offerre
1430 1625 1603 1699 sacrificia.

226 1739 302 1811 Hoc
329 1742 416 1810 enirn
442 1738 551 1813 fecisti
583 1741 707 1831 semel,
740 1762 808 1812 nou
841 1739 984 1812 alienum
1016 1744 1230 1832 sanguinem,-
1263 1763 1374 1836 neque
1406 1740 1604 1813 sacrificium

227 1877 274 1925 ex
299 1852 463 1946 frugibus,
491 1855 551 1928 sed
578 1866 612 1928 te
638 1861 751 1951 ipsum·
773 1877 835 1951 pro
862 1856 959 1929 uobis
986 1854 1116 1943 dedisti,
1149 1864 1183 1926 et
1209 1854 1420 1928 sacerdotale
1445 1860 1603 1931 ministe-

226 1973 311 2041 rium
339 1969 487 2060 ejusdem
515 1970 682 2064 dignitatis
710 1969 995 2069 praedicatoribus
1021 1965 1206 2063 Evangelii
1227 1969 1428 2044 fundandum
1453 1994 1603 2045 concre-

228 2085 349 2174 didisti,
375 2095 514 2182 propter
539 2087 774 2162 sublimitatem
799 2089 958 2163 bonitatis
980 2098 1071 2159 tuae.
1124 2086 1177 2157 Tu
1211 2089 1312 2178 igitur
1345 2109 1433 2158 nunc
1459 2088 1603 2160 Domine

227 2211 343 2274 noster
368 2200 450 2272 Jesu
478 2199 622 2290 Christe,
649 2208 706 2300 qui
731 2226 853 2301 passus
881 2225 919 2275 es
945 2224 1008 2298 pro
1034 2202 1133 2274 nobis
1159 2204 1193 2273 iu
1219 2223 1341 2291 carne,
1376 2225 1451 2274 cunr
1478 2208 1603 2277 etiam-

228 2340 305 2390 num
331 2326 530 2413 peccatores
557 2341 728 2394 essemus:
756 2327 811 2418 qui
839 2323 927 2392 nosti
954 2316 1210 2390 imbecillitatem
1236 2328 1375 2389 naturae
1400 2328 1549 2408 nostrae,
1571 2328 1605 2390 et

229 2434 370 2506 didicisti
397 2456 442 2505 ex
469 2437 510 2506 iis
538 2458 625 2531 quae
650 2460 771 2532 passus
799 2460 836 2510 es
863 2433 1104 2522 obedientiam,
1140 2456 1184 2505 ne
1210 2436 1344 2526 rejicias
1371 2457 1435 2507 nos
1462 2457 1508 2507 ex
1534 2457 1603 2507 nu-

228 2561 322 2620 mero
351 2569 529 2622 servorum
558 2561 707 2642 tuorum:
734 2576 777 2625 ne
803 2553 909 2625 veluti
936 2553 1086 2622 inimicos
1113 2550 1268 2641 negligas
1285 2571 1361 2640 nos,
1388 2573 1432 2621 ne
1449 2560 1603 2644 tanquam

230 2685 290 2735 eos
318 2664 436 2758 qulbus
463 2667 659 2763 supplicium
686 2667 856 2741 decretum
884 2676 953 2755 est,
988 2687 1052 2738 nos
1089 2665 1315 2761 derelinquas:
1351 2666 1412 2739 sed
1446 2675 1603 2761 tanquam
1700 2661 1703 2668 ’

229 2790 364 2852 curator
390 2779 518 2872 bonus,
546 2794 580 2854 et
604 2794 701 2878 pater
719 2787 925 2871 misericors,
953 2785 1009 2878 qui
1029 2782 1071 2854 ad
1092 2781 1224 2854 domum
1244 2802 1338 2853 suam
1358 2790 1470 2868 vocat,
1498 2791 1602 2876 quot-

229 2908 309 2992 quot
336 2917 461 2988 sumus,
487 2898 591 2971 reduc
617 2921 680 2971 nos
707 2923 769 2996 per
796 2904 959 2992 integram
982 2900 1212 2971 reversionem
1233 2896 1275 2969 ad
1294 2918 1336 2969 ea
1357 2918 1444 2991 quae
1461 2896 1603 2969 honesta
1686 2901 1691 2915 '

229 3024 313 3086 sunt.
367 3012 496 3086 Perfice
522 3017 556 3085 in
582 3016 680 3089 nobis
706 3016 912 3088 voluntatem
939 3024 1029 3086 tuam
1051 3013 1239 3086 vivificam:
1267 3021 1301 3083 et
1318 3011 1475 3085 radicitus
1492 3011 1603 3084 evelle

229 3152 249 3200 a
276 3129 375 3202 nobis
401 3150 531 3201 omnem
559 3129 733 3220 desidiam,
761 3156 781 3203 a
809 3154 873 3226 qua
901 3134 1005 3202 oritur
1024 3150 1132 3219 error,
1159 3136 1193 3199 et
1210 3127 1405 3201 instabilitas
1420 3126 1602 3200 bonorum:

229 3248 462 3342 aspiciensque
487 3255 718 3341 paupertatem
746 3256 905 3335 nostram,
932 3244 1052 3316 festina
1078 3244 1120 3315 ad
1141 3244 1363 3316 miserendum
1381 3246 1497 3317 nostri.
1524 3242 1601 3315 Ne-

229 3383 294 3455 que
322 3364 408 3432 enirn
436 3370 523 3434 totus
549 3360 606 3433 ille
632 3364 731 3433 timor
753 3361 883 3453 judicii,
916 3360 974 3433 ubi
1006 3362 1093 3452 ignis
1130 3358 1391 3453 inextinguibilis
1419 3370 1452 3431 et
1478 3364 1602 3432 vermis

230 3480 379 3571 quinon
411 3478 568 3565 moritur,
604 3476 748 3568 abjectio
784 3476 927 3564 acerba,
963 3473 1151 3547 obscuritas
1182 3474 1304 3546 nnllam
1336 3475 1602 3547 consolationem

229 3591 424 3682 admittens,
450 3590 545 3666 fletus
573 3603 607 3664 et
633 3592 756 3665 stridor
782 3592 944 3680 dentium,
972 3587 1217 3664 corda‘nostra
1251 3600 1374 3662 tanturn
1408 3594 1534 3662 cruciat
1568 3600 1602 3662 et

229 3705 338 3795 allicit,
366 3716 422 3778 aut
447 3711 565 3799 tangit,
593 3717 746 3801 quantum
775 3707 872 3780 dolor
898 3707 965 3797 ille,
992 3717 1026 3778 et
1052 3729 1199 3779 summus
1226 3714 1362 3796 memor,
1388 3730 1432 3778 ne
1457 3706 1601 3780 excida-

228 3843 302 3894 mus
329 3845 349 3893 a
375 3822 486 3914 gloria
512 3830 577 3912 tua,
606 3833 661 3894 ant
687 3822 888 3924 repellamur
915 3846 935 3894 a
962 3827 1101 3895 caritate
1128 3833 1195 3910 tua,
1223 3833 1280 3894 aut
1299 3825 1470 3918 privemur
1489 3822 1601 3894 bene-

228 3938 305 4010 ficio
326 3936 540 4030 benignitatis
559 3947 654 4010 tuae:
675 3938 914 4035 videamusque
932 3943 1108 4011 venientes
1130 3939 1172 4012 ab
1196 3938 1333 4010 Oriente
1355 3948 1389 4011 et
1408 3938 1601 4025 Occidente,

230 4062 264 4125 et
285 4053 370 4150 apud
394 4064 522 4126 tecum
540 4054 734 4130 Abrahamo
761 4067 794 4127 et
813 4058 937 4128 sanctis
950 4054 1202 4128 recumbentes:
1236 4076 1299 4127 nos
1320 4076 1404 4127 vero
1430 4078 1450 4125 a
1476 4055 1601 4150 Spiritu

230 4178 347 4241 sancto
375 4172 532 4266 separati,
560 4172 731 4264 ejiciamur
755 4169 867 4261 foras,
897 4170 1134 4265 audiamusque
1161 4191 1282 4243 vocem
1309 4171 1398 4242 illarn
1433 4170 1601 4262 acerbam,

230 4284 410 4357 dicentem:
444 4287 555 4360 Amen
588 4285 663 4358 dico
699 4285 817 4378 vobis,
850 4289 965 4360 nescio
998 4308 1073 4359 vos.
1100 4273 1104 4282 ‘
1132 4285 1218 4373 Quid
1252 4285 1348 4358 nobis
1381 4307 1460 4358 esse
1490 4296 1603 4380 potest

168 4459 172 4466 .
230 4399 417 4492 hujusmodi
442 4403 605 4473 sententia
627 4405 767 4491 tristius3
796 4401 871 4498 quid
898 4403 996 4474 etiam
1019 4401 1303 4497 acciderepotest
1325 4400 1493 4490 acerbum,
1519 4423 1602 4496 prae

227 4515 286 4588 illa
312 4514 526 4590 confusione:
554 4516 641 4611 quod
669 4518 798 4592 scilicet
822 4517 996 4590 videamus
1023 4519 1151 4610 Deum,
1185 4527 1220 4589 et
1247 4542 1267 4590 a
1292 4517 1369 4590 Deo
1396 4539 1602 4612 separemur,

230 4630 319 4726 quod
345 4653 420 4702 eum
447 4635 481 4703 in
506 4630 572 4703 hoc
597 4631 719 4718 mundo
747 4633 919 4706 domestici
945 4633 1120 4721 fuerimus,
1157 4637 1191 4704 in
1216 4632 1328 4706 futuro
1353 4636 1457 4707 simus
1485 4632 1602 4706 alieni:

230 4745 320 4840 quod
347 4768 434 4819 nunc
461 4769 536 4818 cum
561 4747 637 4821 liliis
665 4746 842 4820 Ecclesiae
864 4759 1004 4837 stemus,
1040 4759 1074 4820 et
1099 4759 1178 4821 tune
1205 4769 1280 4821 cum
1307 4749 1441 4822 diabolo
1470 4749 1603 4821 conde-

230 4883 390 4934 mnemur.
425 4862 531 4954 Igitur
556 4885 600 4933 ue
626 4862 693 4935 tale
720 4863 797 4958 quid
823 4866 998 4960 patiamur,
1025 4867 1157 4960 corripe
1183 4887 1246 4937 nos
1265 4866 1421 4955 Domine,
1448 4864 1509 4940 sed
1535 4888 1602 4937 uon

228 4979 263 5074 in
286 4977 423 5068 judicio,
449 5000 560 5072 neque
587 4980 712 5051 inira:
738 4980 848 5072 ¹dirige
873 5002 1012 5072 gressus
1038 4989 1186 5068 nostros,
1219 4979 1368 5054 mortalis
1394 4982 1482 5051 euim
1510 5004 1601 5076 quo-

229 5092 328 5165 modo
355 5093 519 5186 intelliget
543 5095 620 5168 vias
647 5095 748 5188 ejus?
775 5095 861 5204 doce
886 5117 950 5169 nos
976 5094 1090 5168 facere
1116 5095 1323 5170 voluntatem
1349 5105 1457 5189 tuam,
1490 5120 1601 5171 revo-
