4525 6034
714 555 792 630 466
1104 559 1719 638 OBSERVATIONES

716 744 889 804 strumentis
917 743 1075 807 electionis
1102 745 1266 826 loquuntur
1292 746 1388 826 primo
1424 746 1493 809 loco
1527 744 1689 828 Episcopi,
1722 755 1754 809 et
1781 746 1970 810 testimoninm
1991 747 2045 811 dart

716 858 882 904 consensus
906 841 1112 923 Sacerdotum,
1136 846 1287 927 totiusque
1311 845 1404 923 Cleri,
1427 844 1640 908 Monachorum
1663 854 1694 907 et
1717 844 1886 908 Laicorum.

799 940 864 1004 Nec
886 943 974 1005 etiam
997 945 1218 1024 praetereunda
1239 945 1400 1029 singularis
1429 943 1601 1006 observatio
1624 944 1704 1006 circa
1726 944 1922 1008 llierarchiae
1939 943 2045 1006 Alexan-

714 1039 819 1104 drinae
841 1040 1026 1105 Jacobiticae
1048 1043 1285 1124 dispositionem.
1337 1044 1455 1107 Nullius
1477 1044 1556 1106 enim
1578 1043 1789 1125 Metropolitae
1813 1045 1923 1107 mentio
1942 1050 1988 1117 est,
2005 1040 2046 1104 sed

714 1158 813 1220 neque
847 1140 1095 1224 Archiepiscopi,
1133 1162 1202 1205 cum
1236 1142 1319 1206 solus
1357 1141 1528 1206 Patriarcba
1555 1141 1672 1205 titulum
1699 1141 1779 1204 hunc
1806 1141 1928 1205 honoris
1955 1142 2046 1204 babeat

605 1300 608 1311 ,
713 1240 818 1320 ltaque
840 1238 899 1303 dno
921 1240 1065 1322 Episcopi
1095 1244 1249 1321 seniores,
1277 1249 1391 1305 tractus
1417 1243 1572 1318 maritimi,
1602 1259 1657 1303 seu
1686 1241 1840 1305 inlerioris
1866 1240 2001 1323 Aegypti,
2024 1247 2047 1302 at

713 1338 880 1418 Australis,
910 1341 976 1403 sive
1002 1341 1136 1423 Aegypti
1167 1342 1350 1422 superioris,
1380 1343 1506 1422 primum
1539 1341 1570 1403 in
1605 1340 1802 1405 ordinatione
1831 1341 1928 1403 locum
1953 1344 2047 1400 lenem:

714 1437 796 1518 quod
817 1455 877 1501 non
900 1437 1009 1501 iactum
1031 1439 1148 1517 luisset,
1171 1441 1196 1503 si
1218 1440 1285 1522 quis
1307 1440 1576 1522 Archiepiscopus,
1606 1448 1656 1507 aut
1679 1438 1871 1522 Metropolita
1892 1439 2047 1503 intervenis·

712 1545 777 1615 set,
800 1555 867 1600 nam
889 1538 948 1601 illis
971 1559 1010 1601 ex
1027 1541 1097 1621 jure
1120 1541 1268 1603 communi
1290 1541 1315 1602 is
1343 1540 1442 1603 honor
1469 1540 1669 1620 competebat.
1715 1541 1827 1602 Verum
1849 1540 1954 1602 omissa
1971 1553 2047 1618 quae·

712 1637 809 1699 stione
840 1655 916 1717 quae
946 1658 962 1701 a
991 1640 1065 1701 viris
1093 1640 1274 1702 doctissimis
1306 1646 1430 1701 tractata
1460 1647 1523 1717 est,
1555 1657 1593 1701 an
1620 1647 1652 1701 ut
1680 1639 1718 1702 ab
1746 1639 1861 1721 aliquot
1890 1634 2047 1700 saeculisio

711 1734 850 1799 Ecclesia
873 1739 999 1819 Graeca,
1022 1740 1062 1803 ita
1085 1739 1157 1802 olim
1186 1740 1346 1823 Aegyptus
1368 1738 1576 1819 Metropolitas
1598 1738 1753 1816 habuerit,
1784 1756 1822 1799 an
1844 1737 1926 1800 solos
1944 1734 2049 1815 Episco-

710 1851 785 1916 pos;
808 1835 912 1899 saltem
935 1857 975 1899 ex
997 1838 1134 1901 omnibus
1149 1838 1373 1901 Ecclesiasticis
1397 1837 1583 1918 Coptitarum
1605 1840 1804 1900 monumentis
1827 1843 1951 1913 constat,
1970 1832 2048 1895 nullos

701 1934 791 2016 apud
829 1953 883 1998 eos
910 1936 1118 2019 Metropolitas
1150 1945 1200 2001 aut
1229 1938 1488 2019 Arcbiepiscopos
1525 1938 1636 2016 luisse,
1670 1943 1795 2018 praeter
1830 1933 2049 1997 Alexandrinum.

711 2033 900 2098 Observatur
921 2043 1019 2099 tamen
1041 2037 1163 2100 saeculo
1187 2037 1364 2101 duodecimo
1378 2037 1533 2100 Damietae
1552 2036 1771 2117 Metropolitam
1785 2034 1930 2117 appellari
1940 2031 2050 2095 Michae-

711 2133 770 2197 lem
793 2135 948 2216 quemdam
971 2137 1074 2199 Marco
1097 2137 1158 2200 lilio
1181 2138 1296 2199 Zaraae
1319 2136 1491 2218 aequalem:
1515 2144 1545 2199 ct
1569 2135 1714 2218 Cyriacus
1737 2137 1823 2216 cujus
1846 2142 1928 2197 actas
1947 2135 2051 2216 ignora·

710 2242 778 2313 tur,
807 2236 837 2297 in
867 2235 952 2298 titulo
983 2236 1137 2317 cujusdam
1166 2237 1321 2318 Litargiae
1349 2235 1565 2316 Aethiopicae,
1593 2254 1671 2317 quae
1697 2235 1740 2298 illi
1770 2234 1925 2312 tribuitur,
1949 2238 2050 2294 vocatur

709 2334 968 2417 Archiepiscopus
991 2335 1139 2415 Behnsae,
1162 2356 1239 2419 quae
1262 2335 1335 2398 urbs
1366 2343 1431 2398 erat
1454 2335 1624 2398 Thebaidis.
1672 2334 1713 2397 At
1736 2334 1818 2397 nullo
1838 2333 1976 2396 historiae
1995 2328 2050 2390 loco

709 2434 890 2498 observatur
911 2435 1079 2516 quidquam,
1102 2436 1182 2498 unde
1211 2436 1450 2512 Damietensem,
1480 2442 1512 2497 et
1534 2433 1738 2512 Behnsanum,
1768 2433 1915 2516 dignitate
1940 2430 2049 2509 reliquos

708 2532 878 2614 Episcopos
901 2535 1114 2613 antecessisse,
1138 2535 1188 2598 vel
1210 2537 1240 2597 in
1264 2552 1318 2597 eos
1337 2536 1387 2616 jus
1410 2533 1533 2614 aliquod
1556 2534 1746 2613 exercuisse,
1769 2531 1989 2595 demonstretur.
2024 2523 2051 2587 ld

709 2633 737 2695 si
758 2649 904 2713 unquam,
934 2652 1008 2696 sanc
1035 2635 1065 2696 in
1095 2634 1231 2698 Comitiis
1260 2633 1482 2697 Ecclesiasticis
1512 2632 1551 2694 ad
1584 2633 1764 2696 electionem
1794 2640 1824 2694 et
1852 2630 2050 2695 Ordinationes

708 2731 957 2808 Patriarchamm,
980 2732 1078 2796 locum
1100 2733 1268 2797 habuisset:
1299 2741 1419 2796 etcum
1442 2732 1571 2814 plurium
1594 2739 1766 2794 accuratam
1795 2732 1988 2794 narrationem
2005 2723 2051 2785 ht·

707 2831 843 2908 beamus,
865 2851 986 2915 semper
1007 2834 1146 2895 seniores
1169 2832 1337 2914 Episcopos
1361 2831 1437 2895 duos
1460 2831 1601 2894 electioni
1623 2831 1805 2914 praefuisse,
1828 2838 1859 2893 ct
1880 2832 1979 2894 Electo
1997 2840 2050 2885 ma·

708 2948 765 2993 nus
788 2932 968 3012 imposuisse
992 2933 1192 3014 agnoscimus
1220 2931 1282 2994 lmo
1304 2934 1382 2994 inter
1405 2938 1449 2993 tot
1470 2930 1640 3012 Episcopos
1663 2933 1715 3013 qui
1732 2933 1768 3019 in
1790 2932 1921 2994 llistoria
1940 2927 2050 2992 Patriar-

708 3030 785 3093 chali
808 3032 1013 3109 nominantur,
1043 3031 1143 3096 nullos
1166 3032 1243 3096 alios
1265 3031 1316 3094 tali
1338 3031 1425 3094 titulo
1455 3029 1632 3094 honestatos
1660 3031 1838 3112 reperimus.
1888 3030 1952 3093 Fuit
1976 3025 2049 3109 igilur

707 3131 846 3212 simplex,
869 3139 1010 3212 quantum
1033 3132 1185 3213 conjicere
1215 3128 1387 3213 possumus,
1409 3129 1533 3193 honoris
1555 3132 1787 3213 praerogativa,
1816 3132 1901 3213 cuius
1928 3130 2049 3192 rationem

708 3230 945 3311 exconjectura
968 3230 1077 3294 nullam
1101 3231 1302 3294 daremelius
1330 3237 1387 3309 est,
1411 3248 1498 3310 quam
1526 3229 1686 3292 divinando
1716 3229 1850 3293 lectores
1880 3233 1910 3293 in
1937 3237 2048 3291 errorent

706 3318 859 3392 inducere.
886 3329 991 3410 Neque
1015 3330 1201 3393 Graecorum
1220 3320 1353 3392 Notitiae
1375 3329 1464 3391 ullius
1487 3328 1525 3390 ad
1549 3330 1755 3409 quaestionem
1778 3329 1975 3393 elucidandam
1993 3335 2048 3382 111⁰·

706 3428 798 3489 menti
821 3436 900 3507 sunt,
923 3447 991 3491 cum
1013 3432 1201 3493 recentiores
1223 3429 1298 3507 sint,
1328 3427 1461 3509 nihilque
1483 3447 1550 3490 cum
1573 3426 1766 3509 Copticarum
1793 3428 1986 3492 Ecclesiamm
2007 3417 2048 3480 di·

705 3527 822 3589 visione
844 3545 1001 3590 commune
1023 3528 1168 3605 babeant3
1197 3547 1256 3610 qua
1278 3528 1316 3590 de
1338 3546 1373 3590 re
1396 3534 1537 3609 quantum
1560 3544 1638 3608 opus
1661 3536 1726 3591 erat
1748 3528 1857 3591 dictum
1881 3528 1941 3591 1011.

792 3625 867 3689 lllud
890 3646 1011 3709 quoquc
1033 3628 1187 3711 singulare
1211 3636 1241 3691 et
1262 3627 1409 3690 Jacobitis
1431 3626 1645 3689 Alexandrinis
1668 3630 1833 3710 proprium,
1855 3636 1888 3690 ut
1910 3624 2045 3690 Africanae

705 3724 863 3788 Ecclesiae
886 3729 998 3789 veteris
1021 3728 1171 3808 exemplo,
1194 3726 1338 3808 Episcopi
1361 3744 1402 3788 ex
1424 3726 1620 3789 ordinationis
1639 3744 1713 3789 suae
1726 3730 1902 3808 antiquitate
1915 3724 2044 3809 pdmatuct

706 3824 863 3905 quemdam
885 3825 1065 3889 obtinerent.
1096 3828 1179 3890 Unus
1201 3835 1299 3889 tamen
1322 3810 1399 3887 inter
1422 3842 1526 3888 omnes
1549 3825 1884 3907 seniorEpiscoporum
1905 3821 2043 3889 1100111111,

705 3926 840 4005 quamvis
874 3925 951 4004 duo,
969 3943 1055 4007 ,unus
1085 3926 1251 3989 Maritimae
1280 3924 1471 4007 provinciae,
1502 3924 1578 3988 alter
1607 3923 1773 4006 Australis,
1810 3930 1875 3991 sive
1904 3911 2042 4006 superior&

706 4025 841 4107 Aegypti
864 4027 1047 4108 antiquiores
1070 4027 1226 4108 Episcopi,
1248 4025 1360 4109 primas
1385 4026 1415 4086 in
1439 4024 1586 4087 electione
1609 4034 1640 4088 et
1662 4025 1859 4091 Ordinatione
1880 4015 2042 4090 raninch-

706 4143 771 4186 rum
793 4133 896 4206 partes
919 4125 1074 4189 baberent.
1104 4127 1146 4189 At
1168 4127 1272 4189 senior
1294 4126 1424 4188 omnium
1439 4122 1574 4188 Comitiis
1597 4125 1846 4191 Patriarchalibus
1868 4114 2040 4209 praesidebth

707 4232 739 4286 ut
762 4222 800 4287 de
823 4225 909 4288 Mose
931 4226 1083 4307 Episcopo
1105 4226 1247 4301 Wissim,
1274 4232 1304 4288 et
1327 4223 1392 4287 aliis
1416 4224 1566 4287 nonnullis
1588 4232 1693 4287 narrat
1713 4225 1846 4288 historia.
1891 4230 1989 4291 Varum
2002 4212 2041 4292 jl'

706 4321 819 4385 nullum
841 4324 921 4387 aliud
944 4325 1139 4405 exercebant,
1169 4326 1257 4407 quale
1280 4324 1424 4387 Primates
1446 4323 1599 4402 Africani,
1627 4343 1688 4388 non
1716 4325 1806 4388 modo
1829 4326 1909 4408 quod
1931 4308 2041 4417 Synodos

707 4440 877 4487 convocare
900 4444 961 4488 non
984 4432 1120 4505 possent,
1143 4443 1242 4506 neque
1266 4425 1344 4486 enim
1366 4423 1396 4485 id
1419 4423 1627 4486 Muhamedani
1649 4423 1848 4505 patiebantur,
1871 4427 1928 4489 nisi
1947 4415 1979 4481 ad
1996 4405 2041 4470 ⁹¹¹·

704 4523 836 4606 gendum
858 4524 1069 4601 Patriarcham,
1094 4523 1150 4587 sed
1172 4542 1271 4604 neque
1299 4522 1525 4587 Ordinationum
1547 4523 1770 4614 Episcopalium
1799 4527 1862 4588 suis
1884 4525 1916 4586 in
1936 4515 2042 4583 Mileti·

703 4623 786 4685 sibus
809 4623 846 4685 ab
868 4623 926 4686 illis
949 4624 1168 4687 celebratarum
1191 4629 1354 4687 occurrunt
1376 4623 1524 4704 exempla.
1578 4623 1611 4685 ln
1634 4624 1846 4704 Psephismatis
1870 4626 1965 4693 etiam,
1984 4614 2043 4686 quac

703 4723 802 4784 statim
825 4730 914 4804 atquc
937 4724 1066 4785 omnium
1088 4723 1242 4804 sullragiis
1264 4721 1380 4784 electus
1402 4721 1510 4803 aliquis
1531 4721 1640 4801 luerat,
1664 4722 1910 4801 conficiebantur,
1932 4709 2042 4786 senior&

702 4820 746 4883 illi
768 4822 911 4902 Episcopi
933 4840 994 4884 non
1015 4840 1072 4884 suo
1094 4824 1225 4902 nomine,
1250 4821 1306 4884 sed
1327 4821 1511 4902 reliquorum
1532 4823 1763 4905 Episcoporum,
1786 4823 1879 4903 Cleri,
1901 4805 2042 4887 Mosst⁰¹¹⁰'

705 4939 772 4983 rum
794 4930 824 4984 et
846 4921 1004 4985 Laicorum
1026 4921 1242 5004 loquebantur,
1277 4929 1308 4984 et
1330 4928 1469 5002 tanquam
1498 4925 1586 5004 primi
1614 4925 1693 4987 inter
1721 4941 1829 5005 pares,
1867 4924 1977 5003 absque
1998 4894 2042 4962 “¹¹⁸

704 5039 780 5101 prae
801 5021 936 5102 reliquis,
958 5022 1081 5085 honoris
1104 5021 1305 5103 amplitudine.
