4525 6034
676 541 724 614 VI
1105 545 1611 623 DISSERTATIO

780 730 919 803 loannis
960 730 1204 823 Evangelistae
1234 731 1359 805 ibidem
1398 732 1504 803 edito:
1550 753 1636 826 quae
1672 741 1767 804 extat
1800 735 1835 803 in
1869 728 2036 810 codicibus

781 961 968 1035 Duodecim
993 959 1248 1055 Apostolorum:
1275 959 1398 1031 ibidem
1424 971 1459 1032 et
1483 963 1517 1033 in
1542 960 1788 1058 Manuscriptis.

782 1076 861 1148 Julii
886 1077 1001 1168 Papae
1027 1074 1172 1147 Romani
1198 1074 1286 1147 edita
1312 1083 1347 1147 et
1372 1080 1405 1147 in
1433 1075 1538 1149 Codd.
1564 1077 1808 1172 Manuscriptis.

781 1189 945 1261 Eustathii
970 1190 1172 1295 Antiocheni
1196 1194 1230 1261 in
1258 1190 1402 1262 editione
1427 1190 1593 1281 Romana,
1620 1203 1655 1264 et
1679 1197 1714 1265 in
1740 1192 1839 1265 MSS.

783 1306 819 1379 S.
846 1305 986 1377 Joannis
1015 1303 1249 1400 chrysostomi
1276 1305 1454 1378 secuudum
1487 1305 1675 1380 Romanam
1701 1307 1897 1397 editionem,
1930 1307 2040 1381 sedin

680 1419 860 1494 Codicibus
886 1420 1133 1514 Manuscriptis‚
1160 1419 1300 1493 Joaunis
1327 1421 1446 1492 dicitnr
1472 1421 1673 1518 simpliciter.

781 1535 859 1609 Alia
887 1539 991 1607 sancti
1017 1536 1156 1607 loannis
1183 1541 1216 1607 in
1233 1535 1349 1609 ·Codd.
1376 1530 1621 1631 Manuscriptis.

780 1650 933 1722 Marutae
958 1650 1194 1745 Metropolitae
1222 1646 1380 1742 Orientis.
1406 1656 1441 1723 in
1468 1651 1613 1724 editione
1639 1651 1737 1725 Rom.
1765 1663 1799 1724 et
1823 1655 1858 1723 ia
1884 1648 1981 1723 MSS.

783 1765 901 1860 Cprilli
925 1767 1148 1839 Alexandrini
1174 1767 1274 1858 edita,
1301 1778 1336 1839 et
1359 1771 1394 1838 in
1421 1765 1526 1839 Codd.
1553 1766 1798 1864 Manuscriptis.

781 1879 931 1953 Thomae
956 1881 1193 1954 Heracleensis
1219 1882 1380 1977 Episcopi
1405 1880 1580 1955 Jacobitoe
1606 1887 1641 1954 in
1667 1884 1914 1980 Mauuscriptis.

780 1994 886 2069 Mosis
912 1995 1107 2092 Baroephae
1135 1997 1285 2088 ejusdem
1313 2002 1369 2091 qui
1396 1997 1437 2069 dc
1463 1998 1626 2072 Paradiso
1654 2003 1789 2095 scripsit
1813 2001 1904 2073 MS⁸.

779 2110 963 2183 Doctorum
990 2112 1189 2185 Sanctorum
1223 2136 1243 2185 a
1274 2113 1405 2185 Joaane
1437 2112 1564 2206 Magno
1597 2114 1790 2187 Patriarcha
1823 2138 1870 2188 ex
1906 2114 2038 2189 diversis

676 2223 750 2297 aliis
776 2230 984 2299 concinnata.
1037 2227 1074 2298 ln
1102 2227 1209 2299 Codd.
1236 2227 1335 2300 MSS.
1409 2212 1412 2217 ⁵

779 2338 954 2413 Philoxeni
979 2342 1141 2439 Episcopi
1167 2342 1406 2437 Hierapolitani
1434 2345 1522 2417 MS&

682 2498 689 2509 ·
767 2454 900 2528 ¹Seueri
934 2457 1136 2530 Antiocheni
1168 2462 1204 2530 in
1235 2460 1341 2531 variis
1375 2459 1557 2533 Codicibus
1589 2461 1689 2534 MSS.
1726 2484 1864 2558 qnorum
1902 2462 2037 2535 nonnulli

674 2568 851 2643 Timotheo
878 2572 1006 2646 Aeluro
1032 2574 1285 2647 Alexandrinae
1313 2575 1403 2649 sedis
1428 2578 1579 2649 invasori
1605 2599 1679 2649 eam
1707 2577 1896 2651 attribuunt

777 2685 933 2759 Dioscori
958 2688 1182 2762 Alexandrini
1208 2691 1242 2760 in
1268 2687 1367 2763 MSS.

780 2800 902 2873 dacobi
928 2803 1086 2875 Daradati
1111 2802 1199 2877 MSt

776 2915 896 2999 Jacobi
922 2918 1126 3010 Serugensis
1154 2929 1189 2990 ct
1213 2919 1435 2996 Botnanensis
1460 2919 1621 3018 Episcopi
1646 2921 1736 2996 MSs.

777 3030 897 3104 Jacobi
923 3032 1090 3106 Edesscni
1116 3035 1204 3106 MS&

776 3148 915 3220 Joaanis
941 3149 1157 3221 Patriarchae
1181 3148 1360 3221 Aooemeti
1386 3149 1462 3222 dicti
1487 3151 1576 3223 MSs.

776 3265 916 3337 loannis
944 3269 1145 3356 cognomine
1172 3265 1231 3337 lilii
1256 3264 1392 3336 Maadni
1417 3266 1507 3338 MS&
1612 3345 1618 3357 ⁵
1733 3351 1738 3361 Ι

777 3378 934 3471 Gregorii
961 3378 1125 3452 Catholici
1152 3381 1310 3469 Orientis,
1336 3379 1549 3474 Abulfaragii
1573 3383 1660 3455 MS2.

775 3497 933 3568 Dioscuri
959 3496 1120 3593 Episcopi
1148 3495 1406 3590 Gordyaeorum
1431 3495 1521 3570 MSA.

776 3611 915 3685 loannis
941 3612 1103 3707 Episcopi
1128 3600 1330 3686 Basorensis
1355 3610 1446 3684 MSs.

775 3726 893 3817 Ignatii
918 3726 1133 3800 Patriarchae
1164 3723 1385 3816 Antiocheno,
1421 3729 1477 3821 qui
1497 3728 1604 3802 ⁴aliter
1630 3728 1814 3824 appellatus
1841 3741 1896 3804 est
1922 3731 2037 3827 loseph

670 3839 755 3911 Mius
783 3840 906 3914 Wahib
935 3841 1023 3913 MSl.

775 3954 948 4028 Michaelis
981 3956 1197 4031 Patriarchae
1232 3960 1434 4038 Antiocheni
1475 3961 1671 4052 bacchilus,
1710 3965 1766 4056 qni
1804 3961 1945 4035 sedebat
1982 3957 2035 4035 sub

671 4072 769 4144 linem
797 4073 982 4145 duodecimi
1009 4074 1135 4146 saeculi
1159 4073 1248 4147 MS&

774 4188 919 4261 Mathaei
945 4189 1108 4279 Pastoris,
1134 4190 1168 4261 iu
1195 4190 1341 4264 editione
1366 4191 1519 4264 Romana
1547 4203 1581 4264 ct
1607 4194 1641 4264 in
1660 4191 1762 4264 MSS.

774 4306 916 4379 Joonnis
944 4308 1115 4379 Barsusan
1143 4308 1243 4397 edita,
1271 4307 1333 4380 sed
1359 4308 1505 4380 nondum
1531 4317 1665 4404 reperta
1691 4312 1725 4378 in
1752 4306 1924 4380 codicibus
1948 4304 2037 4379 MSS.

671 4419 708 4489 ln
735 4421 845 4493 multis
872 4419 1120 4517 exemplaribus
1138 4420 1314 4494 Romanae
1341 4423 1509 4513 editionis,
1533 4431 1729 4495 transverso
1747 4420 1877 4493 calamo
1906 4422 2037 4493 deletum

671 4543 724 4605 est
750 4538 823 4626 ejus
849 4559 984 4625 nomen,
1011 4540 1198 4609 eratenim
1225 4537 1281 4609 illc
1309 4540 1512 4611 certissimus
1539 4536 1737 4610 hacreticus.

773 4652 875 4746 Xysti
908 4651 1022 4747 Papae
1049 4651 1211 4742 Romani,
1252 4652 1358 4724 edita:
1385 4652 1445 4724 sed
1477 4656 1523 4724 ita
1556 4661 1592 4724 ut
1623 4676 1643 4724 a
1670 4650 1841 4726 codicibus
1868 4651 1948 4749 SS.
1973 4670 2034 4720 non

669 4762 792 4838 leviter
818 4766 953 4838 differat.

775 4881 960 4952 Duodecim
985 4880 1225 4975 Apostolorum
1253 4886 1387 4954 nominc
1414 4882 1479 4954 alia
1507 4905 1640 4977 quoque
1665 4885 1810 4954 occmrit
1841 4887 1874 4954 in
1902 4878 2032 4954 Codici-

671 4995 734 5071 bus
761 4995 859 5068 MSS.
887 5019 1027 5091 quorum
1053 4995 1153 5091 aliqui
1180 5018 1254 5069 cam
1281 4996 1397 5069 Lucae
1422 4997 1663 5090 Evangelistae
1689 4996 1841 5070 tribuunt
