4525 6034
1395 556 1551 660 zm
2411 554 3130 668 L1TURG1A

1398 740 1570 803 tioris
1618 740 1754 801 aevi
1800 745 1917 799 tam
1963 738 2142 800 multa
2189 738 2428 800 aliunde
2473 736 2782 819 praeferat
2836 738 3072 802 indicia.
3173 738 3339 801 Inter
3382 738 3483 801 illa
3527 745 3725 801 tamen
3770 757 4087 803 commemo-

1397 841 1554 901 ratio
1613 838 1672 899 in
1732 836 2043 918 Diptychis
2104 836 2298 915 sacta,
2380 844 2725 899 sanctorum
2794 839 2896 918 qui
2965 846 3279 909 consumto
3347 836 3567 899 dudum
3627 855 3741 917 per
3793 840 4089 919 martyrium

1398 938 1631 1020 ignatio
1680 937 1739 997 in
1787 936 2066 998 Ecclesia
2111 934 2448 998 floruerunt
2494 938 2732 998 censeri
2792 955 2912 998 non
2959 937 3169 1000 debet:
3235 937 3475 999 nomina
3537 938 3759 1017 quippe
3808 937 3899 998 illa
3945 936 4090 1017 adjici

1399 1042 1746 1117 potuerunt,
1792 1043 1857 1096 ut
1904 1036 1960 1094 in
2010 1034 2138 1096 aliis
2186 1034 2568 1112 observatur,
2617 1036 2755 1114 quia
2815 1035 2968 1097 tales
3015 1036 3614 1098 commemorationes
3676 1043 3842 1098 erant
3895 1053 3964 1097 ex
3999 1054 4090 1097 usu

1397 1133 1849 1196 Ecclesiastico.
1940 1132 2117 1204 Quod
2162 1150 2313 1194 vero
2357 1133 2687 1196 Dioscorus
2744 1143 2804 1196 et
2851 1136 3118 1199 Severus
3164 1135 3509 1198 nominatim
3568 1142 4086 1197 commemorantur:

1398 1227 1559 1297 illam
1602 1232 1933 1314 Liturgiam
1978 1231 2273 1294 Jacobitis
2319 1234 2628 1314 propriam
2675 1231 2863 1295 fuisse
2909 1234 3285 1296 manifestum
3331 1231 3493 1295 facit.

2161 1998 3513 2179 LITURGIA.

1757 2330 2396 2448 S.JUL11
2504 2266 3018 2446 PAPAE
3126 2330 3776 2447 ROMANI.

2196 2618 2500 2689 Primum
2557 2612 2803 2687 Oratio
2858 2622 3019 2687 ante
3073 2615 3347 2687 Pacem.

1534 2813 1767 2916 Deus,
1821 2839 2023 2910 Pater
2076 2842 2497 2934 omnipotens
2554 2843 2663 2935 qui
2717 2863 2792 2912 es
2848 2843 3089 2912 caritas
3142 2862 3331 2926 vera,
3388 2846 3456 2908 et
3506 2838 3795 2930 largitor
3849 2842 4098 2911 caritatis

1402 2967 1469 3027 et
1521 2953 2035 3049 tranquillitatiS‚
2089 2978 2215 3029 nos
2272 2955 2513 3047 dignos
2569 2956 2791 3045 effice,
2846 2965 2916 3027 ut
2968 2955 3276 3040 mundati
3316 2954 3399 3026 ab
3457 2957 3637 3025 omni
3690 2977 3943 3045 genere
3990 2958 4101 3025 ini-

1396 3074 1662 3166 quitatis
1716 3074 2001 3166 peccati,
2058 3070 2291 3142 demus
2344 3069 2540 3143 nobis
2597 3074 2881 3142 invicem
2952 3094 3190 3166 pacem
3251 3074 3317 3141 in
3390 3069 3624 3142 osculo
3691 3083 3955 3159 sancto,
4010 3074 4102 3140 in-

1397 3189 1583 3259 censi
1639 3207 1870 3257 amore
1926 3196 1994 3256 et
2045 3189 2322 3257 caritate
2376 3190 2696 3277 unigeniti
2750 3187 2899 3258 Filii
2955 3190 3083 3274 tui,
3137 3209 3283 3257 cum
3340 3208 3470 3279 quo
3527 3196 3593 3256 te
3653 3186 3851 3258 decet
3899 3185 4101 3277 gloria.

1394 3299 1610 3374 honor
1663 3311 1731 3372 et
1782 3311 2085 3396 potestas
2140 3325 2290 3374 cum
2343 3302 2594 3398 Spiritu
2648 3313 2761 3374 tuo
2818 3312 3077 3391 sancto,
3131 3324 3304 3373 nunc
3359 3312 3426 3371 et
3478 3324 3771 3398 semper,
3826 3312 3945 3373 etc.

1601 3417 1927 3510 Populus.
2032 3417 2274 3489 Amen.

1601 3532 1972 3603 Sacerdos.
2080 3534 2249 3604 Pax.

1602 3647 1925 3740 Populus.
2031 3650 2350 3739 Dignare.

1605 3762 1980 3834 Diaconus.
2087 3763 2268 3835 Post.

1603 3878 1928 3971 Populus.
2038 3878 2285 3951 Coram
2339 3886 2423 3948 te.

1603 3992 1973 4066 Sacerdos.
2078 3992 2167 4064 Et
2220 4014 2342 4064 eos
2398 3994 2508 4087 qui
2572 4015 2799 4065 coram
2868 4001 2933 4063 te
2998 3988 3289 4062 inclinati
3353 4001 3540 4080 sunt,
3605 4004 3933 4089 perpetuo
3996 3992 4105 4062 be-

1393 4106 1587 4179 nedic
1644 4120 1711 4181 et
1764 4131 2139 4197 conserva,
2194 4108 2476 4203 illosque
2531 4112 2796 4180 omnino
2853 4092 3099 4179 exhibe
3155 4106 3445 4179 cultores
3499 4111 3590 4177 tui
3642 4109 4008 4203 perfectoS,
4054 4116 4106 4175 et

1395 4228 1648 4297 erroris
1703 4227 2060 4312 immunes,
2116 4224 2441 4319 simulque
2504 4226 2825 4316 unigeniti
2877 4222 3029 4294 Filii
3091 4227 3220 4311 tui,
3284 4232 3352 4294 et
3403 4222 3687 4318 Spiritus
3759 4230 3849 4296 tui
3912 4223 4106 4298 sancti.

1550 4339 1929 4432 -Populus
2033 4341 2273 4412 Amen.

1600 4454 1971 4525 Sacerdos.
2077 4457 2414 4552 Perpetuo
2480 4460 2681 4548 igitur
2766 4454 3014 4529 robora
3092 4454 3528 4526 infirmitatem
3604 4465 3904 4529 nostram
3979 4455 4107 4525 Do·

1300 4563 1301 4566 '
1394 4572 1593 4659 mine,
1648 4581 1720 4641 et
1771 4570 1855 4642 da
1908 4570 2105 4643 nohis
2159 4580 2231 4642 ut
2284 4583 2515 4643 sancte
2569 4581 2637 4642 et
2687 4572 2887 4643 valde
2940 4592 3139 4664 pure,
3207 4567 3559 4642 offeramus
3631 4570 3748 4643 tihi
3820 4568 4106 4643 sacrificia

1397 4685 1761 4779 spiritualia
1817 4696 1884 4757 et
1936 4686 2308 4776 rationalia,
2360 4697 2682 4779 rogantes
2737 4690 3003 4759 veniam
3059 4685 3487 4774 delictorum,
3562 4696 3628 4757 et
3681 4691 4108 4759 remissionem

1396 4809 1829 4895 peccatorum
1879 4800 2075 4873 nobis
2129 4809 2197 4871 et
2250 4800 2555 4875 omnibus
2609 4801 2935 4873 defunctis
2989 4801 3314 4891 fidelibus,
3370 4807 3522 4896 quia
3576 4814 3646 4875 tu
3687 4807 3876 4878 Deus
3924 4806 4110 4875 mise-

1392 4919 1608 4988 ricors
1663 4938 1764 5007 ες,
1818 4915 2191 5011 volensque
2244 4916 2768 4989 misericordiam
2821 4917 3070 5011 tibique
3110 4916 3395 5010 gloriam
3433 4928 3502 4990 et
3531 4922 3897 5017 gratiarum
3922 4921 4108 4989 actio-

1391 5051 1546 5101 nem
1600 5031 1958 5121 offerimuS,
2014 5042 2083 5104 et
2131 5035 2473 5123 unigenito
2527 5032 2698 5103 Filio
2754 5043 2892 5120 tuo,
2946 5043 3074 5105 etc.
