4525 6034
738 558 814 634 552
1245 562 1606 642 attonuit

735 749 857 839 rimus,
884 757 918 822 ei
944 748 1040 822 simul
1065 752 1236 843 unigenito
1249 749 1334 822 Filio
1356 759 1431 844 tuo,
1457 753 1732 849 sanctissimoque
1758 752 1951 850 tuoSpiritui,
1970 754 2041 848 boae,

737 863 931 955 adorando,
957 869 1061 940 vitam
1085 866 1260 959 largienti,
1287 877 1351 940 eto.

840 980 1001 1076 Populea.
1055 984 1175 1057 Amen.

840 1096 1016 1171 Sacerdos
1046 1101 1238 1174 inclinatae.
1292 1099 1378 1187 Quia
1404 1125 1507 1200 porro
1533 1114 1568 1177 tu
1593 1106 1628 1176 in
1653 1107 1754 1176 vitam
1782 1100 1876 1174 simul
1897 1111 1927 1172 et
1945 1112 2046 1173 monem

734 1210 840 1286 babes
866 1216 1055 1310 imperium,
1092 1216 1232 1308 dignare
1264 1237 1327 1289 nos
1362 1240 1478 1292 eorum
1510 1221 1611 1291 etiam
1645 1222 1856 1305 meminisse,
1886 1219 1935 1312 qui
1959 1217 2048 1291 iudea

736 1327 873 1402 saeculo
900 1330 1095 1427 placuerunt
1120 1331 1191 1422 tibi,
1218 1333 1350 1404 Petrum
1369 1343 1402 1406 et
1415 1334 1693 1426 Patriurcbarum,
1718 1332 1955 1431 Prophetarum,
1974 1334 2048 1429 bpa-

736 1443 907 1536 stolerum,
933 1447 1072 1520 Joannis
1098 1448 1281 1544 Baptistae,
1307 1449 1466 1548 Stephani
1490 1453 1587 1548 primi
1613 1453 1785 1548 martyris,
1812 1458 1847 1521 et
1870 1457 1985 1522 sauctae
2005 1450 2050 1524 bei

736 1558 927 1650 GenitrIcis,
954 1587 995 1636 ac
1023 1567 1166 1637 omnium
1193 1565 1336 1661 denique
1363 1577 1562 1640 sauctorum.

838 1678 886 1749 Et
910 1679 1047 1762 subluto
1077 1702 1174 1752 eece.
1234 1680 1279 1752 Ει
1311 1686 1341 1756 si
1372 1682 1415 1755 ad
1445 1682 1522 1756 loca
1553 1681 1704 1775 gloriosa
1735 1685 1904 1778 omnisque
1933 1684 2052 1753 maurae

736 1797 905 1889 expertia,
941 1805 976 1868 et
1001 1819 1087 1892 quae
1120 1806 1218 1870 extra
1252 1815 1383 1871 omnem
1418 1802 1700 1896 comparationem
1732 1810 1827 1888 snut,
1863 1799 2055 1893 receperisiu

734 1919 866 1983 coetum
893 1923 1082 1986 smctorum
1108 1923 1238 1986 tuorum
1264 1913 1424 1989 Domine:
1450 1914 1552 1989 facito
1578 1927 1614 1988 ut
1639 1921 1741 1988 simus
1767 1915 1896 1987 illorum
1919 1922 2054 1988 consone

734 2027 768 2097 in
802 2025 957 2101 Ecclesia
989 2033 1286 2126 primogenitorum
1319 2054 1340 2104 o
1374 2030 1474 2105 bone.
1533 2031 1684 2127 Cumque
1715 2029 1966 2106 misericordiam
1993 2039 2055 2100 ιιιιι

733 2129 1046 2236 laudabilissimam,
1089 2156 1123 2219 et
1157 2169 1307 2221 amorem
1339 2158 1429 2222 tuum
1460 2170 1544 2243 erga
1576 2170 1683 2242 geum
1716 2146 1890 2222 humanum
1920 2146 2056 2232 imitantes,

733 2259 886 2333 assiduas
912 2284 1033 2358 preces
1064 2271 1164 2359 atque
1196 2264 1447 2338 obsecrationes
1479 2287 1542 2361 pro
1577 2263 1676 2338 nobis
1708 2265 1767 2338 tibi
1800 2262 2057 2353 anomaeoque

731 2378 925 2450 memoriam
950 2376 1080 2451 illorum
1106 2378 1334 2471 celebremus,
1366 2392 1403 2454 ut
1432 2380 1564 2476 quaudo
1596 2380 1695 2454 uobis
1724 2383 1790 2477 ipsi
1817 2400 1930 2477 parum
1952 2375 2059 2462 tidimu,

730 2494 892 2568 memoria
904 2501 951 2565 tet
975 2492 1146 2587 legatione
1170 2494 1302 2569 illorum
1327 2501 1490 2593 protecti,
1515 2520 1578 2594 per
1603 2519 1665 2572 eos
1691 2497 1874 2571 audeamus
1904 2493 1944 2566 ad
1966 2502 1994 2564 te
2013 2512 2059 2561 ee·

731 2607 871 2696 cedere,
912 2618 1012 2706 atque
1046 2610 1220 2685 tremendo
1255 2611 1320 2685 boc
1354 2624 1388 2686 et
1421 2613 1612 2688 reverendo
1648 2635 1747 2687 sacro
1780 2634 1920 2686 munere
1949 2607 2060 2698 debug'u

730 2721 815 2798 Esto
837 2727 993 2821 expiator
1013 2731 1336 2823 praevaricationum
1354 2739 1554 2821 nostrarum,
1580 2740 1648 2803 tum
1668 2740 1807 2828 propter
1827 2738 1958 2803 saumas
1971 2744 2062 2823 preces

729 2839 875 2931 iberum,
901 2853 969 2917 tum
995 2853 1135 2941 propter
1159 2855 1310 2920 sanctum
1335 2868 1458 2922 nomen
1484 2857 1594 2936 mum,
1623 2846 1711 2942 quod
1736 2849 1931 2920 invocatum
1954 2853 1999 2916 est
2017 2863 2061 2911 su·

729 2978 792 3053 per
816 2979 891 3049 uos,
918 2964 996 3055 quia
1023 2970 1158 3036 sanctus
1183 2966 1257 3058 ipse
1283 2985 1334 3054 es,
1363 2973 1398 3035 et
1422 2965 1456 3036 iu
1483 2965 1607 3037 sancus
1633 2966 1834 3059 acquiescis.
1888 2961 1960 3034 'libi
1981 2962 2064 3051 itape

728 3071 861 3148 laudem
895 3084 930 3147 et
962 3079 1145 3170 gadarum
1180 3083 1345 3154 actionem
1380 3077 1570 3172 tribuimus,
1604 3078 1768 3176 simulque
1803 3079 1972 3172 unigenito
2001 3072 2062 3145 Fliu

729 3198 804 3279 mo,
832 3201 895 3263 ete.

832 3306 1020 3380 Diocoaue.
1071 3308 1171 3382 Ante.
1612 3367 1618 3382 .

832 3421 1008 3498 Sacerdos
1038 3424 1231 3498 actiacae.
1282 3425 1451 3500 Memento
1484 3429 1584 3500 etiam
1616 3424 1760 3498 Domine
1792 3447 1914 3498 eorsum
1945 3424 1995 3520 qui
2019 3419 2065 3490 da-

729 3549 918 3629 cesserumt,
946 3544 1241 3637 migraveruntque
1268 3564 1315 3615 ex
1340 3540 1403 3616 bac
1427 3544 1516 3616 vita:
1543 3553 1577 3615 et
1600 3540 1850 3638 Episcoporum
1878 3540 2065 3616 0rtbodara

728 3676 816 3744 rum,
850 3659 905 3752 qui
937 3655 1014 3728 inde
1048 3680 1068 3729 a
1100 3658 1203 3731 Petro
1236 3667 1271 3729 et
1295 3657 1425 3732 Jacobo
1449 3657 1624 3754 Apostolis
1657 3656 1699 3734 ad
1735 3656 1825 3732 bunc
1862 3680 1965 3754 usque
1994 3655 2066 3740 deu,

726 3782 853 3846 rectum
879 3771 954 3846 bdei
980 3772 1120 3847 verbnm
1147 3774 1239 3848 clare
1265 3784 1341 3849 sunt
1364 3774 1509 3871 professi
1541 3787 1576 3854 et
1607 3777 1799 3849 summatim
1835 3775 1972 3868 Quadi,
1999 3771 2065 3841 lliu-

726 3891 834 3986 nysii,
858 3887 936 3962 Julii
961 3913 1003 3964 ac
1028 3891 1229 3987 reliquorum
1255 3891 1407 3966 divorum
1432 3889 1607 3966 laudabilis
1633 3894 1829 3964 memoriae.

643 4001 645 4004 ’
830 4006 878 4078 Ει
902 4006 1037 4080 mblota
1060 4030 1156 4080 uoce.
1208 4007 1378 4082 Memento
1404 4008 1548 4084 Domine
1582 4030 1699 4082 eorum
1733 4029 1874 4105 quoque
1908 4007 1962 4104 qui
1990 4019 2066 4097 usqu

725 4121 769 4195 ad
794 4127 988 4217 sanguinem
1014 4147 1078 4222 pro
1105 4122 1269 4218 religione
1295 4134 1475 4219 steterunt,
1505 4134 1539 4198 et
1572 4146 1715 4218 gregem
1747 4135 1842 4197 mum
1876 4145 2002 4197 sacrum
2025 4137 2068 4214 per

609 4239 617 4257 '
723 4247 882 4338 Justitim
909 4253 942 4316 et
968 4245 1385 4341 sanctitatempaverunt,
1410 4244 1445 4315 in
1470 4240 1554 4314 locis
1579 4241 1719 4316 uberum
1744 4262 1970 4338 pascuorum,
1993 4229 2068 4308 etat

726 4388 831 4460 aquas
858 4381 1031 4450 amoenas,
1056 4358 1122 4433 boc
1148 4368 1201 4430 est
1225 4379 1287 4453 per
1313 4357 1457 4430 divinam
1483 4358 1691 4432 doctrinam:
1718 4380 1759 4429 ac
1784 4379 1855 4453 per
1883 4354 2068 4430 obsecratio·

726 4502 799 4570 nes,
825 4476 1059 4575 suppbcesque
1083 4493 1205 4570 preces
1231 4493 1322 4561 suas,
1350 4471 1500 4546 membra
1524 4472 1701 4548 Ecclesiae
1726 4483 1864 4546 remota
1892 4473 2068 4565 cougregw

725 4599 759 4668 iu
784 4618 883 4669 mam
909 4591 1164 4691 professionem
1179 4597 1214 4662 et
1238 4588 1434 4683 religionem
1464 4587 1712 4687 Apostobeam,
1747 4599 1784 4662 ut
1818 4610 1927 4686 pares
1957 4585 2069 4661 omniun

726 4714 792 4787 sint
816 4734 923 4785 voces
949 4719 983 4782 et
1007 4729 1108 4805 pares
1134 4705 1271 4798 laudes,
1306 4707 1421 4801 sieque
1452 4716 1645 4804 comparato
1672 4707 1821 4779 omnium
1848 4716 1998 4779 uestrum
2019 4718 2069 4768 ue·

724 4827 893 4916 luntatem,
920 4835 1141 4920 mentemque,
1166 4832 1203 4895 ut
1228 4824 1330 4896 simus
1353 4833 1538 4898 sectatores
1562 4822 1639 4898 fidei
1659 4831 1693 4895 et
1709 4820 1943 4917 professionis
1953 4818 2069 4897 illarum

724 4952 801 5044 quia
826 4949 990 5040 benignus
1018 4954 1052 5017 et
1077 4967 1205 5018 summe
1229 4943 1421 5016 misericors
1447 4962 1499 5029 es,
1524 4938 1649 5036 tibique
1675 4940 1837 5031 congruit
1863 4938 1959 5027 laus,
1980 4933 2068 5012 bonan

722 5073 757 5136 et
781 5074 946 5161 potestas,
972 5060 1133 5158 simulque
1158 5062 1328 5155 unigenito
1353 5056 1439 5132 Filio
1466 5066 1536 5149 tuo,
1563 5065 1625 5129 ete.
