4525 6034
650 529 725 606 282
1220 534 1451 613 lolli

649 735 728 797 quae
751 717 896 781 Osculum
918 719 1002 799 pacis
1025 718 1194 797 antecedit,
1224 735 1291 780 cum
1313 719 1429 801 reliqua
1452 740 1493 783 ex
1514 724 1662 785 communi
1679 723 1784 786 allicio
1807 726 1870 804 peti
1892 725 2023 792 soleant.

649 814 751 895 Atque
773 816 811 879 ab
835 836 873 880 eo
902 818 971 880 loco
1001 818 1126 898 proprie
1154 816 1306 899 loquendo
1336 819 1442 901 incipit
1473 819 1655 901 Artaphora,
1692 821 1814 884 obtuso
1844 841 1900 885 seu
1928 843 2025 887 ancre

649 918 749 978 actio:
772 917 852 979 unde
875 919 906 979 in
930 915 1047 979 Graeco
1071 916 1197 996 codice,
1231 924 1301 979 ante
1331 920 1498 980 orationem
1519 928 1715 1000 sequentem,
1741 938 1820 1002 quae
1842 921 2025 987 Praelationi

647 1023 773 1079 nostrae
795 1017 970 1096 respondet,
992 1016 1095 1078 titulus
1118 1015 1166 1078 hic
1190 1016 1336 1097 adjicitur.
1369 1004 1465 1101 'Apxp
1486 1013 1546 1101 τῆς
1567 1015 1805 1102 aspectantem:
1828 1035 1907 1102 quae
1928 1021 2024 1098 rerba

648 1114 748 1178 Arabs
772 1117 923 1197 interpres
945 1117 1047 1194 vertit,
1069 1115 1191 1177 Initium
1212 1115 1375 1195 Sacrificii.
1420 1115 1453 1178 ln
1476 1116 1654 1197 quibusdem
1677 1115 1812 1198 Coptieis
1835 1119 2024 1200 exemplari-

650 1214 708 1277 bus
739 1214 815 1276 haec
838 1216 939 1276 matio
968 1215 1066 1276 arcadi
1089 1216 1181 1293 pacis
1217 1213 1333 1277 Severo
1362 1215 1519 1293 tribuitur,
1547 1214 1739 1282 Antiocheno
1770 1216 1902 1296 scilicet,
1933 1236 2024 1297 quem

648 1298 815 1394 liturgiam
838 1314 1011 1393 scripsisse,
1034 1314 1199 1375 communis
1220 1310 1425 1375 Jacobitarum
1442 1313 1563 1376 traditio
1585 1321 1643 1393 est,
1667 1321 1698 1376 et
1720 1332 1786 1377 eam
1804 1315 1890 1377 multi
1906 1314 2025 1397 Syriaci
2092 1359 2094 1362 -

649 1410 780 1474 Codices
805 1418 1044 1492 repraesentant,
1069 1430 1110 1474 ex
1132 1430 1193 1491 qua
1215 1411 1290 1473 haec
1314 1411 1418 1474 Oratio
1441 1411 1599 1482 transferri
1622 1413 1735 1494 potnit,
1763 1412 1802 1474 ab
1826 1416 2024 1477 arctissimam

651 1509 734 1573 sedis
758 1509 984 1572 Alexandrinae
1013 1509 1199 1572 Jacobitlcae
1234 1528 1301 1572 cum
1323 1510 1513 1573 Antiochena
1535 1511 1795 1592 conjunctionem:
1818 1513 2024 1596 singularem-

618 1595 622 1608 ’
649 1628 709 1690 que
740 1609 847 1672 Severi
875 1610 1107 1672 venerationem.
1158 1607 1234 1670 Nam
1264 1609 1330 1689 ejus
1366 1609 1479 1690 duplex
1508 1611 1652 1672 memoria
1680 1609 1727 1684 lit,
1765 1609 1865 1673 obitus
1893 1613 2021 1692 scilicet,

649 1716 740 1788 atque
769 1706 904 1788 ejusdem
935 1707 1081 1771 adventus
1111 1710 1140 1769 in
1169 1705 1360 1789 Aegyptum,
1390 1710 1517 1789 septima
1548 1708 1642 1784 loth,
1676 1716 1708 1770 et
1734 1708 1869 1771 secunda
1899 1710 2021 1791 Paopbi.

647 1806 716 1869 Non
738 1815 837 1869 tamen
859 1808 1032 1869 existimare
1054 1797 1212 1887 quisquam
1234 1805 1325 1868 debet
1347 1826 1387 1868 ex
1409 1806 1460 1869 illo
1483 1806 1579 1884 titulo,
1603 1807 1750 1870 Severum
1770 1806 1866 1869 ullum
1888 1808 2023 1871 Patriar-

647 1904 732 1967 cham
759 1904 999 1968 Alexandrinum
1026 1904 1138 1983 luisse,
1167 1903 1249 1985 quod
1279 1905 1377 1967 Guido
1408 1906 1563 1968 Fabricius
1592 1905 1778 1968 Bnderianus
1813 1905 1928 1985 absque
1960 1907 2022 1971 ulla

647 2006 806 2066 autoritate
834 2004 972 2066 omnibus
1003 2023 1102 2085 prope
1132 2004 1303 2085 persuasit,
1334 2022 1402 2067 cum
1431 2004 1525 2066 edidit
1553 2003 1700 2066 Ritualem
1730 2003 1875 2084 baptismi
1902 2005 2021 2086 librum,

526 2091 534 2100 ⁶
645 2103 703 2165 suh
727 2103 833 2166 Severi
855 2102 1046 2166 Patriarchae
1068 2103 1268 2190 Alexandrini
1291 2104 1428 2181 nomine,
1451 2121 1519 2165 cum
1542 2101 1640 2164 nullus
1663 2103 1744 2164 inter
1765 2101 1943 2183 permultos,
1969 2107 2021 2185 qui

646 2203 677 2264 ia
699 2201 892 2265 Bibliothecis
915 2209 1038 2279 extant,
1063 2201 1242 2277 codicibus,
1266 2201 1345 2264 hunc
1368 2202 1485 2264 titulum
1507 2200 1668 2282 praeierat
1713 2201 1820 2264 Nullus
1843 2220 1918 2264 sane
1940 2203 2022 2265 inter

645 2289 799 2364 tacebitas
823 2299 956 2363 Severus
979 2300 1220 2363 Alexandrinam
1239 2299 1344 2362 sedem
1372 2302 1483 2362 tenuit:
1515 2308 1545 2362 et
1576 2300 1677 2381 lingua
1701 2299 1837 2381 Syriaca,
1860 2319 1920 2381 qua
1942 2302 2021 2364 liber

645 2397 697 2462 ille
720 2403 854 2481 scriptus
877 2391 946 2474 est,
970 2418 1121 2480 nunquam
1150 2401 1181 2461 in
1211 2400 1307 2462 sacris
1335 2399 1438 2461 officiis
1465 2407 1611 2479 usurpata
1640 2398 1718 2480 apud
1749 2399 1921 2482 Aegyptios
1952 2400 2018 2465 mit.

646 2497 681 2559 ln
702 2499 839 2581 Liturgia
868 2499 970 2561 Basilii
999 2498 1126 2581 Coptica
1156 2498 1303 2581 quaedam
1333 2498 1430 2561 oratio
1461 2499 1609 2576 occurrit,
1640 2517 1729 2579 quarn
1757 2498 1880 2562 codices
1908 2518 2019 2563 manu-

646 2599 751 2679 scripti
774 2598 909 2661 nonnulli
937 2597 1046 2660 ioanni
1075 2598 1312 2680 Chrysostomo,
1343 2597 1392 2660 alii
1419 2598 1529 2660 ioanni
1562 2598 1728 2676 Bostreno,
1757 2600 1824 2661 sive
1851 2596 2017 2663 Basorensi

645 2698 820 2763 attribuunt.
864 2698 981 2760 Primus
1004 2704 1037 2759 ut
1059 2698 1225 2760 communis
1248 2696 1452 2759 Ecclesiarum
1474 2696 1597 2759 doctor:
1626 2695 1703 2759 alter
1724 2704 1757 2759 ut
1779 2698 1810 2758 in
1831 2696 1936 2759 eadem
1958 2715 2019 2778 qua

643 2795 791 2878 Aegyptii
812 2795 969 2859 Jacobitae
991 2803 1087 2872 secta,
1109 2797 1230 2878 agnitus
1253 2795 1325 2858 luit:
1359 2796 1508 2877 amboque
1536 2795 1657 2858 diversa
1685 2797 1802 2858 ratione
1824 2795 1915 2858 talem
1937 2795 2017 2876 apud

645 2913 699 2958 eos
734 2897 924 2959 autoritatem
951 2897 1032 2958 nacti
1064 2904 1149 2974 suat,
1184 2904 1217 2958 ut
1244 2896 1397 2958 orationes
1427 2913 1466 2957 ex
1496 2894 1614 2957 illorum
1641 2894 1782 2977 Liturgiis
1814 2895 1845 2956 in
1874 2893 2017 2974 Copticas

642 2994 887 3059 transferrentur.

973 3254 1100 3326 Scribe
1127 3276 1238 3347 opera
1265 3274 1342 3325 mea
1366 3254 1547 3325 secandum
1572 3252 1687 3325 verba

736 3462 896 3542 Oescunus
918 3472 1022 3552 locus,
1046 3491 1135 3554 quem
1158 3472 1323 3535 secundum
1345 3474 1525 3536 sententiam
1548 3472 1693 3554 Copticae
1728 3473 1878 3535 versionis
1908 3473 2017 3536 reddi-

641 3577 749 3657 dimus,
773 3584 804 3638 et
825 3594 914 3657 wem
935 3575 1121 3656 interpretes
1143 3574 1273 3652 Arabes,
1297 3584 1356 3637 tarn
1378 3575 1601 3642 istiuscodicis
1623 3574 1759 3657 Coptici,
1783 3594 1870 3657 quam
1894 3575 2015 3656 Graeci,

640 3694 702 3739 uon
724 3675 864 3738 videntur
886 3674 1081 3738 intellexisse.
1106 3674 1224 3737 Graeca
1246 3674 1355 3736 nullam
1378 3674 1593 3737 obscuritatem
1620 3675 1741 3738 habent
1792 3661 1922 3759 Ταύτης
1947 3672 2016 3754 μοῦ

639 3775 698 3859 τῆς
719 3767 915 3859 ἐλευθερίας
936 3767 1110 3859 προςφὲρω
1131 3789 1185 3836 σοι
1206 3764 1250 3836 sci
1270 3762 1436 3852 σύμβολα·
1458 3773 1529 3846 τοῖς
1549 3763 1674 3856 ῥήμασί
1694 3789 1756 3834 σου
1777 3766 1951 3860 ἐπιγράψω
1971 3763 2017 3837 τὰ

639 3859 826 3960 πράγματα.
869 3873 962 3935 latias
983 3873 1172 3935 liberationis
1192 3890 1295 3946 mene,
1317 3873 1451 3947 (scilicet
1472 3890 1529 3954 per
1551 3872 1713 3935 salutarem
1736 3871 1847 3936 Christi
1869 3874 1898 3934 ia
1921 3891 2016 3936 carne

641 3973 893 4053 dispensationem
901 3977 928 4050 ,)
954 3970 1048 4052 affero
1071 3971 1127 4033 tibi
1146 3971 1306 4052 Symbola:
1337 3971 1440 4033 verbm
1462 3974 1522 4034 tatis
1543 3990 1595 4033 res
1615 3971 1770 4034 adscribo.
1815 3972 1898 4035 Haec
1921 3974 2015 4056 igitur

640 4072 789 4135 sententia
813 4079 876 4135 est:
899 4071 996 4134 allero
1021 4070 1072 4133 tibi
1096 4071 1173 4133 haec
1196 4069 1352 4153 Symbola,
1384 4089 1441 4133 seu
1470 4070 1619 4132 elementa
1649 4072 1734 4152 panis
1765 4078 1796 4133 et
1825 4073 1902 4150 vini,
1933 4089 2013 4152 quae

640 4191 680 4235 ex
703 4179 772 4249 tuo,
797 4169 931 4248 Christe,
955 4171 1109 4247 instituto,
1132 4176 1364 4251 repraesentant
1386 4171 1558 4250 passionem
1581 4177 1679 4249 tuam,
1703 4187 1760 4249 per
1782 4188 1871 4250 quam
1894 4187 1911 4231 a
1934 4190 2014 4252 pec-

640 4276 708 4331 cato
731 4279 915 4352 aeternaque
938 4269 1128 4332 damnatione
1151 4269 1360 4331 liberationem
1382 4278 1564 4332 consecutus
1587 4287 1671 4342 suin,
1701 4268 1814 4331 iaciens
1841 4269 1922 4349 quod
1944 4273 2012 4352 ipse

634 4370 770 4451 jussisti:
793 4387 844 4431 res
867 4387 961 4446 vere,
984 4369 1050 4430 sive
1072 4367 1214 4430 ellectum
1236 4368 1445 4448 promissionis
1468 4385 1485 4428 a
1509 4376 1539 4430 te
1562 4368 1676 4443 laetae,
1698 4369 1817 4447 quoties
1839 4369 2012 4432 memoriam

638 4469 681 4529 tui
704 4469 743 4531 ita
772 4485 950 4550 ageremus,
979 4484 1041 4529 non
1069 4468 1144 4529 meis
1167 4467 1299 4545 meritis,
1329 4467 1384 4530 sed
1412 4468 1515 4530 verbis
1545 4468 1624 4546 tuis,
1650 4484 1727 4548 quae
1756 4485 1828 4528 mox
1856 4468 2012 4531 recitanda

639 4575 710 4629 sunt
733 4566 892 4644 adscribo,
927 4567 967 4627 ita
998 4573 1030 4627 ut
1052 4566 1090 4628 ab
1113 4566 1233 4628 illorum
1255 4568 1367 4628 virtute
1390 4574 1421 4628 et
1442 4568 1659 4647 promissorum
1686 4571 1804 4627 tuarum
1832 4564 2012 4627 certitudine

636 4674 732 4728 totum
754 4673 925 4747 expectem.
948 4665 1048 4728 Arabs
1071 4666 1222 4746 interpres
1246 4667 1331 4746 cujus
1353 4665 1456 4727 versio
1479 4666 1633 4728 contextui
1660 4665 1799 4746 adjuncta
1822 4670 1870 4725 est
1891 4665 1921 4725 iu
1944 4662 2011 4726 Co-

636 4766 706 4828 dice
727 4766 843 4848 Regio,
867 4767 908 4827 ita
930 4767 1030 4827 vertit.
1075 4763 1178 4845 Offero
1201 4765 1257 4827 tibi
1276 4764 1419 4848 Sprnhaiu
1440 4764 1630 4827 &beroam
1650 4783 1736 4825 meae
1763 4765 1796 4824 in
1817 4763 1918 4824 ambis
1940 4764 2010 4837 tab,

636 4865 761 4945 desipw
780 4871 945 4944 praecepta
967 4873 1032 4926 tua:
1054 4865 1124 4944 quia
1147 4864 1278 4926 ultimam
1299 4883 1407 4926 vocem
1431 4863 1550 4926 videtur
1572 4865 1613 4924 ita
1635 4862 1766 4946 legisse,
1795 4871 1828 4925 ut
1847 4881 1889 4925 ex
1914 4849 2008 4946 apd-

634 4981 745 5046 γματα
767 4962 874 5025 lecerit
895 4950 1120 5048 προςᾰγματα.
1144 4961 1330 5044 compendia
1354 4965 1434 5026 enim
1456 4963 1626 5045 scripturae
1643 4962 1769 5025 Graecis
1787 4961 1918 5024 librariis
1939 4979 2007 5022 me·
