4525 6034
680 549 757 623 248
1160 546 1564 626 COMMENTARIUS

680 736 800 797 certum·
818 743 866 797 est
888 734 1102 812 elevationem,
1131 734 1158 797 si
1180 734 1354 797 necessaria
1371 732 1540 815 judicatur,
1568 732 1750 796 subicientes
1778 730 1902 814 probari
1932 750 1971 794 ex
1998 749 2036 795 eo

681 836 742 898 ritu
764 852 852 915 quem
875 851 978 896 omnes
1000 833 1123 896 Latinae
1146 833 1256 896 hlissae
1285 840 1468 917 agnoscunt,
1491 833 1611 913 quaudo
1633 832 1732 896 hostia
1753 851 1820 894 cum
1850 831 1944 895 calice
1973 831 2038 894 clo-

682 943 770 998 vatur
791 931 928 1012 modice,
959 932 1049 1014 paulo
1077 940 1146 995 ante
1174 933 1340 997 orationem
1367 932 1559 995 Dominicam.
1604 932 1678 995 Nam
1705 932 1937 1013 antiquissimam
1960 931 2037 993 illam

683 1052 753 1097 esse
776 1030 952 1095 elevationis
974 1031 1161 1114 disciplinam
1184 1051 1287 1098 omnes
1310 1031 1404 1095 lernae
1427 1039 1604 1115 agnoscrmt.
1629 1033 1682 1095 Vir
1704 1030 1892 1095 Clarissimus
1905 1031 2037 1094 ioannes

682 1131 872 1197 hlabillonius
895 1129 1113 1194 Commentario
1142 1132 1268 1212 praevio
1298 1131 1335 1194 ad
1364 1131 1506 1195 Ordinem
1534 1130 1708 1196 Romanum
1751 1130 1819 1194 Non
1846 1131 1949 1193 atatim
1972 1135 2041 1209 pon

683 1231 939 1296 consecrationum
960 1233 992 1292 in
1015 1231 1106 1293 otturn
1127 1250 1148 1293 o
1169 1232 1345 1308 Sacerdote,
1372 1231 1473 1294 hostio
1493 1233 1619 1313 immae
1646 1232 1731 1294 cotio
1754 1231 1863 1310 prinae
1882 1230 1943 1291 iliis
1964 1236 2040 1290 om-

680 1330 808 1411 ponn'hns
828 1329 1037 1411 efferebantur,
1060 1331 1115 1392 sed
1136 1331 1191 1393 aab
1210 1332 1299 1410 Men
1313 1329 1456 1407 Conona,
1478 1351 1545 1394 enni
1566 1330 1862 1403 diceretSucerdos;
1883 1329 1941 1391 Per
1953 1345 2041 1409 quern

682 1430 758 1493 haec
789 1430 902 1506 omnia,
931 1438 990 1494 etc.
1013 1429 1148 1509 engebot
1174 1449 1208 1491 se
1232 1429 1476 1494 Archidnoconos
1504 1432 1604 1493 roho.-
1633 1439 1663 1493 et
1690 1449 1758 1494 cana
1785 1430 1956 1501 discretum
1984 1426 2041 1488 Per

682 1531 780 1609 ipsum
810 1536 840 1590 et
869 1546 935 1590 cuna
962 1529 1045 1609 ipso,
1079 1527 1202 1591 mahat
1226 1548 1293 1591 man
1318 1528 1474 1610 offertorio
1501 1531 1625 1593 calmem
1643 1550 1701 1611 per
1729 1547 1839 1604 anm,
1866 1535 1896 1590 et
1924 1527 2042 1589 tenebat

682 1630 823 1692 exaltans
843 1629 925 1704 mam
938 1631 1033 1707 juncto
1054 1626 1236 1707 Pontificem
1258 1628 1449 1709 Microiopna,
1470 1648 1580 1710 conpar
1602 1648 1669 1692 arm
1698 1629 1794 1691 edice
1822 1635 1892 1689 hane
1912 1626 2041 1687 twutnnn

679 1730 794 1811 subse,
816 1728 892 1790 dicit
911 1729 944 1789 in
972 1745 1039 1806 cop.
1071 1727 1121 1790 15.
1150 1727 1204 1789 nbi
1223 1729 1335 1791 natm
1362 1730 1488 1791 domim
1513 1738 1583 1809 post
1603 1730 1857 1792 mmeerohonem
1883 1725 2041 1788 amnonis

682 1830 859 1890 mentionem
877 1826 966 1906 [ecit.
1010 1824 1179 1888 Omantoles
1200 1827 1233 1888 id
1257 1837 1419 1907 praestant
1439 1830 1535 1909 panto
1564 1836 1634 1891 onae
1655 1829 1897 1890 commonent.
1941 1822 2040 1887 Porro

682 1928 809 1990 elocutio
832 1936 905 2008 post
929 1930 1186 1991 coaecraetcnan
1211 1929 1244 1989 in
1271 1927 1389 2005 Gallio,
1414 1938 1484 2009 post
1511 1929 1640 1991 mediam
1659 1920 1822 1990 'soemhtm
1854 1926 2040 1988 mmmmm

680 2026 800 2089 υἰάεὲιιν
817 2028 886 2107 fieri
905 2035 1023 2107 coepta,
1050 2027 1136 2089 hond
1156 2028 1221 2089 scio
1251 2044 1293 2088 on
1315 2028 1409 2107 panio
1429 2030 1529 2091 serios
1556 2029 1589 2089 in
1615 2026 1755 2090 Ecclesia
1775 2027 1923 2089 Romano.
1968 2023 2041 2087 Cum

682 2126 774 2210 igitur
795 2127 891 2204 initio,
913 2128 1112 2191 elevationem
1134 2126 1338 2190 Eucharistiae
1361 2128 1392 2189 in
1413 2126 1551 2190 Ecclesia
1581 2126 1712 2190 Romana
1740 2144 1789 2190 eo.
1806 2127 1837 2190 ia
1857 2124 1928 2188 loco
1952 2140 2039 2204 quem
2114 2195 2117 2202 ,

681 2244 761 2289 nunc
782 2226 872 2289 habet
893 2244 954 2289 non
976 2225 1080 2305 tuisse,
1104 2225 1262 2289 doctorum
1284 2224 1432 2289 hominum
1454 2226 1622 2291 testimonio
1651 2232 1788 2305 constet,
1813 2242 1913 2306 neque
1942 2232 2040 2286 amen

680 2325 750 2388 inde
772 2327 880 2389 merito
903 2327 1058 2407 quisquam
1080 2324 1193 2388 inferre
1214 2326 1328 2407 possit,
1352 2327 1483 2407 ignotam
1515 2325 1609 2390 luisse
1637 2333 1708 2389 tunc
1737 2323 1925 2390 sacramenti
1954 2341 2040 2403 quana

680 2425 856 2506 profitemur
876 2424 975 2500 Edem,
998 2441 1077 2505 quae
1099 2426 1174 2487 satis
1195 2424 1312 2509 magnis
1324 2425 1443 2489 aliunde
1464 2427 1648 2507 argumentis
1662 2424 1865 2502 confirmatur,
1887 2424 1929 2485 ita
1951 2421 2041 2504 plane

564 2519 565 2522 ’
682 2523 821 2588 concludi
842 2542 903 2587 non
928 2524 1019 2586 debet
1040 2522 1220 2603 Orientaies,
1243 2527 1312 2605 quia
1335 2525 1534 2589 elevationem
1555 2525 1661 2589 eodem
1684 2524 1752 2589 loco
1774 2543 1835 2587 non
1859 2530 2040 2609 agnoscunt,

681 2641 773 2704 posse
795 2621 909 2687 idcirco
931 2624 963 2685 in
984 2624 1187 2703 suspicionem
1208 2625 1323 2703 vocari,
1346 2626 1431 2707 quasi
1452 2643 1514 2688 non
1540 2633 1653 2688 rectam
1680 2625 1718 2688 de
1739 2623 1928 2688 Eucharistia
1949 2622 2040 2686 tidem

681 2722 820 2786 habeant.
864 2723 970 2804 Neque
992 2724 1071 2785 enim
1093 2722 1174 2804 quod
1195 2723 1237 2785 ita
1254 2722 1467 2805 judicaverunt
1489 2718 1646 2807 Theolo’gi,
1671 2732 1721 2787 aut
1740 2726 1965 2787 ltineraricrum
1984 2740 2042 2784 au·

680 2830 765 2886 tores
788 2822 888 2905 aliqui,
912 2839 1004 2885 cerusa
1025 2820 1087 2885 ulla
1108 2821 1173 2900 luit,
1196 2823 1253 2885 nisi
1275 2822 1421 2887 silentium
1443 2825 1659 2906 liturgiarum:
1690 2832 1750 2887 tum
1780 2824 1953 2888 observatio
1982 2840 2042 2903 pa-

680 2939 746 2984 rurn
776 2928 916 2986 accurata
946 2921 1201 2984 caeremoniarum
1234 2921 1445 3004 Orientalium,
1473 2925 1514 2987 ita
1542 2933 1591 3000 ut,
1624 2925 1693 3005 quia
1721 2925 1818 2988 statim
1847 2930 1919 3005 post
1944 2920 2039 2984 verba

681 3020 791 3085 Christi
817 3022 1032 3103 pronunciata,
1066 3038 1127 3084 non
1155 3020 1296 3084 videbant
1323 3021 1418 3086 lavari
1453 3022 1685 3102 Eucharistiam,
1717 3042 1844 3106 prorsus
1873 3024 1954 3086 illam
1981 3039 2040 3084 noa

410 3118 483 3172 ban.
511 3138 529 3172 ⁰
552 3119 615 3173 (ἕνα
638 3120 668 3173 a
681 3123 798 3186 ostendi
827 3121 1016 3184 crediderint.
1059 3119 1103 3183 lta
1132 3138 1253 3202 quoque
1277 3122 1422 3203 judicavit
1450 3122 1609 3205 Zegaaabo
1635 3123 1782 3205 Aethiops
1818 3125 1848 3186 in
1877 3123 2039 3201 Lusitania,

358 3204 421 3260 '¹⁰'-
440 3208 591 3276 Anam.
681 3241 748 3286 cum
770 3222 808 3285 de
830 3222 892 3284 suis
914 3222 956 3284 ita
977 3218 1116 3283 referret.
1155 3220 1246 3301 Apnd
1258 3222 1525 3285 nosEnehoristia
1544 3243 1605 3286 amn
1626 3224 1800 3300 ostenditur,
1822 3224 1900 3285 sicot
1919 3223 1970 3285 hic
1991 3224 2042 3284 oi·

681 3324 738 3386 deo
758 3321 835 3402 pert.
859 3321 918 3385 Sed
940 3339 980 3384 ex
1002 3319 1107 3382 relatis
1130 3328 1266 3382 autorum
1288 3321 1464 3383 testimoniis
1486 3320 1562 3384 haec
1584 3322 1779 3402 qucnmdam
1800 3322 1949 3385 hominum
1971 3321 2041 3401 opi-

681 3423 732 3484 nio
754 3427 859 3501 aperie
881 3419 1053 3484 revincitur.
1097 3418 1173 3482 Nam
1200 3417 1281 3500 quod
1304 3420 1424 3483 Gabriel
1446 3420 1632 3500 Patriarcha,
1655 3422 1735 3502 quod
1755 3421 1919 3485 Abusehab
1941 3421 2039 3483 Autor

683 3519 839 3581 Tractatas
861 3518 900 3581 de
922 3518 1052 3582 Scientia
1074 3518 1300 3598 Ecclesiastica,
1322 3519 1401 3601 quod
1423 3519 1558 3584 Eituales
1581 3521 1631 3584 alii
1652 3520 1720 3584 libri
1742 3529 1890 3585 testantur
1912 3520 1951 3583 de
1973 3520 2040 3583 Ae-

680 3618 854 3698 gyptiorum
875 3617 1077 3682 Jacobitarum
1099 3617 1155 3681 hac
1177 3618 1208 3681 in
1230 3626 1316 3699 parte
1338 3619 1504 3702 disciplina,
1528 3639 1594 3685 eam
1616 3638 1677 3684 non
1699 3620 2037 3696 noviterintroductanr,

682 3715 738 3779 sed
761 3717 922 3799 antiquitus
944 3725 1117 3800 usurpatam
1139 3736 1210 3781 esse
1231 3719 1305 3781 satis
1327 3717 1519 3783 demonstrat.
1563 3720 1644 3783 ldern
1667 3719 1705 3784 de
1728 3720 1813 3803 Syris
1835 3720 1939 3783 dicere
1965 3737 2041 3800 pos-

684 3833 796 3895 sumus,
826 3835 951 3898 quorum
973 3820 1048 3881 ritas
1069 3835 1130 3881 non
1152 3817 1432 3900 praescripserunt,
1464 3828 1514 3881 aut
1540 3821 1661 3883 noviter
1688 3821 1880 3883 instituerant
1908 3818 2040 3883 Severus

683 3913 905 3997 Antiochenus,
933 3918 1035 3981 etalii
1063 3937 1102 3982 ex
1130 3918 1198 4000 ejus
1227 3923 1313 3980 secta
1341 3924 1473 3997 autores,
1497 3919 1628 3982 lacobus
1657 3919 1847 3998 Edesseuus,
1877 3917 2040 3998 Dionysius

684 4012 830 4078 Barsalihi
852 4025 883 4080 et
904 4017 1128 4102 Abullaragius,
1153 4018 1204 4099 qui
1226 4034 1280 4079 eos
1303 4019 1333 4079 in
1346 4017 1560 4082 Nomocanone
1583 4018 1716 4102 collegit,
1739 4019 1794 4081 sed
1816 4015 1921 4101 quales
1944 4023 2040 4093 erant,

682 4112 827 4178 reiorumt.
856 4117 986 4180 Accedit
1008 4124 1078 4180 nota
1100 4124 1184 4180 certa
1205 4117 1281 4179 ritus
1304 4116 1510 4181 ostendendae
1522 4117 1728 4181 Eucharistiae
1749 4118 1839 4199 paulo
1863 4125 1932 4180 ante
1955 4135 2040 4180 ccm-

682 4214 863 4297 munionem,
887 4235 954 4280 eum
976 4218 1191 4299 pronunciatur
1212 4214 1383 4296 Confessio,
1406 4218 1445 4281 de
1467 4237 1525 4300 qua
1547 4236 1617 4281 mox
1639 4218 1780 4282 dicemus.
1824 4217 1885 4280 Sed
1906 4236 1947 4280 ne
1969 4215 2041 4298 quid

683 4312 761 4377 desit
790 4314 826 4377 ad
854 4316 1068 4381 ostendendam
1095 4323 1271 4399 perpetuam
1301 4316 1503 4380 Ecclesiarum
1535 4318 1764 4382 consensionem
1792 4319 1823 4381 ia
1845 4319 2039 4381 veneratione

683 4412 902 4495 Eucharistiae,
930 4417 1102 4499 adjiciemus
1124 4418 1214 4479 ritum
1235 4416 1324 4480 alium
1352 4435 1439 4497 quern
1469 4417 1608 4482 Canones
1634 4417 1673 4481 de
1700 4417 1856 4500 disciplina
1883 4417 2040 4481 Ecclesia·

682 4516 757 4577 stica
780 4518 919 4598 anonymi
940 4516 1165 4598 praescribunt:
1188 4516 1330 4598 leguntur
1351 4524 1449 4579 autem
1471 4517 1501 4580 in
1523 4516 1636 4582 Codice
1657 4519 1870 4582 satisvetasto.
1899 4518 2042 4594 Ouetiss-

682 4633 820 4696 oumpne,
857 4617 1010 4697 inquiunt,
1044 4615 1210 4679 eieoohitnr
1241 4615 1437 4680 Eniehoristio
1461 4618 1661 4698 woborne
1692 4637 1878 4698 monae.-
1910 4617 2041 4680 minores

684 4714 800 4777 scilicet
823 4733 897 4796 quas
920 4723 1040 4798 gestant
1068 4715 1219 4792 manibus,
1248 4724 1280 4779 ct
1314 4734 1388 4797 quas
1418 4724 1555 4801 tangere
1573 4726 1659 4781 extra
1688 4716 1842 4780 Ecclesiae
1868 4734 1929 4780 non
1958 4716 2040 4795 licet,

683 4813 739 4876 sub
762 4814 1044 4879 lluhamedaacrum
1066 4815 1237 4897 tyrannide.
1273 4816 1349 4879 Nam
1371 4817 1401 4879 in
1422 4816 1519 4879 Nubia
1541 4825 1572 4880 et
1592 4817 1770 4899 Aethiopia,
1798 4816 1849 4881 uhi
1878 4816 2040 4881 Christiani

412 4949 475 5009 m,
499 4951 570 5007 Patr.
597 4955 670 5008 Ma·
684 4911 862 4995 regnabant,
884 4914 1078 4995 pulsabantur
1100 4933 1141 4977 ex
1162 4915 1311 4996 superiori
1332 4916 1412 4996 loco,
1442 4924 1475 4980 at
1496 4917 1687 4981 observatum
1716 4925 1764 4980 est
1791 4919 1822 4980 in
1843 4918 1904 4980 vita
1927 4914 2041 4996 lupabi

356 5051 385 5106 ρ,
402 5037 464 5090 232,
684 5011 873 5077 Patriarchaa
893 5013 1090 5078 Alexandrini
1111 5012 1173 5079 Lll.
1196 5012 1234 5077 de
1262 5013 1395 5097 Georgio
1422 5015 1482 5079 lilio
1512 5016 1673 5081 Zachariae
1703 5015 1796 5101 Regis
1824 5016 1958 5098 Nubiae,
1986 5016 2039 5098 qai
