4525 6034
695 577 772 651 274
1173 538 1588 661 connexuimus

783 763 847 827 Hoc
877 764 946 827 loco
976 765 1143 828 observare
1170 782 1284 847 operae
1311 766 1439 845 pretium
1473 771 1537 841 est,
1574 764 1744 829 mistionem
1778 783 1873 847 aquae
1905 765 2061 848 ferventis,

697 856 797 935 (Zior
819 863 927 926 Graeci
949 871 1085 940 vocant)
1117 863 1155 927 de
1184 882 1243 945 qua
1273 864 1364 927 multa
1387 861 1518 946 Symeon
1549 862 1846 944 Thessalonicensis,
1874 874 1905 928 et
1933 866 1984 929 alii
2007 886 2062 929 sn-

696 963 770 1042 tiqui
798 970 829 1025 et
858 965 1062 1043 recentiores,
1091 966 1296 1045 seripserunt,
1318 963 1398 1045 apud
1422 961 1558 1043 Coptitas
1587 964 1721 1046 ignorari
1750 983 1810 1027 non
1838 967 1946 1043 minus,
1976 984 2063 1047 quam

697 1061 777 1142 apud
799 1062 934 1143 reliquos
956 1063 1118 1143 Jacobitas,
1142 1063 1247 1145 Syros,
1261 1063 1448 1144 Aethiopes,
1470 1068 1504 1124 ut
1526 1063 1615 1124 otiam
1638 1062 1855 1140 Nestorianos;
1877 1064 1960 1127 unde
1982 1073 2063 1145 patet

696 1177 757 1222 non
786 1163 984 1242 antiquiorem
1021 1163 1225 1228 Ecclesiarum
1255 1160 1401 1226 divisione
1433 1179 1504 1224 esse
1533 1161 1610 1224 banc
1646 1165 1876 1228 caeremoniam.
1921 1164 2063 1246 Reliquas

696 1276 818 1340 omnes,
850 1262 967 1324 scilicet
995 1281 1073 1344 quae
1104 1261 1174 1326 olim
1201 1262 1438 1343 usurpabantur,
1473 1262 1678 1326 retinuerunt:
1709 1264 1793 1325 istam
1830 1281 1891 1326 non
1927 1267 2064 1327 omisisse

604 1431 608 1441 Ι
698 1359 847 1438 consulto,
870 1360 963 1424 veluti
985 1379 1046 1425 non
1068 1362 1272 1424 necessariam
1301 1369 1351 1423 aut
1379 1361 1634 1441 superstitiosam,
1665 1360 1720 1423 sed
1747 1364 1867 1425 omnino
1895 1363 2063 1426 nescivisse

698 1460 861 1522 verisimile
885 1469 940 1523 est.
985 1461 1043 1534 Oui
1065 1461 1144 1524 illius
1167 1464 1246 1525 inter
1268 1460 1403 1524 Graecos
1425 1461 1604 1537 meminerit,
1626 1462 1856 1539 vetustissimus,
1879 1470 1913 1524 ut
1934 1463 2062 1543 uidetur,

698 1566 746 1621 est
765 1559 930 1622 Germanus
952 1561 1124 1624 Patriarcba
1149 1559 1497 1642 Constantinopolitanus
1519 1560 1549 1622 in
1572 1558 1712 1639 Theoria,
1735 1579 1789 1623 seu
1811 1564 1937 1643 mystica
1961 1560 2063 1625 Litur-

696 1659 767 1740 giae
789 1661 990 1741 expositione.
1026 1659 1180 1724 videndus
1209 1660 1246 1723 de
1275 1661 1333 1722 boc
1355 1661 1415 1722 ritu
1438 1659 1580 1739 Goarius,
1615 1667 1646 1721 nt
1669 1660 1854 1723 Glossarium
1877 1660 2062 1745 Cangianum

696 1758 727 1820 in
749 1777 828 1821 voce
848 1753 942 1823 Ze'or.
986 1760 1032 1825 De
1055 1760 1106 1824 illo
1130 1760 1220 1823 altum
1243 1761 1341 1823 estin
1365 1758 1565 1823 Orientalibus
1587 1759 1753 1822 Ritualibus
1775 1762 1942 1841 silentium,
1973 1769 2005 1825 ut
2033 1763 2062 1824 iu

695 1859 832 1921 omnibus
854 1858 974 1921 Rituum
996 1861 1220 1942 expositoribus
1243 1868 1295 1922 aut
1317 1859 1471 1923 Canonum
1494 1856 1738 1923 collectionibus.

1122 2122 1244 2194 oram
1269 2124 1460 2217 praetem
1485 2123 1641 2193 arroso.

797 2329 968 2416 Posrouns
990 2343 1157 2406 communio
1185 2341 1345 2405 laicorum
1374 2349 1405 2405 et
1433 2342 1589 2406 mulierum
1619 2342 1754 2405 absoluta
1783 2340 1890 2422 fuerit,
1925 2342 2062 2406 beantur

693 2446 847 2507 orationes
870 2447 983 2525 variae,
1005 2454 1064 2509 tam
1086 2447 1225 2528 privatim
1248 2464 1266 2509 a
1289 2444 1454 2510 Sacerdote
1478 2465 1566 2528 quam
1588 2463 1682 2530 super
1702 2447 1856 2529 populum,
1880 2454 1911 2509 et
1933 2448 1972 2510 ab
1994 2449 2061 2529 ipso

693 2544 818 2625 populo,
848 2545 886 2607 ad
908 2548 1022 2629 gratias
1048 2545 1115 2609 Deo
1145 2544 1280 2630 agendas
1310 2544 1514 2628 desuscepto
1545 2564 1677 2629 corpore
1705 2555 1736 2609 et
1763 2548 1911 2629 sanguine
1940 2545 2062 2627 Christi,

694 2661 819 2725 quarum
842 2647 1012 2708 orationum
1034 2646 1092 2709 etsi
1114 2663 1223 2729 magna
1246 2645 1284 2708 sit
1306 2645 1471 2708 secundum
1495 2646 1631 2709 diversas
1653 2646 1804 2729 Liturgias
1826 2646 1975 2726 varietas,
2003 2665 2064 2710 una

693 2751 793 2806 tamen
815 2746 963 2808 sententia
988 2752 1045 2811 est.
1091 2745 1202 2808 Omnes
1225 2745 1303 2806 enim
1326 2753 1396 2809 sunt
1417 2746 1525 2827 plenae
1548 2745 1749 2810 confessionis
1778 2746 1817 2808 de
1838 2748 1968 2809 veritate
1990 2765 2064 2810 cor·

694 2845 777 2925 poris
800 2852 830 2907 et
852 2846 1007 2927 sanguinis
1030 2844 1141 2909 Christi
1163 2845 1194 2908 in
1215 2844 1403 2908 Eucharistia
1426 2846 1579 2928 suseepti,
1612 2854 1674 2908 tum
1703 2864 1827 2927 precum
1856 2854 1888 2909 et
1915 2846 2063 2909 obsecra-

693 2944 816 3019 tionum,
840 2952 873 3008 ut
896 2944 1002 3009 eadem
1024 2944 1183 3027 proficiant
1204 2943 1242 3007 ad
1265 2945 1473 3008 remissionem
1503 2951 1713 3028 peccatorum,
1736 2945 1773 3008 ad
1796 2944 1965 3026 augendam
1987 2964 2064 3028 gra-

693 3045 773 3123 tiam,
797 3044 887 3108 etad
918 3044 1162 3126 consequendam
1184 3051 1337 3107 aeternam
1365 3044 1587 3107 beatitudinem.
1631 3044 1665 3106 ln
1694 3042 1881 3108 Collectione
1905 3043 2061 3108 Cauonum

692 3143 851 3208 Ebnassali
874 3162 941 3227 cap.
967 3141 1017 3209 13.
1049 3142 1124 3207 Crem
1146 3144 1333 3205 absolverint
1354 3141 1502 3207 Carteres
1523 3144 1699 3228 tymnorum
1720 3152 1858 3220 sermm,
1880 3144 1963 3207 dicet
1981 3145 2063 3208 Dio·

695 3263 791 3306 cereus
813 3245 876 3306 olto
897 3264 980 3306 voce.
1024 3244 1220 3324 Peroepimas
1241 3260 1353 3322 corpis-s
1372 3244 1537 3329 gloriosum
1559 3241 1681 3319 Christi,
1705 3244 1827 3323 pretias
1848 3261 1976 3323 warnis
2003 3247 2065 3326 ipsi

693 3346 745 3424 qai
772 3363 829 3405 nos
856 3346 964 3425 dignos
988 3342 1064 3422 fecit
1090 3344 1153 3406 bae
1181 3343 1392 3425 mysteriorum
1413 3350 1586 3405 secretorum
1604 3344 1807 3423 perceptione,
1830 3348 1886 3405 etc.
1930 3342 2009 3406 Nihil
2032 3347 2063 3408 in

693 3443 758 3506 istis
781 3444 967 3507 orationibus
990 3441 1179 3524 frequentius
1202 3440 1336 3504 occurrit
1358 3459 1446 3522 quam
1468 3442 1718 3523 expressissimae
1739 3439 1809 3504 illae
1827 3442 1970 3522 loquendi
1994 3443 2062 3507 ior-

693 3561 772 3621 mae,
795 3560 936 3623 quarum,
966 3542 995 3605 si
1023 3541 1101 3605 desit
1127 3541 1382 3604 transmutationis
1411 3540 1503 3604 realis
1526 3540 1618 3621 tides,
1640 3558 1713 3603 usus
1736 3559 1805 3603 esse
1827 3541 1926 3604 nullus
1948 3551 2060 3623 potest.

693 3640 802 3705 Dicunt
830 3639 966 3719 scilicet;
993 3643 1151 3704 miscuisse
1173 3638 1323 3702 Citristm
1351 3659 1463 3721 corpses
1485 3648 1515 3702 et
1531 3642 1706 3720 magnetem
1721 3659 1823 3717 sartos,
1845 3643 1971 3720 corpori
1985 3661 2063 3704 son-

692 3744 834 3823 gainique
855 3761 959 3804 sonan
980 3743 1032 3822 qai
1052 3742 1288 3803 commendam
1311 3747 1510 3820 acceperamt:
1531 3740 1662 3820 lingum
1683 3759 1786 3802 eoram
1796 3743 1965 3820 niscepisse
1986 3759 2063 3802 cor·

691 3861 753 3922 pas
775 3849 806 3904 et
825 3844 1001 3922 sanffltinem
1030 3843 1115 3920 eja&
1138 3847 1227 3921 etque
1248 3858 1284 3901 eo
1303 3840 1436 3919 fidebam
1457 3839 1549 3901 tebra
1572 3847 1737 3919 pemmcts,
1765 3841 1844 3901 stete
1864 3840 1935 3902 olim
1955 3838 2062 3902 israe·-

694 3942 816 4004 titamrm
834 3949 939 4021 postes
959 3942 1033 4022 eqni
1053 3941 1219 4022 secessisse:
1248 3940 1439 4018 sancdficate
1456 3955 1515 4018 per
1535 3937 1764 4001 barbarissum
1789 3939 1823 3999 in
1850 3957 1933 4018 spem
1954 3957 2061 4000 merir-

695 4042 841 4105 rectionis
862 4042 905 4103 ad
925 4049 1081 4103 ceteram
1101 4044 1197 4103 eitam
1214 4038 1348 4117 fidelium
1369 4056 1521 4118 corpora,·
1550 4036 1680 4100 tersisse
1709 4037 1918 4115 sermonibus,
1947 4038 2062 4100 vistim

694 4143 728 4204 in
749 4142 835 4203 disco
856 4147 887 4202 et
905 4142 938 4201 in
960 4140 1065 4220 colice,
1089 4148 1119 4203 et
1140 4159 1180 4200 ero
1201 4138 1262 4199 illis
1288 4140 1443 4217 accepisse
1464 4156 1574 4218 corpus
1594 4138 1693 4217 ipsum
1714 4144 1877 4199 assumtum
1899 4157 1940 4199 ex
1961 4136 2062 4198 narse

701 4240 830 4322 Vimise,
851 4242 963 4320 irsqw
983 4249 1075 4302 natas
1096 4245 1144 4302 est
1163 4238 1222 4300 Dei
1239 4237 1330 4316 filios,
1353 4238 1434 4319 quod
1453 4239 1486 4298 in
1503 4239 1648 4317 praesepi
1663 4238 1804 4317 positast,
1828 4239 1914 4299 cruci
1924 4234 2062 4317 affixam,

697 4342 806 4404 iancea
824 4340 1012 4420 perfossori,
1034 4341 1066 4402 in
1087 4339 1224 4419 sepulcro
1246 4338 1436 4412 collocaturus,
1459 4339 1644 4412 resurrexit,
1666 4335 1759 4398 etad
1780 4336 1894 4398 coelam
1915 4335 2062 4399 escendit.

698 4439 781 4504 llaec
811 4440 909 4503 omnia
939 4446 970 4501 et
1000 4438 1105 4502 similia
1148 4437 1300 4500 continent
1328 4436 1481 4498 orationes
1511 4436 1675 4519 gratiarum
1704 4435 1847 4513 actionis,
1884 4453 1962 4517 quae
1992 4451 2061 4496 cum

699 4538 882 4603 Graecorum
910 4545 940 4601 et
968 4539 1081 4601 nostris
1109 4535 1277 4619 hujusmodi
1299 4535 1376 4599 adeo
1398 4537 1606 4614 consentiunt,
1636 4543 1669 4597 ut
1698 4536 1802 4597 mirum
1830 4535 1940 4598 nemini
1965 4533 2063 4596 videri

698 4640 818 4720 debeat,
842 4639 922 4722 quod
944 4636 1105 4701 nonnullae
1127 4656 1169 4699 ex
1191 4636 1409 4699 recentioribus
1432 4635 1516 4699 libris
1534 4636 1688 4699 desumtae
1710 4643 1789 4699 sunt.
1812 4632 1962 4715 Quidquid
1981 4634 2061 4695 enim

698 4740 735 4803 ad
758 4738 982 4804 contestandum
1005 4737 1096 4800 realis
1118 4736 1156 4800 de
1185 4738 1323 4818 corporis
1350 4736 1567 4820 sanguinisque
1594 4735 1732 4812 dominici
1761 4737 1931 4816 praesentia
1961 4732 2060 4810 tidem,

699 4843 794 4922 magis
817 4840 922 4904 efficax
944 4839 1064 4902 censeri
1086 4845 1199 4919 potest,
1221 4838 1260 4899 ita
1283 4844 1441 4918 acceptum
1462 4834 1663 4898 Orientalibus
1686 4842 1749 4915 est,
1779 4842 1810 4897 ut
1832 4833 1869 4897 ad
1891 4853 1926 4897 se
1948 4831 2059 4896 luben·

698 4941 811 5003 tissime
833 4938 1024 5002 transferant.
1069 4937 1113 5001 lta
1140 4936 1252 5020 Agapii
1282 4936 1437 5000 Cretensis
1459 4934 1598 4998 lionaebi
1619 4933 1711 5013 liber,
1744 4935 1792 4997 cui
1814 4932 1916 4996 titulus
1935 4923 2061 5016 Ἀμαρ-

697 5039 810 5104 soter
831 5033 985 5126 σωτηρία,
1009 5040 1093 5122 cujus
1116 5036 1218 5100 ultima
1238 5054 1310 5119 pars
1337 5035 1444 5099 multas
1467 5035 1578 5099 similes
1600 5035 1751 5097 orationes
1773 5033 1988 5114 complectitur,
2008 5032 2062 5112 qui
