4525 6034
689 545 768 621 454
1079 546 1238 624 RITUS
1273 545 1670 626 ORDlNhTIONlS

688 737 848 830 paritate3
875 744 909 807 et
935 733 1024 827 elige
1049 756 1113 806 nos
1141 757 1216 806 cum
1243 757 1285 806 eo
1313 732 1355 804 ad
1381 732 1522 822 honum,
1549 743 1585 805 ut
1610 756 1806 830 operemur,
1839 745 1874 808 et
1908 739 2049 833 accipia-

687 872 761 921 mus
789 848 945 922 talentum
972 872 1047 921 oum
1073 848 1185 938 lucro,
1211 860 1313 943 utque
1338 851 1551 943 recipiamus,
1578 872 1652 921 cum
1670 851 1896 946 omnibusqui
1922 849 1965 923 ah
1988 855 2051 923 iai-

686 970 733 1037 tio
759 964 910 1038 lecerunt
935 965 1140 1039 voluntatem
1166 974 1267 1053 tuam,
1294 964 1484 1036 mercedem
1511 970 1688 1038 oeconomi
1712 967 1883 1063 prudentis
1909 976 1943 1038 et
1972 967 2052 1039 hde-

641 1103 644 1108 ·
686 1079 746 1169 lis,
773 1082 807 1151 in
834 1080 979 1154 adventu
993 1082 1146 1169 Domini,
1173 1079 1238 1151 Dei
1265 1079 1502 1153 etSalvatoris
1527 1085 1633 1152 nostri
1649 1082 1732 1154 lesu
1746 1082 1879 1171 Christi,
1906 1086 1971 1176 qui,
1996 1092 2053 1156 etc.

711 1191 715 1196 ’
798 1197 890 1268 Tenc
922 1199 1039 1268 serior
1070 1197 1263 1289 Episcopus
1297 1196 1479 1267 descendet
1513 1197 1556 1266 de
1582 1195 1797 1288 Spathrono,
1831 1203 1866 1268 et
1896 1199 2053 1270 semoto

582 1367 591 1375 -
688 1312 733 1383 od
761 1303 815 1399 eo,
843 1316 1113 1406 constitueretque
1138 1307 1293 1382 Eiectum
1319 1315 1355 1382 io
1381 1312 1492 1404 prodat
1508 1311 1712 1404 Spathrorsi:
1738 1313 1962 1407 teoeduntqae
1980 1337 2052 1384 rao-

686 1449 751 1497 mss
777 1431 868 1517 qaas,
896 1433 931 1497 et
956 1430 1132 1521 antiquior
1159 1427 1251 1496 dicet
1275 1426 1365 1496 hooc
1392 1426 1685 1498 esctoamtioaem.

796 1541 1057 1615 lnthronisamus
1084 1552 1184 1639 caput
1209 1545 1326 1635 gregis
1352 1540 1394 1613 N.
1422 1541 1577 1614 divinitus
1605 1541 1745 1614 electum
1758 1539 1859 1615 Ahha
1876 1542 1919 1614 N.
1934 1541 2055 1616 Archi-

688 1660 880 1754 opiscopum
908 1656 1177 1754 perPsephisma
1205 1657 1356 1745 sublime,
1384 1668 1418 1729 et
1443 1659 1776 1730 communicationem
1798 1680 1935 1753 operum
1952 1663 2052 1731 mira-

685 1774 800 1847 bilium
827 1772 970 1868 Spiritus
997 1776 1122 1862 sancti,
1150 1795 1251 1869 super
1277 1773 1363 1844 hanc
1389 1771 1578 1845 cathedram
1604 1770 1700 1866 hujus
1727 1783 1864 1847 sanctae
1884 1773 2052 1848 Ecclesiae

687 1889 891 1962 Catholicae.
946 1887 1049 1961 Orate
1083 1911 1199 1961 omnes
1234 1890 1431 1983 quicumque
1465 1886 1519 1959 hic
1549 1887 1750 1981 'congregati
1784 1891 1883 1978 estis,
1916 1899 1953 1960 ut
1982 1889 2051 1960 Do-

685 2005 794 2079 minus
828 2005 959 2098 gloriae
997 2015 1178 2077 conservet
1211 2003 1300 2076 illum
1334 2006 1429 2075 aunis
1464 2003 1591 2094 multis,
1630 2001 1834 2100 temporibus
1866 2004 2051 2100 tranquillis,

647 2113 650 2120 ¹
687 2121 815 2217 absque
833 2118 1031 2209 turbatione,
1058 2119 1196 2192 tumultu
1222 2130 1256 2192 et
1282 2118 1451 2193 scandalo.
1504 2121 1694 2193 Praeserva
1708 2142 1785 2192 eum
1802 2119 1943 2219 Domine
1958 2120 2052 2192 illae-

687 2259 774 2326 sum,
801 2247 836 2308 et
861 2235 1147 2333 imperturbatum,
1172 2236 1398 2331 perficientem
1424 2219 1630 2308 voluntatem
1657 2245 1759 2324 tuam,
1786 2235 1965 2308 secundum
1990 2235 2052 2309 ho-

685 2356 779 2425 noris
807 2351 1070 2448 amphtudinem,
1098 2373 1185 2445 quae
1218 2350 1316 2422 decet
1350 2372 1472 2422 nomeu
1507 2361 1597 2423 mum
1632 2360 1781 2424 sancum
1787 2403 1799 2439 ,
1834 2350 1877 2422 ad
1908 2352 2052 2442 salutem,

685 2478 719 2540 et
745 2467 886 2561 gloriam
915 2471 1054 2539 amantis
1081 2466 1248 2540 Christum
1273 2466 1396 2562 populi.

791 2583 1079 2655 Archidicconos.
1119 2582 1278 2654 Dicamus
1307 2603 1424 2655 omnes
1450 2585 1575 2654 intenm
1602 2590 1748 2654 orantes.
1789 2581 1895 2678 llyrie
1922 2584 2050 2656 eleison.

694 2751 699 2756 -
791 2698 919 2770 Senior
944 2700 1137 2792 Episcopus
1162 2698 1236 2768 etto
1260 2720 1346 2769 ooce
1372 2698 1472 2769 dicet.

791 2816 828 2887 ln
855 2817 988 2886 nomine
1015 2816 1245 2887 sanctissimae
1272 2813 1441 2887 Trinitatis
1469 2812 1759 2887 consubstantialis
1786 2822 1821 2883 et
1846 2812 2049 2897 vivificantis,

685 2931 814 3023 Patris,
842 2943 876 3004 et
901 2931 994 3022 Filii,
1022 2941 1056 3003 et
1081 2930 1224 3027 Spiritus
1251 2933 1376 3002 sancti:
1402 2930 1480 3003 loco
1512 2931 1603 3003 beati
1636 2929 1892 3024 Archiepiscopi
1923 2927 1965 2999 N.
1998 2931 2048 2998 iu-

683 3050 906 3123 thronisamus
934 3069 1034 3142 super
1060 3049 1158 3118 istam
1184 3045 1302 3117 urbem
1330 3044 1453 3119 Christi
1488 3056 1653 3118 amanmm
1682 3043 1932 3132 Alexandriam,
1957 3041 2048 3115 Ahha

683 3165 726 3238 N.
752 3175 911 3237 vocatum
938 3163 1093 3235 divinitus
1120 3183 1182 3258 per
1208 3160 1400 3254 suffragium
1424 3172 1587 3251 sanctum,
1613 3165 1753 3256 primum
1764 3158 2049 3257 Presbyteromm,

685 3293 719 3354 et
744 3280 1059 3376 Archiepiscopum:
1088 3277 1129 3349 ad
1156 3276 1287 3349 laudem
1304 3287 1339 3348 et
1353 3275 1496 3369 gloriam
1509 3278 1678 3349 Trinitatis
1691 3276 1872 3349 indivisae:
1900 3275 1943 3347 ad
1961 3273 2048 3346 aedi-
2146 3362 2148 3365 Α

683 3397 891 3486 necaonem,
918 3393 1183 3489 amantiorem
1210 3402 1244 3464 et
1269 3390 1454 3464 firmitatem
1480 3392 1573 3464 fidei:
1601 3392 1643 3464 ad
1669 3414 1788 3487 pacem
1815 3399 1849 3462 et
1874 3389 2046 3462 coufirma-

641 3514 647 3523 '
682 3515 808 3584 tionem
833 3509 930 3603 hujus
958 3509 1138 3582 cathedrae
1164 3531 1268 3605 purae
1301 3518 1334 3579 et
1367 3507 1574 3604 splendidae:
1606 3519 1641 3580 et
1673 3508 1716 3579 ad
1742 3509 1956 3581 serenitatem
1986 3504 2046 3573 im-

682 3627 910 3723 perturbatam
935 3623 1140 3698 venerahilis
1166 3624 1343 3704 Ecclesiae
1368 3626 1443 3697 Dei.
1683 3681 1695 3688 .

786 3728 940 3822 Populos
966 3728 1101 3800 clamet.
1154 3729 1295 3820 Dignus.
1321 3727 1463 3820 Dignus.
1489 3728 1630 3819 Dignus.
1658 3795 1661 3802 .

791 3844 885 3916 Tunc
917 3844 1089 3915 collocarat
1123 3865 1198 3913 eum
1230 3865 1334 3936 saper
1367 3843 1539 3931 threnico,
1579 3849 1614 3912 et
1645 3847 1700 3913 ter
1733 3862 1876 3933 surpere
1907 3841 2045 3932 fumosi:

681 3960 940 4054 meropesque
963 3962 1082 4032 senior
1103 3957 1198 4030 dicit.

788 4074 1002 4148 CoNocamus
1035 4072 1136 4147 Ahha
1162 4072 1204 4145 N.
1236 4071 1535 4168 Archiepiscopum
1570 4094 1672 4168 super
1708 4069 1859 4144 Nonum
1894 4078 2042 4153 smcum.

680 4191 915 4288 Apostolicum
957 4199 991 4263 et
1023 4188 1269 4283 Evangehcum
1300 4189 1410 4261 Patris
1445 4189 1551 4261 noshi
1584 4190 1709 4277 sancti,
1744 4187 1857 4259 divina
1890 4184 2041 4280 loquentis

681 4305 804 4395 Nasci,
831 4310 864 4379 in
890 4309 1024 4380 nomine
1050 4305 1170 4393 Patris,
1197 4313 1232 4376 et
1256 4303 1332 4375 Filii
1357 4316 1391 4376 et
1417 4303 1559 4399 Spiritus
1587 4306 1703 4376 sancti.
1755 4305 1876 4376 Amen.

785 4421 951 4515 Populus.
1003 4422 1145 4512 Dignus.
1171 4421 1314 4512 Dignus·
1339 4418 1481 4511 Dignus.
1668 4421 1673 4428 '

785 4538 917 4608 Postea
944 4536 1115 4608 collocant
1141 4558 1216 4607 essa
1240 4538 1277 4604 io
1299 4535 1444 4623 ethecae,
1477 4537 1529 4605 ito
1562 4540 1599 4605 ut
1623 4556 1692 4606 ooo
1726 4557 1765 4606 se
1795 4539 1946 4604 moueat:
1974 4547 2040 4620 pc-

681 4661 830 4747 mtatqoe
856 4652 1079 4747 Eoooqelium
1104 4650 1287 4722 secundare
1311 4650 1467 4721 Marcam
1491 4652 1529 4720 ia
1553 4653 1630 4721 siaa
1656 4654 1739 4740 cirta
1766 4656 1802 4720 et
1827 4670 1940 4719 oasam
1957 4643 2038 4735 Ερὶ·

682 4774 780 4864 scopi
807 4768 1005 4840 oscularetur
1032 4790 1120 4854 aaa,
1147 4766 1365 4859 sotctoatqae
1392 4765 1511 4836 Cieros
1537 4772 1572 4836 et
1596 4759 1705 4836 einais
1725 4763 1884 4857 popalus

787 4897 924 4969 Deiadc
942 4898 1096 4968 Dimuri
1121 4896 1240 4966 dicmrt
1264 4894 1337 4965 alto
1362 4916 1448 4964 coos
1473 4916 1661 4967 samonem
1677 4891 1981 4976 iatiroaisutioais
2000 4908 2037 4956 ec

686 4993 867 5085 dmiccc:
892 5019 929 5083 et
948 5018 1074 5105 posteo
1100 5010 1190 5083 Audi
1197 5062 1209 5098 ‚
1236 5015 1317 5080 torro
1340 5010 1521 5103 prodacto.
1573 5008 1697 5084 Nultos
1723 5030 1849 5082 annos:
1880 5015 1915 5080 et
1938 5002 2038 5076 luade
