4525 6034
668 438 719 511 30
1176 436 1538 515 LITURGlA

765 606 957 723 Sacerdos(
1009 621 1055 694 Et
1080 625 1262 720 suspexisti
1288 626 1322 695 in
1348 624 1481 697 coelum
1508 624 1550 696 ad
1575 625 1709 698 Patrem
1735 635 1824 699 tuum
1851 628 1979 720 Deum,
2011 651 2063 700 ac
2187 692 2190 696 ,

667 738 845 811 Dominum
872 741 1034 829 omnium,
1061 749 1095 810 et
1121 742 1248 832 gratias
1275 742 1384 833 egisti.

772 854 935 949 Populus.
986 856 1107 928 Amen.

773 970 959 1043 Sacerdos.
1010 969 1056 1041 Et
1081 969 1282 1045 benedixisti
1309 969 1408 1043 illum.

774 1086 937 1180 Populos.
980 1088 1101 1160 Amen.

774 1201 959 1274 Sacerdos.
1012 1202 1057 1274 Et
1083 1202 1295 1275 sanctificasti
1320 1203 1421 1274 illum.

775 1318 937 1413 Populos.
990 1320 1111 1391 Amen.
2015 1416 2018 1421 Ι

772 1434 956 1505 Sacerdos.
1010 1432 1054 1505 Et
1079 1433 1212 1526 fregisti
1237 1432 1347 1526 illum,
1374 1445 1409 1507 et
1435 1434 1553 1509 dedisti
1578 1434 1668 1508 illum
1703 1439 1767 1509 tuis
1800 1437 1960 1528 gloriosis
1987 1437 2055 1509 di-

538 1579 543 1585 ·
668 1549 803 1645 scipulis
831 1554 976 1639 sanctis,
1004 1560 1039 1621 et
1063 1549 1239 1644 Apostolis
1265 1553 1357 1645 puris
1378 1550 1507 1624 dicens:
1528 1553 1694 1647 Accipite,
1721 1551 1918 1624 manducate
1936 1577 1985 1626 cx
2009 1577 2059 1626 eo

669 1689 802 1739 omnes:
829 1666 905 1738 Hoc
932 1675 985 1737 est
1011 1668 1100 1737 enin
1127 1687 1251 1761 corpus
1278 1689 1389 1738 meum
1416 1668 1506 1762 quod
1520 1665 1686 1759 frangitur
1711 1689 1773 1764 pro
1790 1667 1903 1761 vobis,
1928 1679 1963 1741 et
1983 1691 2057 1765 pro

667 1781 776 1854 multis
804 1781 955 1873 dabitur,
981 1784 1016 1852 in
1042 1784 1276 1855 remissionem
1302 1793 1537 1879 peccatorum:
1564 1782 1630 1855 hoc
1655 1781 1758 1856 facite
1774 1786 1809 1854 in
1822 1806 1931 1856 meam
1945 1805 2058 1856 com-

666 1901 952 1971 memorationem.

770 2013 934 2107 Popalcs.
987 2013 1037 2085 Ita
1065 2023 1118 2085 est
1145 2015 1178 2084 in
1203 2015 1255 2085 rei
1280 2017 1433 2087 veritate.
1477 2016 1598 2089 Amen.

770 2129 957 2202 Sacerdos.
1010 2127 1169 2201 Similiter
1193 2140 1372 2225 postquam
1398 2130 1625 2221 comederunt,
1652 2133 1813 2227 accepisti
1834 2130 1984 2221 calicem,
2016 2142 2057 2204 et

667 2248 827 2321 miscuisti
854 2268 930 2317 eum
957 2256 1005 2317 ex
1030 2238 1140 2317 fruc'tu
1166 2249 1245 2318 vitis
1272 2256 1306 2318 st
1332 2269 1433 2342 aqua,
1461 2255 1495 2319 et
1519 2251 1648 2341 gratias
1675 2250 1784 2340 egisti.

771 2362 933 2455 Populos.
986 2361 1107 2433 Amen.

770 2477 956 2553 Sacerdos.
1008 2476 1054 2548 Et
1079 2475 1281 2551 benedixisti
1307 2478 1408 2552 illum.

769 2594 933 2688 Populus.
986 2595 1107 2667 Amen

768 2709 953 2782 Sacerdos.
1006 2709 1052 2780 Et
1077 2710 1291 2784 sanctificasti
1317 2708 1417 2784 illum.

767 2827 930 2919 Populos.
983 2825 1105 2897 Amen.

768 2942 952 3016 Sacerdos.
1004 2940 1049 3012 Et
1074 2943 1236 3033 gustasti,
1270 2951 1304 3013 et
1330 2940 1449 3015 dedisti
1474 2942 1565 3014 illum
1591 2945 1655 3017 tuis
1691 2940 1849 3034 gloriosis
1876 2940 2054 3037 discipulis

665 3061 809 3150 sanctis,
844 3068 879 3131 et
911 3055 1087 3154 Apostolis
1121 3060 1215 3153 puris
1251 3057 1382 3129 dicans:
1413 3058 1586 3154 Accipite,
1620 3054 1725 3130 bibite
1759 3078 1805 3128 ex
1838 3078 1882 3129 eo
1916 3077 2051 3134 omnes,

663 3174 727 3247 Hic
754 3186 807 3249 cst
833 3179 922 3247 enim
948 3176 1085 3265 sanguis
1111 3194 1207 3247 meus
1233 3177 1315 3246 novi
1342 3173 1557 3263 Testamenti,
1585 3175 1641 3268 qui
1663 3171 1838 3244 ellimditur
1854 3194 1915 3268 pro
1932 3172 2053 3268 vobis,

665 3301 700 3362 et
724 3312 788 3387 pro
814 3290 924 3362 multis
951 3289 1047 3360 datur
1072 3291 1106 3359 in
1132 3291 1366 3362 remissionem
1391 3298 1623 3384 peccatomm:
1657 3288 1723 3360 hoc
1748 3286 1850 3359 facite
1874 3291 1909 3359 in
1933 3311 2052 3362 meam

666 3407 1030 3479 commemorationem.

768 3520 930 3614 Populos.
982 3520 1033 3592 Ita
1060 3542 1194 3616 quoque
1219 3529 1273 3592 est
1298 3522 1333 3592 in
1358 3523 1410 3592 rei
1436 3523 1589 3594 veritate.

768 3634 953 3707 Sacerdos.
1014 3634 1297 3731 Quotiescumque
1331 3640 1418 3708 enim
1451 3636 1733 3710 manducaveritis
1770 3658 1817 3708 ex
1848 3636 1913 3709 hoc
1943 3659 2051 3733 pane,

665 3762 700 3823 et
725 3749 875 3825 biberitis
902 3773 948 3823 cx
975 3752 1040 3823 hoc
1066 3751 1189 3843 calice,
1216 3751 1457 3827 annunciabitis
1483 3763 1624 3832 mortem
1657 3775 1765 3825 meam
1797 3763 1832 3825 et
1864 3752 2051 3826 confitebi-

665 3870 745 3941 mini
771 3871 1052 3942 resurrectionem
1079 3892 1206 3959 meam,
1234 3880 1268 3941 et
1293 3872 1359 3941 mei
1385 3873 1580 3942 memoriam
1594 3867 1746 3959 faciatis,
1774 3869 1883 3942 donec
1899 3872 2050 3942 veniam.

768 3984 930 4078 Populos.
983 3986 1128 4058 Mortem
1155 3993 1262 4077 mam,
1288 3984 1448 4076 Domine,
1476 3988 1713 4059 annunciamus
1741 3995 1774 4057 et
1801 3995 1948 4059 sanctam
1979 4007 2050 4055 re-

666 4103 907 4174 surrectionem
947 4111 1055 4193 tuam,
1097 4111 1132 4173 ot
1174 4104 1407 4175 ascensionem
1444 4101 1655 4189 confitemur3
1690 4112 1724 4173 te
1756 4100 1945 4190 laudamus,
1985 4099 2051 4172 tilii

665 4218 793 4309 gratias
822 4220 970 4309 agimus,
997 4226 1032 4289 et
1055 4225 1090 4288 te
1116 4216 1353 4312 deprecamur,
1379 4217 1523 4289 Domine
1548 4217 1643 4289 Deus
1668 4226 1795 4290 noster.

770 4332 956 4404 Sacerdos.
1008 4332 1053 4404 Et
1078 4355 1167 4404 nunc
1193 4335 1304 4425 otiam,
1331 4331 1495 4423 Domine,
1520 4335 1715 4404 memoriam
1738 4335 1868 4424 agimus
1895 4330 2049 4403 descen-

665 4471 723 4523 sus
755 4453 801 4522 tui
833 4450 876 4523 ad
908 4459 1045 4538 terram,
1081 4458 1114 4520 et
1145 4452 1263 4522 mortis
1303 4459 1380 4521 tuac
1413 4448 1633 4539 vivificantis,
1667 4459 1702 4520 et
1736 4446 1928 4544 sepulturae
1964 4456 2047 4518 tuae

665 4565 857 4656 triduanae,
886 4544 920 4637 et
946 4567 1200 4639 resurrectionis
1228 4589 1248 4637 a
1275 4567 1434 4655 mortuis,
1461 4575 1496 4636 ct
1521 4567 1728 4639 ascensionis
1757 4562 1800 4635 ad
1832 4561 1971 4650 coelos,
2007 4573 2046 4634 et

666 4685 828 4756 sessionis
854 4692 932 4755 tuae
959 4681 1000 4755 ad
1032 4682 1207 4753 dexteram
1240 4681 1349 4753 Patris
1383 4682 1450 4770 tui,
1484 4688 1519 4751 et
1551 4680 1714 4752 adventus
1748 4681 1795 4750 tui
1829 4676 1967 4752 secundi
2000 4675 2048 4747 de

666 4800 770 4871 coelis
797 4798 958 4872 tremendi
985 4809 1020 4872 et
1045 4798 1204 4892 gloriosi:
1232 4797 1468 4892 offerimusque
1493 4797 1552 4869 tibi
1577 4796 1663 4868 haec
1692 4794 1781 4869 dona
1814 4805 1888 4883 tua,
1921 4815 1968 4864 ex
2000 4796 2043 4863 iis

646 4914 752 5008 'quae
778 4923 833 4986 tua
861 4924 954 5006 sunt,
980 4937 1043 5011 pro
1072 4914 1244 5007 omnihus,
1271 4924 1305 4988 st
1332 4924 1471 5011 propter
1497 4915 1627 5004 omnia,
1655 4923 1689 4987 st
1714 4915 1748 4984 in
1775 4909 1936 4984 omnibus.
