4525 6034
693 570 771 645 268
1037 573 1215 651 muloti
1242 574 1273 650 S.
1300 574 1481 656 Mittunt
1509 569 1723 655 diatonici.

798 756 983 828 Sacerdos.
1034 756 1078 831 Et
1104 763 1286 831 universae
1312 758 1507 834 haereditati
1532 773 1622 853 tuae,
1650 786 1737 858 quae
1757 766 1965 841 condebito
1987 792 2065 843 ser-

693 874 807 942 vitutis
834 870 996 967 obsequio
1023 883 1191 968 prostrata
1219 884 1272 946 est
1298 896 1413 947 coram
1439 879 1614 968 majestate
1648 888 1703 951 tua
1728 891 1885 974 paterna,
1919 885 2066 956 concede

693 989 832 1078 gratiam
870 1000 956 1058 tuam
990 990 1259 1078 inamissibilem,
1293 1001 1327 1062 et
1359 992 1454 1086 reple
1484 1015 1548 1066 nos
1582 993 1679 1066 donis
1706 995 1848 1091 Spiritus
1881 1002 1929 1069 tui
1955 997 2064 1070 divini.

692 1100 864 1197 Praepara
892 1107 990 1175 etiam
1024 1127 1104 1195 nos,
1139 1116 1176 1178 ut
1207 1104 1365 1200 inculpati
1401 1111 1619 1203 suscipiamus
1652 1115 1814 1206 mysteria
1848 1124 1905 1184 tna
1940 1111 2064 1185 divina:

693 1217 779 1306 ejice
807 1241 826 1289 a
854 1217 951 1290 nobis
979 1241 1078 1291 omne
1104 1230 1217 1312 genus·
1239 1222 1426 1315 nequitiae,
1458 1232 1492 1294 et
1522 1223 1617 1320 reple
1649 1245 1712 1296 nos
1739 1231 1879 1300 caritate
1906 1239 1941 1299 et
1966 1251 2062 1300 man-

694 1332 887 1423 suetudine,
914 1343 949 1404 et
973 1333 1180 1423 reseremus,
1208 1347 1271 1407 eto.

796 1449 956 1541 Populos.
1010 1448 1253 1544 Unusquisque.

794 1562 980 1636 Sacerdos.
1033 1566 1117 1636 Pax.

796 1678 957 1771 Populos.
1009 1678 1155 1751 Etcum
1183 1683 1299 1773 spiritu
1326 1689 1392 1752 tuo.

793 1794 981 1865 Diaconos.
1036 1792 1120 1865 Cum
1147 1796 1276 1867 timore.

793 1908 979 1981 Sacerdos.
1032 1909 1158 1981 Sancta
1184 1913 1318 1981 sanctis.

793 2025 955 2117 Populos.
1010 2024 1104 2096 Unus
1130 2025 1232 2097 Pater
1259 2035 1403 2098 sanctus.

791 2139 976 2210 Sacerdos.
1012 2139 1230 2228 Confitemur‚
1258 2139 1446 2227 adoramus„
1474 2139 1698 2231 glorificamus
1726 2152 1760 2212 et
1786 2145 1914 2233 gratias
1933 2147 2055 2235 agimus

687 2254 762 2343 tbi,
797 2259 852 2349 qui
878 2256 996 2349 plenus
1023 2277 1061 2326 es
1088 2255 1317 2338 misericordia
1345 2266 1379 2326 et
1405 2259 1530 2346 gratia
1565 2278 1607 2329 eo
1642 2256 1731 2350 quod
1757 2278 1845 2327 nuno
1870 2262 2056 2351 praestitisti

686 2369 785 2443 nobis
810 2382 847 2443 ut
872 2371 1127 2443 comederemus
1154 2393 1278 2467 corpus
1305 2380 1454 2444 sanctum
1480 2375 1640 2463 unigeniti
1666 2372 1742 2444 Filii
1768 2375 1833 2460 tui,
1861 2382 1896 2443 et
1921 2370 2055 2445 bibere-

686 2507 760 2558 mus
794 2489 868 2578 eJus
901 2490 1097 2579 sangninem
1132 2510 1251 2582 purum
1285 2497 1319 2558 et
1352 2494 1510 2558 sanctum.
1563 2487 1704 2558 Praesta
1731 2484 1829 2558 nobis
1856 2486 2002 2560 Domine
2024 2497 2055 2559 ut

685 2612 880 2696 permoneat
914 2607 947 2673 in
983 2601 1081 2676 nobis
1113 2601 1301 2697 depositum
1336 2601 1442 2689 istud,
1474 2601 1596 2697 fiatque
1629 2600 1728 2674 nobis
1763 2601 1807 2674 ad
1834 2606 2054 2697 expiationem

686 2716 893 2806 delictorum,
919 2717 962 2790 ad
988 2721 1220 2791 remissionem
1246 2728 1472 2812 peccatorum,
1500 2727 1534 2790 et
1561 2718 1732 2791 advitam
1759 2739 1896 2805 novam,
1924 2741 1991 2790 non
2015 2717 2052 2789 ad

685 2832 1009 2923 condemnationem,
1036 2834 1096 2906 sed
1123 2833 1295 2906 advitam
1322 2844 1502 2905 aeternam.
1534 2833 1648 2928 Atque
1663 2843 1802 2930 propter
1818 2836 1930 2905 omnia
1948 2834 2051 2906 bene·
2162 2855 2166 2863 ·

684 2947 760 3019 licia
787 2957 842 3018 tua
869 2971 953 3040 erga
979 2971 1055 3036 nos,
1082 2950 1225 3040 gloriam
1252 2959 1446 3044 perpetuam
1472 2948 1657 3022 referemus
1684 2949 1755 3040 tibi,
1781 2949 1884 3020 Pater
1911 2959 2050 3034 aeterne,

685 3073 718 3133 et
743 3066 914 3156 unigenito
941 3064 1027 3137 Filio
1054 3074 1123 3156 tuo,
1150 3075 1184 3136 et
1209 3065 1346 3159 Spiritui
1371 3074 1429 3137 tuo
1456 3073 1583 3137 sancto.

788 3178 950 3271 Populus.
1003 3181 1124 3252 Amen.

786 3294 972 3367 Sacerdos.
1025 3296 1109 3367 Pax.

787 3408 949 3503 Popolur.
1002 3409 1046 3481 Et
1071 3433 1145 3481 cum
1173 3412 1289 3505 spiritu
1314 3421 1381 3484 tuo.

763 3524 975 3596 Diaconos.
1028 3525 1121 3598 Post.

785 3638 947 3733 Popolm.
1002 3639 1126 3713 Coram
1153 3650 1196 3711 te.
1248 3621 1253 3639 ⁸

784 3754 969 3828 Sacerdos.
1004 3754 1137 3827 Christe
1154 3755 1233 3830 Rex
1249 3755 1388 3849 gloriae,
1416 3756 1475 3828 tibi
1492 3753 1761 3827 commendamus
1776 3775 1909 3825 ornnem
1923 3755 2046 3847 guber-

672 3874 849 3942 nationem
876 3875 966 3944 vitae
992 3883 1150 3960 nostrae3
1184 3872 1315 3945 custodi
1340 3893 1403 3942 nos
1430 3892 1565 3958 omnes,
1600 3874 1645 3941 ita
1674 3880 1708 3939 ιιι
1735 3869 1855 3940 damno
1882 3893 1949 3942 non
1976 3872 2045 3942 alii-

680 3990 822 4074 ciamur,
856 4010 966 4082 neque
1002 3986 1212 4082 expoliemur
1245 3989 1287 4060 ab
1315 3987 1464 4060 hostibus
1492 3983 1716 4080 spiritualibus
1744 3995 1800 4055 aut
1826 3985 2043 4058 sensibilibus:

644 4196 652 4205 ι
680 4111 714 4171 et
742 4105 914 4195 unicuique
940 4113 1091 4174 nostrum
1118 4102 1276 4174 auxilium
1310 4101 1467 4175 concede.
1521 4099 1723 4173 Universum
1755 4104 2045 4192 congregationem

680 4214 887 4289 adorantium
914 4228 947 4288 te
973 4217 1098 4289 robora
1125 4227 1159 4289 et
1185 4218 1317 4310 adjuva.
1371 4220 1481 4292 Senes
1515 4226 1663 4290 sustenta
1694 4237 1757 4309 per
1782 4219 1936 4288 virtutem
1962 4228 2042 4288 tuam

678 4354 850 4423 magnam:
881 4336 1027 4424 juvenes
1061 4344 1285 4429 temperantes
1314 4336 1406 4408 effice
1432 4356 1495 4429 per
1521 4332 1706 4406 custodiam
1733 4328 1924 4421 diligentem
1949 4342 2041 4402 tuam.

677 4446 808 4520 Pueros
841 4449 951 4540 cnidi,
988 4460 1022 4520 et
1054 4449 1159 4521 educa
1192 4454 1225 4521 in
1259 4450 1409 4522 doctrina
1443 4448 1572 4520 divina:
1606 4457 1640 4518 et
1670 4468 1733 4518 nos
1766 4468 1882 4520 omnes
1908 4446 2043 4538 obsigna

678 4585 778 4633 onice
806 4574 861 4635 tua
888 4568 1027 4636 victrice
1055 4575 1090 4636 et
1115 4564 1349 4660 insuperabili:
1376 4575 1411 4637 ut
1436 4588 1497 4659 pro
1524 4565 1587 4637 illis
1614 4561 1766 4635 omnibus
1787 4563 1967 4636 referamus
1988 4560 2041 4632 tibi

676 4678 818 4770 gloriam
846 4690 880 4752 et
905 4680 1047 4769 laudem,
1075 4690 1108 4752 et
1134 4681 1226 4753 Patri
1251 4690 1321 4771 tuo,
1349 4691 1382 4753 et
1407 4681 1544 4775 Spiritui
1570 4689 1686 4753 sancto
1708 4689 1781 4749 tuo.

1114 4933 1611 4979 w*
