4525 6034
673 566 821 640 XXXIV
1190 577 1572 658 sussurratio

671 753 820 829 Maronis
836 763 1029 852 autoritate,
1054 785 1152 857 quem
1172 763 1403 857 inLiturgiam
1417 765 1537 838 lacobi
1560 780 1813 843 commentatum
1834 777 2045 871 essequinto

672 875 809 948 saeculo
853 879 988 971 saepius
1020 878 1219 969 inculcavit,
1259 882 1408 975 virisque
1442 881 1643 957 doctissimis
1675 890 1843 981 persuasit
1876 888 2046 963 Abraham

670 987 897 1080 Echellensis,
911 1014 957 1063 ex
973 991 1056 1065 lutili
1071 1004 1105 1066 et
1118 993 1191 1068 aliis
1203 994 1426 1068 Orientabbus
1442 999 1611 1091 incognita
1624 1000 1864 1075 Maronitarum
1877 1008 2045 1101 opinione.

377 1111 456 1164 uiro
469 1110 583 1183 lituris
597 1121 656 1167 aare
776 1104 885 1178 hlarci
910 1107 1081 1201 Liturgia,
1109 1132 1185 1181 cum
1211 1108 1386 1186 Ecclesiae
1412 1113 1663 1189 Alexandrinae
1680 1122 1815 1214 propria
1832 1118 1941 1211 luerit,
1969 1126 2046 1217 quin

344 1197 557 1338 mmm
583 1198 655 1255 ⁰⁰¹¹·
669 1222 792 1295 idcirco
829 1247 849 1296 a
881 1227 1015 1296 nominc
1045 1224 1286 1319 Evangelistae
1313 1228 1480 1325 appellata
1506 1234 1566 1321 sit,
1594 1231 1734 1306 dubitari
1763 1257 1831 1308 non
1861 1246 1987 1331 potest:
2012 1248 2047 1310 et

431 1321 439 1337 ⁹
669 1340 790 1413 eodem
816 1343 949 1412 circiter
975 1352 1126 1438 tempore
1154 1342 1427 1439 scriptamiuissa
1442 1347 1622 1419 verisimile
1637 1359 1707 1438 est,
1736 1349 1852 1424 saltem
1871 1362 2045 1448 antequam

669 1480 733 1554 per
766 1457 967 1531 Dioscorum
1000 1457 1156 1531 Ecclesia
1188 1458 1242 1532 illa
1276 1461 1359 1532 duas
1390 1463 1423 1532 in
1455 1471 1567 1556 partes
1601 1464 1823 1551 divideretur,
1863 1490 1949 1563 quae
1982 1466 2046 1540 huc

668 1595 775 1668 usquc
806 1571 927 1644 nullam
960 1571 1084 1645 habent
1109 1576 1196 1647 iuter
1222 1597 1260 1649 se
1287 1580 1562 1649 communionem.
1591 1577 1707 1676 ltaque
1734 1582 1822 1676 quod
1849 1583 1963 1679 Syris,
1999 1587 2046 1656 ita

669 1696 703 1762 et
727 1688 906 1784 Aegyptiis
932 1711 996 1761 nsu
1023 1692 1134 1774 venit,
1161 1701 1197 1762 ut
1222 1689 1381 1762 haeretici
1398 1692 1659 1783 sacramentalia
1675 1694 1781 1769 officia
1798 1696 1889 1771 ieras
1911 1720 2045 1794 expor-

669 1815 796 1893 tarent,
830 1826 898 1875 non
925 1813 960 1875 ut
986 1803 1175 1878 Orthodoxi
1202 1805 1377 1901 quidquam
1405 1807 1447 1880 ab
1474 1809 1537 1880 illis
1570 1815 1779 1905 acciperent,
1814 1813 1903 1908 quod
1935 1837 2045 1910 neque

667 1919 797 1992 sinebat
823 1920 973 1993 haeresis
1001 1921 1128 2009 odium,
1155 1944 1265 2016 neque
1291 1922 1400 1994 locum
1428 1924 1515 2020 apud
1541 1928 1625 1998 istos
1646 1925 1772 2001 habere
1788 1939 1938 2023 poterat:
1965 1954 2042 2004 nam

666 2036 823 2109 Ecclesia
849 2035 1015 2131 quondam
1041 2034 1296 2125 florentissima,
1323 2037 1559 2113 Eucharisticis
1586 2041 1810 2133 orationibus,
1847 2055 1882 2116 et
1907 2044 2042 2138 reliquis

666 2152 710 2225 ad
737 2151 924 2225 Sacerdotii
951 2150 1152 2224 functionem
1178 2150 1311 2244 legibus
1338 2164 1372 2225 et
1398 2157 1551 2229 histitutis
1580 2155 1711 2230 abunde
1737 2163 1913 2249 instructa,
1940 2158 2042 2254 quid-

666 2292 764 2364 quam
792 2267 834 2340 ab
862 2268 933 2339 aliis
962 2266 1076 2339 doceri
1101 2289 1187 2363 opus
1213 2290 1281 2339 non
1307 2267 1461 2343 habebat.
1487 2270 1614 2343 Eadem
1643 2283 1720 2369 post
1753 2274 1879 2370 alicprot
1907 2276 2041 2349 saecula

666 2384 755 2478 apud
781 2394 908 2480 partem
937 2382 1165 2456 orthodoxam
1193 2393 1227 2456 et
1252 2384 1470 2458 lacobiticam
1497 2386 1698 2461 observatur
1724 2412 1896 2463 sacrorum
1922 2390 2040 2479 forma,

668 2502 820 2595 quamvis
847 2500 880 2570 in
908 2498 1042 2572 diuersa
1069 2499 1200 2592 lingua,
1227 2522 1300 2570 cum
1328 2501 1504 2574 lacobitae
1531 2501 1670 2599 Coptica
1689 2527 1795 2600 prope
1817 2504 1940 2602 ubique
1954 2507 2040 2595 sola,

666 2618 856 2691 Orthodoxi
883 2618 1016 2692 Graeca
1046 2628 1226 2692 uterentur.
1280 2620 1338 2690 Isti
1364 2616 1546 2709 Liturgiam
1581 2642 1675 2692 suam
1707 2624 1840 2692 nomine
1866 2621 1908 2693 D.
1935 2621 2041 2693 blarci

551 2728 557 2737 “
666 2733 947 2826 designaverrmt,
975 2745 1008 2807 et
1033 2737 1164 2807 unicam
1191 2733 1394 2807 babuerunt:
1428 2758 1469 2806 ea
1500 2738 1587 2806 enim
1614 2745 1667 2810 est
1697 2736 1739 2808 de
1773 2760 1837 2831 qua
1870 2739 2040 2811 consultus

665 2848 727 2921 fruit
753 2850 933 2924 Balsamon
965 2875 984 2923 a
1019 2850 1138 2923 Marco
1165 2851 1355 2922 Patriarcha
1381 2851 1634 2941 Alexandrino,
1661 2874 1737 2924 nam
1764 2856 1793 2924 is
1821 2861 1892 2924 erat
1910 2852 2040 2927 Ortho-

666 2964 786 3041 donus.
841 2966 995 3063 Coptitae
1021 2988 1129 3056 vero,
1157 2990 1218 3041 seu
1244 2965 1437 3056 Jacobitae,
1468 2971 1603 3061 primam
1631 2976 1665 3039 et
1689 2971 1921 3064 praecipuam,
1956 2992 2043 3064 quae

665 3082 867 3177 reliquarum
894 3083 1031 3155 duarum
1059 3084 1148 3173 (tres
1175 3086 1263 3154 enim
1289 3080 1430 3172 hahent)
1458 3081 1576 3155 Canon
1604 3106 1682 3155 esse
1709 3085 1817 3172 solet,
1844 3083 1968 3155 Basilio
1984 3094 2042 3154 at-

640 3194 825 3270 tribuunt:
855 3200 977 3272 alteras
1005 3197 1174 3290 Gregorio
1202 3196 1398 3289 Theologo,
1425 3207 1459 3267 et
1486 3197 1614 3293 Cprillo
1641 3198 1882 3270 Alexandrino.

358 3329 651 3400 cartacobiuoltegy-
768 3314 874 3406 Hujus
902 3314 1177 3387 denominationis
1214 3317 1377 3385 rationem
1413 3314 1555 3407 aliquam
1588 3314 1645 3386 vel
1682 3313 1871 3385 devinando
1904 3317 2039 3408 assequi

340 3420 484 3515 ΜΨ
504 3415 649 3515 ,ΜΨ
662 3429 796 3502 difficile
827 3439 901 3502 est:
935 3450 1001 3501 una
1036 3453 1074 3502 se
1110 3428 1207 3500 ollert
1233 3453 1330 3524 quam
1358 3438 1392 3500 ut
1418 3420 1641 3520 coniecturam
1671 3427 1874 3501 doctioribus
1901 3451 2039 3524 expen-

340 3500 438 3555 B⁸⁸¹¹¹⁰
452 3501 631 3556 ”mmm
663 3548 805 3619 dendam
831 3567 1068 3642 proponemus.
1120 3542 1205 3618 Cum
1233 3554 1350 3640 quarto
1378 3556 1412 3616 et
1439 3548 1551 3641 quinto
1578 3546 1735 3635 saeculo,
1770 3550 1799 3618 si
1832 3568 1900 3617 non
1933 3549 2038 3641 prius,

660 3663 834 3756 Liturgiae
859 3685 934 3733 eam
957 3683 1055 3756 quam
1077 3661 1140 3732 huc
1154 3683 1259 3757 usque
1275 3660 1608 3733 babueruntiormam
1629 3665 1856 3758 accepissent,
1884 3661 2038 3734 Graecae

661 3778 838 3851 Ecclesiae
853 3776 1101 3849 Patriarchatus
1123 3774 1485 3872 Constantinopolitani
1518 3778 1600 3848 duas
1634 3789 1870 3873 susceperunt,
1898 3778 2036 3850 alteram

660 3896 792 3984 Basilii,
820 3895 956 3966 alteram
973 3892 1227 3989 chrysostomi,
1253 3915 1350 3987 quem
1378 3898 1460 3964 ritus
1487 3892 1531 3963 ad
1556 3915 1652 3964 usum
1664 3893 1840 3965 Ecclesiae
1862 3897 1915 3965 cui
1929 3917 2036 3989 prae-

659 4009 792 4085 sidebat
818 4011 1013 4099 ordinasse,
1040 4031 1108 4080 non
1134 4030 1222 4080 vana
1243 4009 1448 4081 Graecorum
1467 4008 1599 4081 traditio
1622 4020 1683 4081 est.
1711 4008 1796 4080 Nam
1810 4009 1865 4080 illa
1881 4008 2036 4080 Ecclesia

661 4126 726 4198 huc
752 4149 858 4222 usque
884 4127 991 4198 nullas
1019 4125 1102 4197 alias
1118 4124 1287 4215 Liturgias
1314 4128 1503 4220 usurpavit,
1531 4135 1564 4195 et
1590 4149 1652 4221 pro
1680 4148 1853 4220 suprema,
1882 4148 1980 4220 quam
2002 4129 2035 4196 in

658 4243 811 4316 Graecas
841 4242 979 4315 obtinuit
1014 4244 1207 4328 autoritate,
1241 4240 1385 4335 reliquas
1412 4239 1570 4312 abolevit.
1623 4241 1740 4332 Aegre
1766 4239 1920 4313 ierebant
1944 4240 2036 4312 Ale-

658 4340 815 4431 xandrini
841 4368 972 4430 auctam
997 4355 1102 4430 fuisse
1128 4358 1290 4448 majorem
1317 4360 1348 4428 in
1375 4356 1508 4429 modum
1536 4355 1727 4448 dignitatem
1746 4354 2036 4452 Constanthropo-

659 4472 784 4546 litanae
812 4473 917 4560 sedis,
946 4496 1032 4569 quae
1060 4472 1138 4544 olim
1164 4472 1351 4544 Heracleae
1377 4471 1548 4564 subiecta,
1577 4496 1621 4544 nc
1647 4471 1878 4567 bletropolcos
1904 4473 2034 4567 quidem

661 4589 823 4661 honorem
851 4588 1029 4662 obtinebat.
1083 4590 1199 4682 ltaque
1225 4586 1389 4661 turbatum
1415 4611 1482 4660 non
1510 4586 1615 4660 semel
1642 4586 1684 4660 ab
1712 4587 1775 4660 illis
1802 4598 1871 4677 est,
1898 4609 1973 4658 cum
1989 4609 2035 4658 en

663 4709 796 4800 antiqua
823 4729 884 4779 sua
910 4708 1148 4802 praerogativa
1174 4714 1338 4797 negarent
1370 4728 1409 4777 se
1444 4705 1659 4792 inconsultis,
1698 4703 1902 4800 Episcopum
1934 4701 2035 4775 Con-

661 4822 959 4916 stantinopolitanis
986 4822 1059 4893 dari
1085 4842 1197 4918 posse.
1224 4821 1261 4893 ln
1288 4820 1450 4892 loannem
1478 4818 1760 4916 Chrysostomum
1786 4821 1886 4891 nimia
1920 4816 2033 4890 ambi-

603 4998 610 5011 .
660 4938 751 5007 tione
785 4940 940 5032 peccavit
973 4937 1194 5032 multipliciter
1220 4935 1422 5032 Theophilus
1448 4935 1711 5008 Alexandrinus:
1744 4954 1853 5029 neque
1867 4933 2033 5029 ·Cprillus

660 5055 732 5144 ejus
767 5074 946 5125 successor
979 5062 1012 5123 et
1043 5074 1090 5122 ex
1119 5050 1224 5123 iratre
1256 5072 1362 5146 nepos
1406 5056 1587 5125 memoriae
1622 5055 1687 5123 viri
1722 5054 1920 5125 sanctissimi
1950 5053 2033 5123 satis
