4525 6034
560 579 613 656 ΑΙ)
638 579 845 657 musena
864 577 1059 659 tornensi
1077 583 1109 660 S.
1126 584 1273 662 annn.
1531 589 1602 665 171

228 761 468 825 existimandum.
491 763 588 826 Porro
611 770 741 844 quantus
769 762 868 826 honor
898 762 1099 829 Sacramentis
1122 766 1288 848 deleratur,
1310 768 1381 833 binc
1401 770 1472 835 licet
1494 774 1606 837 existi.-

225 875 324 938 mare,
348 861 430 941 quod
458 879 520 924 non
542 860 632 924 modo
660 869 821 942 postquam
851 873 1031 927 consecrata
1064 882 1174 929 novam
1201 867 1378 951 dignitatem
1406 882 1603 951 acceperunt,

224 959 285 1022 sed
308 960 396 1022 edam
418 977 479 1041 quo
501 967 652 1051 momento
681 961 829 1023 destinata
859 971 929 1025 suut
958 964 1108 1028 sacrificio
1130 964 1352 1043 Eucharistico,
1375 971 1475 1032 statim
1496 987 1603 1047 omnes

223 1057 279 1120 illa
303 1059 428 1139 speciali
452 1060 581 1140 quodam
604 1059 697 1137 cultu,
721 1067 752 1122 et
765 1060 872 1142 majori
888 1080 978 1142 quam
1000 1071 1047 1126 est
1061 1064 1233 1148 imaginum,
1257 1077 1494 1148 prosequuntur.
1517 1070 1603 1133 Unde

222 1160 259 1221 in
281 1158 408 1221 historia
428 1158 645 1221 Ecclesiastica
668 1157 875 1221 Alexandrina
898 1179 1003 1224 eorum
1019 1170 1088 1225 ante
1105 1166 1365 1228 consecrationem
1384 1166 1511 1247 prolana
1523 1186 1603 1231 con-

223 1257 357 1321 culcatio
386 1257 507 1337 piaculo
540 1256 649 1339 grand
677 1264 867 1337 accensetur,
897 1267 931 1321 ut
960 1268 1081 1323 constat
1109 1263 1250 1344 exemplo
1278 1264 1431 1346 eujusdam
1457 1266 1603 1348 Episcopi

223 1357 323 1435 Saca,
354 1358 405 1437 qui
428 1374 495 1418 cum
517 1353 641 1439 Δῶρον,
671 1354 731 1418 hoc
754 1364 801 1419 est
824 1356 954 1420 oblatam
973 1360 1036 1441 jam
1059 1359 1146 1423 altari
1169 1361 1281 1424 illatam
1302 1361 1447 1446 fregisset
1469 1374 1500 1429 et
1523 1384 1603 1429 can-

222 1457 388 1534 culcasset,
412 1455 567 1536 depositus
588 1464 644 1521 est.

315 1555 374 1617 Ubi
401 1574 475 1617 nen
502 1557 546 1616 ad
571 1555 670 1617 altare
696 1554 788 1617 rediit
815 1555 986 1631 Sacerdos,
1015 1559 1119 1619 onmia
1148 1577 1242 1621 sacra
1270 1578 1350 1622 naso
1375 1561 1485 1625 altaris
1510 1581 1603 1626 mana
1649 1582 1752 1636 nimam
1766 1588 1929 1654 sequentiam

223 1653 388 1729 nocant,
416 1661 449 1715 ut
478 1661 562 1716 notat
592 1652 730 1730 Gabriel,
768 1656 984 1735 constituetque
1009 1657 1127 1719 άὲοοοοι
1155 1660 1188 1719 in
1214 1659 1282 1720 laco
1310 1678 1383 1721 sno:
1417 1662 1544 1723 calicem
1569 1663 1603 1723 in
1616 1672 1742 1737 expositio
1757 1669 1928 1728 axGabriels.

222 1773 293 1827 sno,
316 1761 480 1832 postquam
506 1753 616 1814 solium
648 1771 703 1813 sen
727 1760 849 1831 portem
878 1753 1000 1816 wislae
1022 1756 1117 1817 altam
1137 1758 1298 1836 impositae
1325 1767 1478 1821 scrutatam
1497 1759 1602 1838 (nemi,

221 1870 334 1933 nempe
356 1871 397 1914 ne
419 1854 536 1916 moveri
559 1860 609 1915 aut
636 1850 749 1914 eilundi
775 1853 873 1931 possit
907 1853 987 1915 calix
1018 1855 1049 1916 ia
1077 1871 1115 1918 eo
1151 1855 1359 1919 collocandus.
1403 1856 1508 1937 quue
1534 1862 1602 1938 ipsa

221 1953 291 2014 laco
312 1945 449 2029 batilde,
471 1969 525 2013 sen
546 1952 689 2013 cochlear
708 1950 878 2026 calceabit,
900 1954 1059 2032 mappulas
1079 1972 1207 2034 quoqne,
1229 1955 1295 2016 sive
1318 1972 1354 2016 ea
1376 1973 1455 2035 quae
1477 1956 1603 2019 dicimus

221 2052 431 2135 purificatoria
453 2054 555 2116 lintea.
599 2053 656 2114 His
681 2054 818 2131 meantis
846 2050 984 2113 absolvet
1011 2054 1181 2114 orationsem
1205 2054 1454 2132 praeparationis
1487 2062 1517 2116 et
1549 2073 1603 2115 se»

222 2161 370 2233 quentem
415 2153 487 2214 lima
508 2138 695 2213 osculabitur
717 2152 827 2225 altare,
849 2151 1047 2231 respicietqne
1067 2153 1111 2212 ad
1132 2150 1335 2231 Occidentem,
1364 2161 1399 2215 nt
1425 2152 1518 2232 eliqat
1540 2170 1604 2230 pa-

221 2271 290 2313 nem
312 2251 559 2314 Eucharisticnms
581 2270 636 2312 sen
663 2249 791 2330 Aquam,
820 2250 873 2328 qni
897 2257 945 2310 est
965 2251 1059 2328 panis
1084 2252 1311 2329 propositionis,
1338 2270 1424 2331 qoem
1445 2251 1605 2330 diliqesnter

222 2352 385 2429 rependet,
406 2370 478 2411 nam
499 2352 541 2410 sit
561 2348 666 2428 Apnns
687 2351 813 2428 mteper,
835 2366 951 2422 meeis,
973 2347 1087 2428 absqne
1107 2349 1192 2410 citio.
1214 2348 1256 2410 Et
1276 2351 1408 2428 accipiet
1427 2368 1495 2411 man
1512 2356 1604 2429 past·

223 2468 314 2530 mam
335 2451 382 2511 ita
403 2449 591 2527 espmderit,
613 2448 735 2527 ejnsqm
756 2463 898 2507 auersam
917 2454 1036 2524 partem
1055 2465 1159 2525 parma
1179 2449 1290 2509 mmda
1312 2449 1418 2510 briter
1439 2448 1602 2528 absterpet,

222 2547 412 2611 scalabim
432 2566 509 2622 men,
530 2545 747 2625 euocatisque
768 2545 811 2606 ad
832 2545 973 2606 omnam
994 2545 1105 2607 altaris
1113 2554 1244 2625 panem,
1257 2547 1324 2609 celo
1345 2549 1463 2609 sericeo
1485 2555 1603 2610 tectam.

222 2646 890 2727 Eaplerabitqaoqnecinamanrectese
916 2641 1200 2723 mtemqmmm
1226 2646 1316 2724 hem
1342 2646 1648 2725 atiqnmnmje'
1736 2678 1747 2697 ·

215 2741 823 2825 jnmsm,cacamanneceopntstobit.
873 2742 1456 2823 ermsqnippesisaporemnnstat,
1485 2751 1604 2805 acetmn

221 2846 271 2923 tit:
294 2842 408 2904 Oblata
429 2844 460 2904 si
479 2842 543 2903 alia
563 2860 626 2905 non
646 2842 818 2920 reperiatur
830 2859 871 2901 es
891 2841 1071 2901 necessitate
1092 2838 1200 2919 offen-i
1217 2849 1326 2920 potest,
1348 2842 1439 2903 modo
1459 2848 1604 2904 naturam

224 2961 312 3004 saum
331 2943 426 3020 panis
446 2959 508 3003 non
529 2941 675 3001 ammonit.
719 2938 803 3000 Haec
831 2935 965 3017 Gabriel,
992 2938 1023 2999 ia
1047 2937 1156 3018 quibus
1178 2939 1501 3027 multacomplectitur
1523 2958 1602 3020 quae

225 3058 285 3103 aon
310 3040 420 3103 eodem
442 3039 512 3102 loco
536 3045 566 3100 ct
589 3038 836 3118 temporalium:
859 3037 935 3099 Nam
958 3043 990 3097 ut
1013 3038 1217 3117 exsuperius
1240 3039 1328 3101 dictis
1351 3045 1444 3120 patet,
1468 3038 1506 3100 ad
1524 3039 1604 3101 Pro-

223 3139 324 3201 thesin
347 3138 440 3201 tiebat
462 3138 703 3218 experimentum
726 3135 854 3198 Oblatae
876 3136 1005 3199 etvini:
1028 3136 1082 3197 scd
1106 3152 1175 3197 curn
1197 3136 1255 3199 alia
1278 3156 1347 3200 csse
1371 3137 1502 3217 potuerit
1524 3137 1602 3198 ratio

225 3237 431 3300 solennissimi
459 3237 715 3299 caeremoniarum
745 3243 925 3315 apparatus,
955 3241 986 3295 et
1009 3235 1085 3295 ritus
1108 3235 1274 3314 quotidiani
1297 3237 1328 3297 in
1350 3234 1515 3299 minoribus
1538 3234 1604 3297 Ec-

224 3336 347 3415 clesiis,
375 3336 586 3416 complectitur
612 3334 689 3396 haec
723 3334 831 3417 regula
862 3350 1070 3414 quaecumque
1100 3332 1137 3395 ab
1174 3332 1319 3397 Oratione
1347 3334 1602 3415 praeparationis,

224 3453 323 3516 usque
346 3433 385 3496 ad
408 3433 640 3497 collocationem
662 3432 746 3496 Disci
769 3439 800 3494 ct
821 3432 932 3497 Calicis
955 3433 986 3493 in
999 3430 1096 3506 attari,
1120 3431 1311 3494 observanda
1324 3440 1403 3495 sunt.
1428 3431 1495 3494 lanu
1510 3434 1603 3513 igitur

224 3540 354 3614 apparet
377 3534 465 3616 origo
488 3531 677 3596 diversarum
699 3531 815 3593 illarum
838 3531 1016 3607 lectionum,
1045 3547 1121 3610 quas
1152 3531 1236 3592 initio
1263 3529 1351 3613 hujus
1379 3539 1469 3594 notae
1492 3530 1603 3593 retuli-

224 3651 300 3694 mus.
345 3632 439 3694 Recta
468 3640 499 3694 et
527 3632 650 3712 antiqua
680 3637 729 3693 est
757 3648 845 3710 quam
876 3629 950 3692 Cod.
981 3627 1097 3710 Regius
1129 3635 1160 3690 et
1181 3636 1286 3691 noster
1315 3629 1469 3706 exhibent,
1493 3628 1603 3691 Oratio

222 3732 412 3811 protheseos,
435 3739 486 3793 aut
508 3750 600 3810 suspen
616 3729 791 3809 perstiterim
813 3746 923 3809 nempe
946 3728 984 3790 ad
1006 3744 1140 3789 mensam
1162 3745 1218 3790 seu
1235 3727 1331 3790 altare
1344 3729 1451 3806 minus,
1475 3735 1507 3789 ut
1529 3726 1603 3789 illud

224 3838 346 3907 vocant,
371 3830 506 3911 quamuis
529 3829 705 3910 improprie,
729 3846 797 3890 cum
820 3829 850 3890 iu
874 3846 910 3889 ea
933 3826 1116 3888 sacrificium
1138 3843 1199 3888 non
1222 3826 1376 3890 offeratur.
1415 3826 1500 3889 Tunc
1523 3827 1603 3888 enim

227 3929 335 3992 dicitur
357 3927 433 3990 haec
456 3929 565 4003 oratio,
588 3945 657 3990 cum
679 3927 717 3989 ad
739 3944 807 3989 eam
829 3925 980 3990 Sacerdos
1004 3925 1134 4002 accedit,
1157 3924 1386 4006 offerunturque
1409 3927 1467 4006 ipsi
1489 3943 1507 3986 a
1526 3924 1603 3987 Dia-

226 4029 311 4090 conis
334 4027 421 4106 panis
450 4044 518 4088 cum
541 4025 637 4104 deco,
668 4034 700 4088 ct
721 4026 823 4088 vinum
845 4026 876 4088 ia
899 4023 1038 4105 ampulla,
1069 4042 1148 4104 quae
1177 4041 1243 4085 cum
1266 4025 1327 4087 illic
1349 4023 1540 4105 expenderit,
1564 4041 1602 4086 ea

226 4144 315 4207 quam
337 4126 554 4206 descripsimus
577 4144 698 4207 pompa,
721 4123 759 4187 ad
781 4124 877 4187 altare
899 4122 1087 4185 deierantur.
1132 4122 1209 4195 Quia
1231 4142 1306 4185 vcro
1328 4112 1503 4209 Πρόθεοις
1521 4140 1601 4200 pru-

221 4225 404 4304 positionem
433 4225 599 4306 significat,
630 4232 660 4287 et
689 4225 873 4298 illationem;
906 4222 1025 4285 Arabes
1053 4223 1238 4301 interpretes
1267 4240 1374 4285 vocem
1401 4220 1602 4283 adhibuerunt

225 4323 292 4384 usui
315 4323 416 4403 potius
439 4323 623 4404 quotidiano,
636 4323 723 4404 cujus
745 4329 840 4385 testes
863 4329 965 4398 erant,
988 4338 1075 4400 quam
1100 4321 1211 4401 origini
1232 4319 1365 4384 Graecae
1388 4317 1601 4382 accommoda-

225 4428 301 4498 tam,
331 4440 442 4502 nempe
463 4422 612 4485 illationis
632 4440 689 4486 seu
711 4421 894 4499 Oblationis,
923 4422 993 4501 quia
1015 4429 1087 4483 tuac
1109 4440 1127 4483 a
1150 4420 1286 4484 Prothesi
1309 4421 1347 4484 ad
1369 4420 1466 4483 altare
1487 4436 1602 4500 proce-

225 4519 315 4583 debat
326 4520 490 4599 Sacerdos,
512 4529 544 4583 ct
565 4519 645 4584 dona
666 4520 825 4584 interebat.
848 4520 916 4582 Alia
939 4519 1069 4600 denique
1087 4519 1179 4582 lectio
1202 4538 1280 4599 quae
1298 4513 1478 4602 Προοίμιον
1498 4516 1601 4592 habet,

225 4621 322 4700 magis
345 4619 385 4681 ad
407 4619 559 4683 Orationis
581 4637 692 4701 genus,
715 4638 804 4700 quam
826 4618 985 4700 adipsum
1007 4618 1096 4681 ritum
1118 4616 1280 4681 referenda
1303 4624 1368 4680 est:
1391 4634 1466 4678 vere
1488 4617 1601 4697 quippe

225 4718 421 4799 prooemialis
444 4717 591 4799 quaedam
613 4718 806 4794 Oratioest,
836 4726 982 4780 aulaeas
1005 4717 1132 4779 dicenda
1156 4734 1235 4796 quae
1261 4716 1300 4778 ad
1321 4715 1502 4778 sacrificium
1524 4732 1601 4795 pro-

225 4819 293 4896 prie
315 4818 472 4898 pertinere
495 4817 668 4881 censendae
691 4825 770 4896 sunt,
795 4836 873 4898 quae
890 4817 979 4879 etiam
1000 4815 1131 4915 duplicis
1144 4815 1268 4898 generis
1292 4813 1502 4877 observantur.
1525 4809 1602 4872 Nam

229 4933 307 4996 quae
329 4917 368 4979 ad
385 4917 647 4981 consecrationem
664 4916 853 4980 efficiendam
874 4921 1023 4997 spectant,
1047 4923 1078 4978 et
1092 4916 1123 4978 in
1137 4912 1246 4995 quibam
1267 4912 1318 4975 illa
1337 4913 1502 4994 praecipue
1524 4926 1602 4971 cou-

228 5015 322 5095 sistit,
350 5015 421 5078 illae
449 5016 594 5097 incipiunt
621 5016 659 5079 ab
690 5035 727 5079 ea
753 5015 909 5100 Liturgiae
938 5021 1026 5096 parte
1057 5032 1135 5094 quae
1157 5010 1376 5075 Praefationem
1403 5019 1435 5074 ct
1460 5010 1602 5091 hymnum
