4525 6034
724 574 823 651 DE
852 569 1361 649 IJTURGIARUM
1391 565 1897 646 ORIENTALIUM
1934 561 2233 640 ORIGINE
2269 561 2364 636 ET
2392 557 2887 637 AUTORITATE.
3016 551 3182 625 XIX

442 762 888 838 monumentis
942 766 1219 857 apparet
1236 808 1259 846 ‚
1313 777 1434 828 eas
1486 751 1838 825 traditione
1892 760 2203 848 acceptas
2255 747 2384 823 huc
2435 769 2648 842 usque
2712 745 3184 832 conservavit;

441 901 583 952 non
638 874 1022 951 melioribus
1076 871 1424 946 substituit.

664 1043 976 1116 Osculum
1027 1042 1212 1135 pacis
1233 1092 1255 1128 ‚
1309 1049 1378 1109 et
1431 1039 1768 1111 orationes
1821 1032 2068 1128 aliquot
2121 1041 2469 1127 antequam
2498 1028 2723 1118 detur,
2776 1050 3188 1123 repraesen-
3217 1037 3458 1091 Osculum
3495 1035 3658 1102 pacis.

442 1171 586 1233 tant
645 1181 878 1232 omnes
912 1154 1286 1228 Orientales
1338 1152 1718 1245 Liturgiae;
1773 1160 1841 1222 et
1890 1148 2046 1220 illud
2081 1147 2439 1220 secundum
2496 1168 2722 1217 earum
2782 1146 3188 1246 disciplinam

442 1280 724 1351 Actioni
777 1296 1012 1349 sacrae
1063 1273 1391 1367 praemitti
1444 1270 1648 1342 solet:
1703 1289 1852 1339 cum
1903 1265 2211 1338 Romano
2274 1266 2402 1334 ritu
2468 1285 2607 1358 pax
2670 1283 2805 1333 non
2857 1265 2985 1334 nisi
3038 1272 3192 1335 ante

446 1395 1008 1468 Communionem
1061 1388 1205 1459 dari
1257 1386 1529 1478 soleret,
1576 1388 1712 1477 Jam
1766 1381 1851 1454 ab
1907 1391 2125 1453 aetate
2149 1381 2508 1452 Innocentii
2541 1379 2590 1451 1.
2681 1378 2819 1450 Sed
2853 1400 2985 1473 quo
3038 1378 3190 1451 loco

444 1511 649 1582 detur
703 1505 1001 1580 osculum
1053 1505 1240 1601 pacis
1260 1557 1282 1593 ‚
1335 1524 1568 1598 parum
1618 1499 1843 1571 refert.
1949 1497 2276 1570 Servatur
2327 1496 2483 1568 illud
2529 1498 2881 1567 etiamnum
2910 1497 2976 1565 in
3012 1492 3192 1567 Mis-

443 1629 544 1697 sis
618 1622 1045 1697 solennibus:
1124 1623 1191 1691 in
1264 1618 1539 1692 Oriente
1610 1605 1880 1712 semper
1944 1614 2165 1686 datur:
2232 1613 2635 1686 sustulerunt
2715 1610 2869 1682 illud
2941 1609 3193 1683 Prote-

443 1751 747 1831 stantes‚
801 1741 1098 1835 quamvis
1153 1736 1236 1808 ab
1306 1738 1453 1830 ipso
1509 1732 1839 1830 Apostolo
1893 1730 2102 1803 Paulo
2168 1733 2366 1803 toties
2431 1729 2999 1818 commendatum,
3067 1750 3195 1821 qua

440 1862 717 1930 ratione
771 1855 1250 1951 superstitionis
1303 1850 1461 1922 illud
1514 1872 1867 1940 accusare.
1917 1871 2045 1921 nec
2096 1851 2164 1920 in
2218 1845 2660 1921 Orientalibus
2713 1868 2839 1917 nec
2891 1850 2958 1916 in
2989 1844 3190 1916 Lati-

439 1980 553 2048 nis
610 1982 911 2071 possunt.

668 2149 1009 2225 Praefatio
1064 2169 1234 2242 quae
1284 2149 1528 2219 initium
1598 2144 2003 2240 Anaphorae
2073 2146 2346 2241 proprie
2407 2144 2622 2216 dictae
2686 2144 2836 2215 sive
2906 2141 3196 2219 Canonis
3225 2156 3497 2209 Praefatio.

443 2282 596 2361 est,
656 2272 724 2342 in
779 2264 1079 2339 omnibus
1131 2266 1601 2358 cujuscumque
1650 2265 1814 2337 ritus
1866 2271 1979 2333 aut
2025 2261 2296 2355 linguae
2357 2260 2675 2352 Liturgiis
2735 2270 2952 2349 extat3
3023 2260 3200 2334 unde

439 2390 697 2462 merito
752 2379 898 2456 eam
947 2379 1325 2474 Anglicana
1372 2380 1683 2453 Ecclesia
1732 2381 2013 2452 retinuit.
2116 2377 2289 2451 Eam
2342 2387 2571 2475 aperte
2624 2378 2930 2471 designat
2980 2377 3201 2451 Justi—

440 2528 578 2580 nus
651 2503 913 2595 Mai-tyr
981 2499 1345 2590 gratiarum
1414 2496 1670 2569 scilicet
1737 2498 2065 2569 actionem
2133 2504 2524 2591 perpetuam
2602 2493 2686 2566 ad
2754 2494 2969 2567 Deum
2990 2545 3012 2582 ,
3076 2514 3201 2590 pro

445 2617 769 2695 omnibus
823 2617 967 2707 ejus
1001 2636 1169 2706 erga
1197 2612 1545 2685 humanum
1580 2634 1795 2706 genus
1824 2610 2199 2703 beneficiis,
2250 2613 2680 2701 creationem,
2730 2613 3199 2683 institutionem

443 2760 580 2834 per
637 2736 865 2826 legem
918 2741 986 2803 et
1035 2729 1443 2825 Prophetas,
1495 2729 1758 2802 tandem
1817 2729 2324 2802 Redemtiouem
2375 2750 2498 2823 per
2560 2727 2793 2801 Jesum
2848 2726 3203 2816 Christum,

446 2857 651 2946 cujus
709 2847 1017 2923 salutaris
1085 2846 1491 2943 dispensatio
1557 2854 2146 2936 commemoratum
2209 2843 2607 2939 tandemque
2668 2847 3052 2940 pervenitur
3122 2842 3206 2916 ad

448 2969 941 3044 institutionem
993 2962 1406 3035 Sacramenti
1454 2962 1908 3035 Eucharistiae
1927 3014 1949 3051 ,
2004 2985 2177 3057 quae
2230 2985 2326 3035 ex
2385 2961 2777 3053 Evangeliis
2796 3014 2821 3049 .‚
2887 2962 3209 3056 simulque

449 3088 633 3159 illius
689 3103 887 3154 sacra
936 3078 1148 3151 verba
1216 3101 1419 3175 super
1486 3078 1710 3152 oblata
1781 3079 1957 3150 dona
2023 3081 2401 3152 recitantur.
2509 3077 2727 3153 Obvia
2796 3089 2945 3150 sunt
3007 3081 3207 3151 testi-

451 3203 690 3276 monia
750 3205 1125 3270 sanctorum
1176 3194 1445 3268 Patrum
1499 3200 1608 3290 qui
1659 3195 1829 3267 hanc
1882 3197 2251 3267 orationem
2306 3196 2690 3289 designant3
2741 3205 2814 3267 ut
2839 3199 3008 3267 inter
3038 3194 3204 3266 alios

459 3316 894 3414 Cyprianus,
944 3310 1401 3404 Augustinus,
1454 3311 2014 3409 Chrysostomus‚
2080 3334 2314 3385 omnes
2370 3313 2669 3404 tandem,
2732 3333 3007 3408 quorum
3072 3311 3207 3383 ali·
3237 3327 3548 3392 neniam-131.
3584 3332 3677 3378 fas,
3705 3348 3749 3376 ε,
3773 3328 3849 3376 m.

459 3455 665 3530 quam
737 3429 940 3501 multa
991 3426 1199 3500 refert
1252 3427 1620 3502 cardinalis
1672 3431 1902 3521 Bona,
1972 3438 2041 3501 et
2103 3439 2372 3503 autores
2440 3451 2660 3501 rerum
2725 3428 3210 3523 Liturgicarum

456 3550 658 3623 varii.
768 3545 937 3619 Sunt
985 3566 1189 3640 porro
1244 3545 1308 3616 in
1362 3544 1616 3617 Latinis
1669 3544 2047 3620 Missalibus
2099 3545 2560 3620 Praefationes
2604 3545 2888 3638 multae,
2940 3570 3091 3619 cum
3144 3551 3213 3620 in

459 3665 862 3752 Gallicano,
918 3659 1312 3750 Gelasium,
1368 3660 1694 3752 Gothico⁹
1748 3660 2210 3751 Mosarabic0.,
2260 3662 2751 3754 Ambrosiano‚
2805 3667 2960 3759 quin
3014 3666 3214 3736 etiam

461 3781 938 3875 Gregoriano‚
991 3800 1129 3850 non
1180 3778 1379 3850 modo
1430 3782 1498 3849 in
1549 3779 1740 3853 festis
1811 3779 2234 3871 solennibus,
2303 3780 2426 3854 sed
2476 3783 2542 3852 in
2610 3779 2951 3871 omnibus,
3015 3791 3087 3851 et
3149 3783 3216 3852 in

460 3895 752 3991 singulis
803 3894 1168 3967 Dominicis
1223 3895 1596 3988 singulares
1648 3896 2109 3972 Praefationes
2163 3901 2535 3971 occurrant.
2640 3896 2739 3969 Ita
2811 3919 3075 3992 quoque
3145 3899 3213 3969 in

465 4015 760 4089 Graecis
827 4022 897 4083 et
963 4010 1408 4085 Orientalibus
1458 4011 1777 4106 Liturgiis
1829 4036 1963 4087 non
2013 4036 2142 4085 una
2195 4025 2266 4086 et
2316 4015 2549 4088 eadam
2601 4015 2856 4087 illarum
2912 4012 3214 4111 disposi-

463 4138 556 4205 tio
631 4139 760 4203 est.
876 4128 1025 4200 Una
1096 4127 1359 4223 quidem
1423 4129 1700 4223 singulis
1768 4134 2038 4228 propria
2106 4142 2243 4203 est:
2309 4135 2399 4204 ita
2464 4142 2534 4204 ut
2606 4131 2845 4204 Jacobi
2908 4129 3212 4223 Liturgia

466 4268 662 4321 suam
717 4242 1002 4335 habeat,
1073 4267 1231 4318 suas
1282 4244 1513 4318 Basilii
1569 4244 2162 4343 chrysostomique
2224 4248 2586 4341 Liturgiae.
2692 4249 2786 4320 At
2855 4246 3217 4321 secundum

467 4364 795 4451 LatinoS‚
845 4363 1008 4433 ritus
1063 4359 1473 4449 Gallicanus.
1526 4361 1905 4457 Romanus,
1961 4364 2317 4457 Gothicus,
2367 4363 2893 4454 AmbrosianuS‚
2960 4372 3027 4435 et
3081 4362 3219 4454 alii,

467 4480 702 4577 plures
756 4476 1218 4551 Praefationes
1284 4489 1805 4574 repraesentant.
1911 4482 2166 4555 Sensus
2231 4493 2455 4554 tamen
2526 4504 2793 4578 semper
2858 4480 3031 4552 idem
3086 4489 3215 4570 est,

467 4601 534 4670 in
590 4605 693 4669 tot
744 4595 1030 4667 diversis
1083 4594 1231 4666 Deo
1285 4598 1537 4687 gratias
1590 4597 1831 4691 agendi
1882 4597 2183 4672 formulis
2204 4652 2228 4690 .,
2282 4621 2452 4694 quae
2494 4620 2727 4672 omnes
2771 4596 3016 4691 hymno
3050 4596 3216 4669 An-

477 4714 701 4806 gelico
736 4711 1060 4799 Sanctus,
1109 4711 1602 4785 concluduntur.
1707 4716 1804 4788 At
1854 4714 2026 4788 illius
2055 4714 2488 4807 Doxologiae
2541 4737 2714 4810 quae
2753 4723 2939 4785 extat
2963 4716 3028 4785 in
3082 4737 3213 4787 sa-

480 4833 616 4903 cris
667 4829 909 4918 literis,
962 4837 1142 4900 tanta
1195 4839 1300 4902 est
1351 4834 1702 4927 antiquitas
1722 4885 1745 4924 ‚
1796 4842 1868 4904 ut
1918 4834 2096 4904 initia
2122 4831 2473 4905 Ecclesiae
2526 4830 2927 4904 antecedere
2966 4830 3215 4904 videa-

480 4956 621 5035 tur,
688 4967 837 5016 cum
902 4946 1274 5039 reperiatur
1344 4949 1410 5017 in
1473 4950 1752 5021 vetustis
1817 4948 2227 5021 Iudaicarum
2296 4951 2665 5022 orationum
2735 4946 2919 5021 libris
2940 5001 2961 5040 ‚
3033 4947 3207 5019 unde

482 5062 794 5135 fortassis
847 5063 1040 5156 primi
1095 5058 1445 5135 Christiani
1498 5064 1672 5138 illam
1728 5064 2212 5139 transtulerunt.
2631 5108 2636 5115 ·

2698 5180 2745 5254 3
2774 5183 2811 5218 {¹
