4525 6034
630 610 1168 688 tintinnalia.
1468 611 1575 684 ‘375

213 822 280 871 eum
305 800 388 870 inter
413 799 587 872 Jacobitas
614 800 838 891 gravissimae
865 796 1092 872 dissensiones
1120 810 1236 873 essent
1261 803 1351 871 circa
1379 797 1579 871 electionem

213 914 437 1003 Patriarebae,
473 913 562 987 Adel
597 914 755 987 Sultanus
799 913 1019 1004 consuluerit,
1053 925 1089 987 ut
1126 939 1224 1012 quem
1263 938 1390 989 morem
1425 914 1578 1007 Bagdadi

215 1031 294 1126 apud
323 1027 529 1104 Christianos
563 1031 830 1120 observaverat,
870 1053 946 1101 eum
979 1042 1206 1125 sequerentur.
1258 1032 1482 1125 Negaverunt
1506 1031 1579 1104 fieri

212 1148 241 1220 id
266 1147 349 1243 apud
376 1170 414 1219 se
439 1170 564 1243 posse,
598 1146 659 1219 sed
695 1146 783 1242 apud
818 1146 969 1219 Francos
1002 1145 1124 1219 licitum
1161 1151 1363 1236 existimari,
1398 1147 1485 1244 quod
1519 1158 1578 1219 ta-

137 1309 140 1312 -
212 1287 282 1334 uren
316 1262 437 1335 falsum
477 1286 574 1353 esse,
615 1262 735 1334 electio
777 1263 918 1334 loannis
951 1261 1102 1335 XLVIII.
1137 1264 1246 1336 multis
1283 1268 1378 1336 annis
1414 1266 1579 1337 vetustior

213 1382 285 1452 satis
311 1378 463 1451 ostendit.
515 1380 663 1451 loannes
689 1377 774 1452 lilius
802 1378 920 1452 Narsis
943 1376 1188 1452 Catholicorum
1215 1381 1484 1474 Bagdadensium
1510 1380 1579 1452 Lll.

214 1518 292 1567 anno
318 1494 349 1566 J.
384 1493 422 1566 C.
456 1492 766 1568 DCCCLXXXIV.
799 1498 844 1566 ita
876 1494 1003 1567 electus
1040 1496 1210 1569 scribitur:
1244 1508 1278 1570 et
1313 1497 1397 1570 alius
1429 1498 1579 1570 loannes

212 1615 405 1703 cognomine
444 1609 617 1684 Abu-isa
650 1609 737 1683 llll.
770 1633 857 1683 anno
890 1611 921 1684 J.
957 1609 995 1683 C.
1035 1611 1146 1684 lllVll.
1205 1614 1415 1687 Observatur
1455 1624 1580 1685 tantum

212 1728 289 1801 haee
315 1729 495 1802 diversitas
522 1728 611 1823 quod
638 1728 724 1825 apud
752 1727 991 1817 Nestorianos,
1019 1727 1164 1800 schedae
1191 1753 1210 1800 a
1237 1752 1319 1803 sene
1347 1739 1381 1801 et
1400 1734 1456 1825 qui
1472 1752 1580 1826 prope

212 1868 299 1917 usum
337 1846 510 1918 oculorum
553 1847 728 1930 amiserat,
771 1843 962 1940 Episcopo,
1002 1847 1036 1915 in
1078 1843 1191 1917 ultima
1236 1846 1401 1918 electione
1440 1846 1580 1919 eductae

212 1974 297 2051 sunt,
324 1974 391 2034 tum
419 1962 508 2058 quod
535 1964 690 2055 inscripta
717 1960 850 2033 fuerunt
876 1964 1020 2055 quinque
1047 1960 1299 2034 candidatomm
1325 1965 1476 2050 nomina,
1503 1965 1580 2058 pri-

213 2101 324 2174 maque
351 2081 501 2168 sortitio,
528 2100 570 2149 eo
599 2076 686 2171 quod
713 2075 838 2150 fraudis
865 2080 1014 2173 suspicio
1041 2079 1165 2169 injecta
1191 2076 1318 2174 luerat,
1351 2079 1444 2150 irrita
1470 2079 1581 2151 habita

213 2201 263 2268 sit:
289 2194 322 2266 id
349 2195 439 2290 quod
467 2195 553 2289 apud
565 2195 757 2290 Aegyptios
773 2216 940 2289 nunquam
958 2192 1123 2266 accidisse
1142 2192 1295 2286 legimus
1335 2193 1425 2266 Illius
1449 2216 1582 2289 quoque

214 2311 401 2407 disciplinae
426 2321 530 2383 testes
558 2320 634 2382 suut
659 2309 865 2384 Ebnassalus
893 2320 926 2382 et
954 2309 1167 2397 Abulbircat‚
1196 2322 1295 2406 atque
1323 2333 1369 2382 ex
1385 2332 1500 2382 eorum
1522 2321 1580 2382 te-

213 2432 359 2501 stimonio
386 2426 548 2500 refellitur
576 2429 734 2498 autoritas
762 2449 849 2521 quae
876 2450 922 2499 ex
955 2426 1094 2499 historia
1127 2425 1301 2499 electionis
1333 2426 1451 2523 Cprilli
1486 2429 1581 2499 istius

213 2543 266 2617 lilii
291 2544 434 2617 Laldaki
461 2544 537 2615 duci
562 2552 694 2638 posset,
723 2545 800 2637 quia
826 2554 903 2615 tunc
930 2545 1002 2635 ejus
1035 2543 1185 2616 lautores
1221 2554 1431 2637 negaverunt
1465 2564 1581 2615 coram

211 2665 353 2757 principe
396 2658 462 2733 tale
506 2658 680 2754 quidquam
726 2658 812 2754 apud
853 2657 1004 2756 Coptitas
1048 2661 1211 2756 usurpari.
1274 2661 1329 2733 Au
1367 2658 1430 2730 huc
1475 2681 1581 2754 usque

212 2801 249 2848 ea
288 2776 496 2850 consuetudo
541 2784 678 2848 servata
710 2774 798 2869 apud
832 2773 983 2870 Coptitas
1016 2775 1132 2866 fuerit,
1168 2775 1266 2848 nobis
1297 2775 1476 2848 obscurum
1510 2784 1581 2848 est:

212 2894 268 2965 sed
294 2901 451 2989 quantum
478 2914 524 2963 ex
551 2890 624 2962 aliis
651 2911 862 2982 cognoscere
887 2895 1071 2986 potuimus,
1097 2891 1183 2964 adeo
1199 2891 1393 2987 proculcata
1408 2902 1460 2964 est
1473 2894 1581 2983 jama

212 3010 324 3083 Turris
351 3008 525 3103 disciplina
552 3009 658 3080 omnis
684 3005 942 3098 Ecclesiastico,
969 3019 1003 3079 ut
1023 3008 1147 3080 nullum
1166 3031 1274 3105 prope
1300 3011 1478 3100 vestigium
1494 3005 1581 3078 illius

212 3131 359 3222 supersit
388 3124 474 3197 Nam
489 3124 627 3214 Bassae,
646 3125 720 3196 sive
738 3122 918 3212 Praefecti,
947 3129 1001 3219 qui
1018 3124 1306 3219 Constantinopoli
1325 3126 1492 3196 mittuntur
1507 3146 1581 3194 cum

213 3266 333 3316 summa
350 3245 540 3327 autoritate,
566 3248 752 3312 1111111111
769 3239 801 3311 id
817 3240 1002 3333 designent,
1030 3252 1065 3312 ut
1079 3241 1242 3314 exhausta
1256 3243 1430 3336 provincia
1445 3240 1580 3312 ditiores

213 3358 343 3449 abeant,
372 3358 568 3432 Christianis
596 3360 625 3429 si
650 3354 748 3428 ullam
774 3355 961 3452 relinquunt
988 3357 1186 3431 electionum
1211 3356 1418 3445 libertatem,
1446 3343 1487 3428 ea
1513 3378 1580 3428 non

212 3479 269 3548 nisi
303 3479 455 3573 pecuniis
492 3473 677 3562 obtinetur,
713 3483 812 3568 atque
845 3483 880 3544 ut
906 3473 1154 3570 plurimum,·is
1182 3474 1314 3568 eligitur
1350 3477 1406 3568 qui
1432 3495 1581 3569 praece-

212 3603 296 3687 ptum
324 3616 344 3663 a
373 3590 623 3664 Mubamedanis
649 3587 761 3679 habet,
788 3612 854 3682 quo
873 3599 1004 3662 vetatur
1020 3589 1197 3685 Episcopis
1224 3612 1267 3661 ne
1294 3589 1392 3662 alium
1421 3589 1581 3660 ordinent.

311 3708 368 3780 LI.
402 3705 467 3779 Ubi
501 3705 634 3779 tandem
667 3704 725 3776 vel
752 3717 844 3777 sorte
876 3706 932 3778 vel
971 3706 1213 3786 acclamatione
1251 3709 1395 3777 omnium
1430 3705 1582 3776 ordinum
1630 3717 1799 3771 11111111
1831 3715 1907 3769 eiecit

185 3799 347 3917 'alicujus
387 3821 637 3894 candidatorum
676 3819 796 3892 electio
837 3821 1053 3916 comprobata
1095 3821 1220 3911 fuerat,
1255 3821 1429 3895 clamando
1462 3843 1582 3915 nempe
1595 3804 1767 3857 ¹²¹“¹³f⁰¹¹³⁰·

204 3938 339 4028 Ἄξιος,
386 3950 442 4011 aut
473 3937 585 4029 lingua
621 3935 804 4009 vernacula
842 3935 975 4032 Dipone
1008 3944 1076 4009 cat:
1109 3948 1186 4009 tunc
1220 3960 1343 4009 nomen
1384 3941 1457 4031 ejus
1494 3960 1582 4034 pro-

211 4055 426 4127 nunciabatur
452 4053 494 4125 ab
521 4053 693 4148 Episcopo
720 4055 867 4141 seniore,
895 4056 949 4147 qui
975 4074 1064 4125 voce
1091 4057 1267 4149 perspicua
1299 4055 1342 4126 ad
1375 4055 1584 4145 sacerdotes,

212 4171 433 4268 populumque
458 4170 566 4242 verba
593 4166 746 4256 iaciebat,
773 4181 809 4241 ut
834 4172 946 4256 sciret,
974 4193 1016 4240 an
1043 4172 1075 4240 in
1103 4175 1176 4262 ejus
1209 4169 1407 4242 electionem
1434 4194 1584 4245 consen-

212 4290 317 4359 tirent.
344 4285 431 4358 Nam
458 4306 543 4380 opus
576 4295 649 4356 erat
679 4284 735 4355 vel
763 4288 927 4357 communi
956 4289 1099 4357 omnium
1135 4308 1319 4376 consensu,
1354 4286 1412 4358 vel
1447 4288 1584 4378 majoris
1708 4271 1711 4276 ¹

213 4403 329 4476 saltem
356 4405 480 4499 partis,
514 4423 589 4472 eam
615 4397 769 4495 probari,
795 4410 831 4472 ut
855 4402 1003 4494 legitima
1031 4400 1129 4473 soret.
1182 4400 1279 4473 Unde
1311 4425 1380 4475 non
1412 4402 1521 4476 solum
1552 4405 1585 4474 in

214 4522 318 4613 primo
346 4517 404 4591 illo
432 4516 604 4589 electionis
632 4527 719 4606 actu,
746 4540 865 4589 verum
892 4521 925 4588 in
953 4517 1186 4608 Ordinatione,
1212 4517 1402 4613 Episcopus
1429 4520 1485 4613 qui
1511 4541 1585 4590 eam

214 4634 407 4707 celebrabat
431 4654 499 4706 non
526 4632 630 4704 semel
656 4633 762 4705 officia
788 4633 1035 4722 intermittebat,
1063 4634 1104 4706 ad
1131 4635 1403 4727 interrogandum
1413 4633 1585 4730 populum,

215 4774 256 4821 an
282 4752 438 4822 electioni
470 4751 683 4820 consentiret.
717 4750 755 4822 ln
782 4772 848 4844 quo
876 4760 985 4822 autem
1013 4754 1214 4823 consisteret
1241 4749 1384 4843 dignitas
1412 4754 1503 4842 ejus,
1531 4754 1588 4846 qui

170 4862 176 4874 ’
215 4866 394 4939 secundum
419 4865 678 4938 Ecclesiasticus
704 4866 800 4959 leges
835 4866 877 4938 ad
909 4866 1169 4940 Patriarebatum
1202 4866 1341 4939 idoneus
1375 4867 1587 4956 censebatur,

211 4985 280 5073 jam
307 4981 405 5054 nobis
432 4981 665 5076 explicandum
696 4991 758 5055 est.
810 4982 880 5054 Eas
915 4983 1123 5057 conditiones
1157 4984 1274 5079 paucis
1306 4984 1502 5078 complexus
1536 4994 1589 5060 est

213 5095 440 5188 Ebnassalus,
476 5098 597 5192 Operis
638 5101 690 5171 sui
725 5097 922 5193 Theologici
955 5123 984 5172 1.
1013 5095 1091 5172 55⁰.
1125 5111 1159 5172 et
1194 5098 1283 5170 multi
1311 5098 1385 5192 alii,
1419 5114 1455 5174 ut
1487 5103 1588 5174 etiam
