<?xml version="1.0" encoding="UTF-8"?>
<!DOCTYPE html PUBLIC "-//W3C//DTD XHTML 1.0 Transitional//EN"
    "http://www.w3.org/TR/xhtml1/DTD/xhtml1-transitional.dtd">
<html xmlns="http://www.w3.org/1999/xhtml" xml:lang="en" lang="en">
 <head>
  <title>
</title>
<meta http-equiv="Content-Type" content="text/html;charset=utf-8" />
  <meta name='ocr-system' content='tesseract 3.04.00' />
  <meta name='ocr-capabilities' content='ocr_page ocr_carea ocr_par ocr_line ocrx_word'/>
</head>
<body>
  <div class='ocr_page' id='page_1' title='image "./liturgiarumorie00unkngoog/liturgiarumorie00unkngoog_1139.png"; bbox 0 0 4525 6034; ppageno 0'>
   <div class='ocr_carea' id='block_1_1' title="bbox 488 598 1587 716">
    <p class='ocr_par' dir='ltr' id='par_1_1' title="bbox 488 598 1587 716">
     <span class='ocr_line' id='line_1_1' title="bbox 488 598 1587 716; baseline -0.015 -15"><span class='ocrx_word' id='word_1_1' title='bbox 488 598 1327 701; x_wconf 80' lang='lat' dir='ltr'>Joruur&#39;snusoauusrs.</span> <span class='ocrx_word' id='word_1_2' title='bbox 1509 612 1587 716; x_wconf 75' lang='lat'>4313</span> 
     </span>
    </p>
   </div>
   <div class='ocr_carea' id='block_1_2' title="bbox 221 804 1594 3579">
    <p class='ocr_par' dir='ltr' id='par_1_2' title="bbox 221 804 1587 1135">
     <span class='ocr_line' id='line_1_2' title="bbox 223 804 1587 909; baseline -0.009 -23"><span class='ocrx_word' id='word_1_3' title='bbox 223 835 324 909; x_wconf 90' lang='lat' dir='ltr'>super</span> <span class='ocrx_word' id='word_1_4' title='bbox 350 821 472 884; x_wconf 89' lang='lat' dir='ltr'>terram</span> <span class='ocrx_word' id='word_1_5' title='bbox 496 813 591 886; x_wconf 88' lang='lat' dir='ltr'>visus</span> <span class='ocrx_word' id='word_1_6' title='bbox 618 820 671 882; x_wconf 89' lang='lat' dir='ltr'>est</span> <span class='ocrx_word' id='word_1_7' title='bbox 695 808 847 882; x_wconf 90' lang='lat' dir='ltr'>immunis</span> <span class='ocrx_word' id='word_1_8' title='bbox 874 833 896 881; x_wconf 93' lang='lat' dir='ltr'>a</span> <span class='ocrx_word' id='word_1_9' title='bbox 920 815 1074 903; x_wconf 89' lang='lat' dir='ltr'>peccato:</span> <span class='ocrx_word' id='word_1_10' title='bbox 1101 805 1263 879; x_wconf 85' lang='lat' dir='ltr'><strong>Dominus</strong></span> <span class='ocrx_word' id='word_1_11' title='bbox 1289 814 1323 877; x_wconf 90' lang='lat' dir='ltr'>et</span> <span class='ocrx_word' id='word_1_12' title='bbox 1347 804 1440 876; x_wconf 88' lang='lat' dir='ltr'>Deus</span> <span class='ocrx_word' id='word_1_13' title='bbox 1472 810 1587 875; x_wconf 88' lang='lat' dir='ltr'>nostor</span> 
     </span>
     <span class='ocr_line' id='line_1_3' title="bbox 221 924 1586 1020; baseline -0.006 -19"><span class='ocrx_word' id='word_1_14' title='bbox 221 929 322 1004; x_wconf 78' lang='lat' dir='ltr'>iesus</span> <span class='ocrx_word' id='word_1_15' title='bbox 349 926 499 1001; x_wconf 84' lang='lat' dir='ltr'>Christus</span> <span class='ocrx_word' id='word_1_16' title='bbox 524 930 712 1020; x_wconf 78' lang='lat' dir='ltr'>unigenitus</span> <span class='ocrx_word' id='word_1_17' title='bbox 738 924 841 998; x_wconf 87' lang='lat' dir='ltr'>Filius</span> <span class='ocrx_word' id='word_1_18' title='bbox 866 935 959 1012; x_wconf 86' lang='lat' dir='ltr'>tuus,</span> <span class='ocrx_word' id='word_1_19' title='bbox 985 944 1171 1020; x_wconf 88' lang='lat' dir='ltr'>perquem</span> <span class='ocrx_word' id='word_1_20' title='bbox 1198 944 1261 996; x_wconf 90' lang='lat' dir='ltr'>nos</span> <span class='ocrx_word' id='word_1_21' title='bbox 1295 943 1427 1017; x_wconf 88' lang='lat' dir='ltr'>quoqne</span> <span class='ocrx_word' id='word_1_22' title='bbox 1462 941 1586 1016; x_wconf 89' lang='lat' dir='ltr'>spera-</span> 
     </span>
     <span class='ocr_line' id='line_1_4' title="bbox 223 1054 625 1135; baseline -0.002 -19"><span class='ocrx_word' id='word_1_23' title='bbox 223 1067 316 1135; x_wconf 84' lang='lat' dir='ltr'>mus,</span> <span class='ocrx_word' id='word_1_24' title='bbox 343 1054 405 1116; x_wconf 81' lang='lat' dir='ltr'>etc.</span> <span class='ocrx_word' id='word_1_25' title='bbox 620 1057 625 1068; x_wconf 64' lang='grc'><em>“</em></span> 
     </span>
    </p>

    <p class='ocr_par' dir='ltr' id='par_1_3' title="bbox 325 1159 864 1254">
     <span class='ocr_line' id='line_1_5' title="bbox 325 1159 864 1254; baseline -0.006 -22"><span class='ocrx_word' id='word_1_26' title='bbox 325 1159 486 1254; x_wconf 78' lang='lat' dir='ltr'>Populus.</span> <span class='ocrx_word' id='word_1_27' title='bbox 540 1159 694 1248; x_wconf 81' lang='lat' dir='ltr'>Quietem</span> <span class='ocrx_word' id='word_1_28' title='bbox 720 1167 864 1254; x_wconf 86' lang='lat' dir='ltr'>praesta.</span> 
     </span>
    </p>

    <p class='ocr_par' dir='ltr' id='par_1_4' title="bbox 223 1271 1594 2745">
     <span class='ocr_line' id='line_1_6' title="bbox 327 1271 1594 1368; baseline -0.004 -22"><span class='ocrx_word' id='word_1_29' title='bbox 327 1274 503 1349; x_wconf 71' lang='lat' dir='ltr'>Sacerdos</span> <span class='ocrx_word' id='word_1_30' title='bbox 529 1276 666 1349; x_wconf 83' lang='lat' dir='ltr'>cienena</span> <span class='ocrx_word' id='word_1_31' title='bbox 691 1297 816 1347; x_wconf 81' lang='lat' dir='ltr'>coeam</span> <span class='ocrx_word' id='word_1_32' title='bbox 868 1271 911 1344; x_wconf 81' lang='lat' dir='ltr'>Et</span> <span class='ocrx_word' id='word_1_33' title='bbox 938 1272 980 1344; x_wconf 92' lang='lat' dir='ltr'>ad</span> <span class='ocrx_word' id='word_1_34' title='bbox 1004 1275 1107 1345; x_wconf 87' lang='lat' dir='ltr'>vitam</span> <span class='ocrx_word' id='word_1_35' title='bbox 1122 1271 1280 1368; x_wconf 79' lang='lat' dir='ltr'>deinceps</span> <span class='ocrx_word' id='word_1_36' title='bbox 1295 1279 1387 1344; x_wconf 87' lang='lat' dir='ltr'>recte</span> <span class='ocrx_word' id='word_1_37' title='bbox 1406 1272 1594 1352; x_wconf 58' lang='lat' dir='ltr'>instituam</span> 
     </span>
     <span class='ocr_line' id='line_1_7' title="bbox 223 1387 1587 1484; baseline -0.004 -19"><span class='ocrx_word' id='word_1_38' title='bbox 223 1392 299 1465; x_wconf 90' lang='lat' dir='ltr'>dam</span> <span class='ocrx_word' id='word_1_39' title='bbox 324 1391 485 1484; x_wconf 84' lang='lat' dir='ltr'>Domine,</span> <span class='ocrx_word' id='word_1_40' title='bbox 510 1396 636 1467; x_wconf 90' lang='lat' dir='ltr'>instrue</span> <span class='ocrx_word' id='word_1_41' title='bbox 661 1413 783 1466; x_wconf 90' lang='lat' dir='ltr'>servos</span> <span class='ocrx_word' id='word_1_42' title='bbox 809 1400 903 1480; x_wconf 88' lang='lat' dir='ltr'>tuos,</span> <span class='ocrx_word' id='word_1_43' title='bbox 929 1398 964 1461; x_wconf 86' lang='lat' dir='ltr'>et</span> <span class='ocrx_word' id='word_1_44' title='bbox 989 1388 1161 1461; x_wconf 91' lang='lat' dir='ltr'>oculorum</span> <span class='ocrx_word' id='word_1_45' title='bbox 1181 1390 1427 1481; x_wconf 73' lang='lat' dir='ltr'>evagationem,</span> <span class='ocrx_word' id='word_1_46' title='bbox 1452 1387 1587 1479; x_wconf 77' lang='lat' dir='ltr'>linguam</span> 
     </span>
     <span class='ocr_line' id='line_1_8' title="bbox 223 1503 1588 1606; baseline -0.004 -25"><span class='ocrx_word' id='word_1_47' title='bbox 223 1511 494 1606; x_wconf 80' lang='lat' dir='ltr'>protervitatem,</span> <span class='ocrx_word' id='word_1_48' title='bbox 520 1519 627 1582; x_wconf 89' lang='lat' dir='ltr'>tactus</span> <span class='ocrx_word' id='word_1_49' title='bbox 655 1530 807 1581; x_wconf 91' lang='lat' dir='ltr'>manuum</span> <span class='ocrx_word' id='word_1_50' title='bbox 834 1504 1036 1603; x_wconf 88' lang='lat' dir='ltr'>impudicos,</span> <span class='ocrx_word' id='word_1_51' title='bbox 1061 1503 1268 1601; x_wconf 87' lang='lat' dir='ltr'>voluptatem</span> <span class='ocrx_word' id='word_1_52' title='bbox 1294 1509 1393 1578; x_wconf 88' lang='lat' dir='ltr'>etiam</span> <span class='ocrx_word' id='word_1_53' title='bbox 1428 1528 1515 1601; x_wconf 89' lang='lat' dir='ltr'>qnae</span> <span class='ocrx_word' id='word_1_54' title='bbox 1542 1528 1588 1578; x_wconf 85' lang='lat' dir='ltr'>ex</span> 
     </span>
     <span class='ocr_line' id='line_1_9' title="bbox 225 1620 1589 1720; baseline 0 -25"><span class='ocrx_word' id='word_1_55' title='bbox 225 1624 472 1698; x_wconf 86' lang='lat' dir='ltr'>auditurorum</span> <span class='ocrx_word' id='word_1_56' title='bbox 498 1625 657 1697; x_wconf 89' lang='lat' dir='ltr'>maiamm</span> <span class='ocrx_word' id='word_1_57' title='bbox 683 1626 883 1720; x_wconf 88' lang='lat' dir='ltr'>percipitur,</span> <span class='ocrx_word' id='word_1_58' title='bbox 918 1620 1012 1693; x_wconf 86' lang='lat' dir='ltr'>aufer</span> <span class='ocrx_word' id='word_1_59' title='bbox 1042 1646 1063 1694; x_wconf 94' lang='lat' dir='ltr'>a</span> <span class='ocrx_word' id='word_1_60' title='bbox 1088 1620 1197 1694; x_wconf 88' lang='lat' dir='ltr'>nobis.</span> <span class='ocrx_word' id='word_1_61' title='bbox 1253 1621 1312 1695; x_wconf 91' lang='lat' dir='ltr'>Illa</span> <span class='ocrx_word' id='word_1_62' title='bbox 1346 1626 1445 1695; x_wconf 91' lang='lat' dir='ltr'>etiam</span> <span class='ocrx_word' id='word_1_63' title='bbox 1478 1646 1589 1718; x_wconf 91' lang='lat' dir='ltr'>quae-</span> 
     </span>
     <span class='ocr_line' id='line_1_10' title="bbox 225 1736 1590 1839; baseline -0.002 -26"><span class='ocrx_word' id='word_1_64' title='bbox 225 1763 366 1837; x_wconf 88' lang='lat' dir='ltr'>cumque</span> <span class='ocrx_word' id='word_1_65' title='bbox 399 1763 445 1813; x_wconf 87' lang='lat' dir='ltr'>ex</span> <span class='ocrx_word' id='word_1_66' title='bbox 477 1745 592 1839; x_wconf 91' lang='lat' dir='ltr'>pmvis</span> <span class='ocrx_word' id='word_1_67' title='bbox 626 1738 851 1814; x_wconf 83' lang='lat' dir='ltr'>affectionibus</span> <span class='ocrx_word' id='word_1_68' title='bbox 890 1742 1053 1825; x_wconf 83' lang='lat' dir='ltr'>orimur,</span> <span class='ocrx_word' id='word_1_69' title='bbox 1087 1759 1211 1810; x_wconf 90' lang='lat' dir='ltr'>vanam</span> <span class='ocrx_word' id='word_1_70' title='bbox 1245 1736 1403 1832; x_wconf 80' lang='lat' dir='ltr'>gloriam,</span> <span class='ocrx_word' id='word_1_71' title='bbox 1437 1761 1590 1834; x_wconf 90' lang='lat' dir='ltr'>quaeque</span> 
     </span>
     <span class='ocr_line' id='line_1_11' title="bbox 225 1853 1593 1951; baseline 0.001 -21"><span class='ocrx_word' id='word_1_72' title='bbox 225 1857 466 1930; x_wconf 84' lang='lat' dir='ltr'>similitudinem</span> <span class='ocrx_word' id='word_1_73' title='bbox 492 1856 615 1931; x_wconf 80' lang='lat' dir='ltr'>habent</span> <span class='ocrx_word' id='word_1_74' title='bbox 640 1880 714 1929; x_wconf 91' lang='lat' dir='ltr'>cnm</span> <span class='ocrx_word' id='word_1_75' title='bbox 740 1859 834 1928; x_wconf 88' lang='lat' dir='ltr'>ruina</span> <span class='ocrx_word' id='word_1_76' title='bbox 860 1856 915 1929; x_wconf 84' lang='lat' dir='ltr'>ilia</span> <span class='ocrx_word' id='word_1_77' title='bbox 948 1858 1053 1951; x_wconf 88' lang='lat' dir='ltr'>prima</span> <span class='ocrx_word' id='word_1_78' title='bbox 1087 1853 1223 1942; x_wconf 85' lang='lat' dir='ltr'>Adami,</span> <span class='ocrx_word' id='word_1_79' title='bbox 1258 1876 1320 1951; x_wconf 90' lang='lat' dir='ltr'>per</span> <span class='ocrx_word' id='word_1_80' title='bbox 1349 1853 1593 1932; x_wconf 82' lang='lat' dir='ltr'>fraudulentum</span> 
     </span>
     <span class='ocr_line' id='line_1_12' title="bbox 226 1969 1589 2067; baseline 0 -23"><span class='ocrx_word' id='word_1_81' title='bbox 226 1971 408 2046; x_wconf 88' lang='lat' dir='ltr'>diabolum:</span> <span class='ocrx_word' id='word_1_82' title='bbox 436 1977 562 2047; x_wconf 89' lang='lat' dir='ltr'>ventris</span> <span class='ocrx_word' id='word_1_83' title='bbox 593 1973 888 2063; x_wconf 79' lang='lat' dir='ltr'>insatiabilitatem,</span> <span class='ocrx_word' id='word_1_84' title='bbox 928 1993 1026 2067; x_wconf 91' lang='lat' dir='ltr'>quem</span> <span class='ocrx_word' id='word_1_85' title='bbox 1059 1969 1152 2043; x_wconf 92' lang='lat' dir='ltr'>multi</span> <span class='ocrx_word' id='word_1_86' title='bbox 1183 1969 1291 2044; x_wconf 88' lang='lat' dir='ltr'>Deum</span> <span class='ocrx_word' id='word_1_87' title='bbox 1324 1992 1418 2044; x_wconf 90' lang='lat' dir='ltr'>suum</span> <span class='ocrx_word' id='word_1_88' title='bbox 1450 1970 1589 2045; x_wconf 86' lang='lat' dir='ltr'>iaciunt:</span> 
     </span>
     <span class='ocr_line' id='line_1_13' title="bbox 227 2076 1590 2192; baseline -0.001 -30"><span class='ocrx_word' id='word_1_89' title='bbox 227 2092 400 2192; x_wconf 86' lang='lat' dir='ltr'>avaritiam</span> <span class='ocrx_word' id='word_1_90' title='bbox 427 2112 514 2185; x_wconf 82' lang='lat' dir='ltr'>quae</span> <span class='ocrx_word' id='word_1_91' title='bbox 546 2099 598 2163; x_wconf 89' lang='lat' dir='ltr'>est</span> <span class='ocrx_word' id='word_1_92' title='bbox 630 2088 794 2162; x_wconf 88' lang='lat' dir='ltr'>idolorum</span> <span class='ocrx_word' id='word_1_93' title='bbox 826 2091 986 2161; x_wconf 87' lang='lat' dir='ltr'>servitus:</span> <span class='ocrx_word' id='word_1_94' title='bbox 1003 2076 1005 2080; x_wconf 67' lang='grc'><strong>’</strong></span> <span class='ocrx_word' id='word_1_95' title='bbox 1020 2097 1056 2159; x_wconf 88' lang='lat' dir='ltr'>ut</span> <span class='ocrx_word' id='word_1_96' title='bbox 1087 2085 1130 2159; x_wconf 86' lang='lat' dir='ltr'>ab</span> <span class='ocrx_word' id='word_1_97' title='bbox 1165 2084 1317 2161; x_wconf 83' lang='lat' dir='ltr'>omnibus</span> <span class='ocrx_word' id='word_1_98' title='bbox 1349 2086 1414 2161; x_wconf 89' lang='lat' dir='ltr'>illis</span> <span class='ocrx_word' id='word_1_99' title='bbox 1447 2091 1590 2184; x_wconf 86' lang='lat' dir='ltr'>purgati,</span> 
     </span>
     <span class='ocr_line' id='line_1_14' title="bbox 227 2199 1589 2302; baseline -0.001 -24"><span class='ocrx_word' id='word_1_100' title='bbox 227 2227 447 2302; x_wconf 83' lang='lat' dir='ltr'>appareamus</span> <span class='ocrx_word' id='word_1_101' title='bbox 472 2208 506 2277; x_wconf 92' lang='lat' dir='ltr'>in</span> <span class='ocrx_word' id='word_1_102' title='bbox 532 2205 652 2278; x_wconf 90' lang='lat' dir='ltr'>mundo</span> <span class='ocrx_word' id='word_1_103' title='bbox 678 2215 831 2299; x_wconf 70' lang='lat' dir='ltr'>unquam</span> <span class='ocrx_word' id='word_1_104' title='bbox 858 2204 1048 2293; x_wconf 85' lang='lat' dir='ltr'>luminaria3</span> <span class='ocrx_word' id='word_1_105' title='bbox 1080 2199 1221 2275; x_wconf 89' lang='lat' dir='ltr'>verbum</span> <span class='ocrx_word' id='word_1_106' title='bbox 1253 2206 1344 2278; x_wconf 89' lang='lat' dir='ltr'>vitae</span> <span class='ocrx_word' id='word_1_107' title='bbox 1376 2225 1589 2277; x_wconf 89' lang='lat' dir='ltr'>conservan-</span> 
     </span>
     <span class='ocr_line' id='line_1_15' title="bbox 225 2318 1590 2417; baseline -0.001 -22"><span class='ocrx_word' id='word_1_108' title='bbox 225 2330 293 2411; x_wconf 76' lang='lat' dir='ltr'>tes3</span> <span class='ocrx_word' id='word_1_109' title='bbox 320 2333 353 2394; x_wconf 91' lang='lat' dir='ltr'>et</span> <span class='ocrx_word' id='word_1_110' title='bbox 379 2325 487 2395; x_wconf 72' lang='lat' dir='ltr'>omnm</span> <span class='ocrx_word' id='word_1_111' title='bbox 514 2325 710 2417; x_wconf 70' lang='lat' dir='ltr'>quicumne</span> <span class='ocrx_word' id='word_1_112' title='bbox 736 2341 799 2393; x_wconf 90' lang='lat' dir='ltr'>nos</span> <span class='ocrx_word' id='word_1_113' title='bbox 826 2319 960 2408; x_wconf 87' lang='lat' dir='ltr'>viderit,</span> <span class='ocrx_word' id='word_1_114' title='bbox 993 2323 1068 2393; x_wconf 89' lang='lat' dir='ltr'>sive</span> <span class='ocrx_word' id='word_1_115' title='bbox 1093 2318 1200 2393; x_wconf 86' lang='lat' dir='ltr'>fidelis</span> <span class='ocrx_word' id='word_1_116' title='bbox 1226 2323 1301 2394; x_wconf 88' lang='lat' dir='ltr'>sive</span> <span class='ocrx_word' id='word_1_117' title='bbox 1330 2319 1483 2410; x_wconf 83' lang='lat' dir='ltr'>infidelis,</span> <span class='ocrx_word' id='word_1_118' title='bbox 1509 2322 1590 2394; x_wconf 89' lang='lat' dir='ltr'>lau-</span> 
     </span>
     <span class='ocr_line' id='line_1_16' title="bbox 227 2434 1589 2538; baseline -0.001 -28"><span class='ocrx_word' id='word_1_119' title='bbox 227 2437 283 2511; x_wconf 93' lang='lat' dir='ltr'>det</span> <span class='ocrx_word' id='word_1_120' title='bbox 314 2448 348 2510; x_wconf 91' lang='lat' dir='ltr'>et</span> <span class='ocrx_word' id='word_1_121' title='bbox 380 2448 561 2511; x_wconf 89' lang='lat' dir='ltr'>veneretur</span> <span class='ocrx_word' id='word_1_122' title='bbox 593 2436 764 2512; x_wconf 86' lang='lat' dir='ltr'>nobiscum</span> <span class='ocrx_word' id='word_1_123' title='bbox 797 2460 918 2510; x_wconf 91' lang='lat' dir='ltr'>nomen</span> <span class='ocrx_word' id='word_1_124' title='bbox 949 2447 1037 2510; x_wconf 87' lang='lat' dir='ltr'>mum</span> <span class='ocrx_word' id='word_1_125' title='bbox 1063 2435 1297 2538; x_wconf 68' lang='lat' dir='ltr'>laudandum,</span> <span class='ocrx_word' id='word_1_126' title='bbox 1312 2434 1589 2531; x_wconf 78' lang='lat' dir='ltr'>gloriosissimum</span> 
     </span>
     <span class='ocr_line' id='line_1_17' title="bbox 229 2552 1589 2650; baseline 0.002 -25"><span class='ocrx_word' id='word_1_127' title='bbox 229 2564 263 2626; x_wconf 87' lang='lat' dir='ltr'>at</span> <span class='ocrx_word' id='word_1_128' title='bbox 287 2553 513 2642; x_wconf 86' lang='lat' dir='ltr'>benedictum,</span> <span class='ocrx_word' id='word_1_129' title='bbox 550 2554 710 2650; x_wconf 88' lang='lat' dir='ltr'>simulque</span> <span class='ocrx_word' id='word_1_130' title='bbox 736 2554 868 2627; x_wconf 88' lang='lat' dir='ltr'>Domini</span> <span class='ocrx_word' id='word_1_131' title='bbox 898 2556 1005 2628; x_wconf 90' lang='lat' dir='ltr'>nostri</span> <span class='ocrx_word' id='word_1_132' title='bbox 1035 2553 1117 2627; x_wconf 85' lang='lat' dir='ltr'>Jesu</span> <span class='ocrx_word' id='word_1_133' title='bbox 1149 2552 1289 2646; x_wconf 79' lang='lat' dir='ltr'>Christi,</span> <span class='ocrx_word' id='word_1_134' title='bbox 1315 2563 1350 2626; x_wconf 90' lang='lat' dir='ltr'>et</span> <span class='ocrx_word' id='word_1_135' title='bbox 1375 2554 1517 2649; x_wconf 83' lang='lat' dir='ltr'>Spiritus</span> <span class='ocrx_word' id='word_1_136' title='bbox 1543 2558 1589 2628; x_wconf 92' lang='lat' dir='ltr'>tui</span> 
     </span>
     <span class='ocr_line' id='line_1_18' title="bbox 227 2673 342 2745; baseline -0.009 -1"><span class='ocrx_word' id='word_1_137' title='bbox 227 2673 342 2745; x_wconf 87' lang='lat' dir='ltr'>sancti.</span> 
     </span>
    </p>

    <p class='ocr_par' dir='ltr' id='par_1_5' title="bbox 330 2786 695 2882">
     <span class='ocr_line' id='line_1_19' title="bbox 330 2786 695 2882; baseline -0.005 -23"><span class='ocrx_word' id='word_1_138' title='bbox 330 2787 493 2882; x_wconf 62' lang='lat' dir='ltr'>Populus,</span> <span class='ocrx_word' id='word_1_139' title='bbox 519 2786 605 2876; x_wconf 75' lang='lat' dir='ltr'>tta,</span> <span class='ocrx_word' id='word_1_140' title='bbox 632 2794 695 2858; x_wconf 85' lang='lat' dir='ltr'>etc.</span> 
     </span>
    </p>

    <p class='ocr_par' dir='ltr' id='par_1_6' title="bbox 330 2902 649 2977">
     <span class='ocr_line' id='line_1_20' title="bbox 330 2902 649 2977; baseline -0.003 -1"><span class='ocrx_word' id='word_1_141' title='bbox 330 2902 513 2977; x_wconf 60' lang='lat' dir='ltr'>&amp;eodm</span> <span class='ocrx_word' id='word_1_142' title='bbox 565 2904 649 2976; x_wconf 86' lang='lat' dir='ltr'>Pax.</span> 
     </span>
    </p>

    <p class='ocr_par' dir='ltr' id='par_1_7' title="bbox 330 3019 921 3115">
     <span class='ocr_line' id='line_1_21' title="bbox 330 3019 921 3115; baseline -0.007 -23"><span class='ocrx_word' id='word_1_143' title='bbox 330 3019 491 3115; x_wconf 83' lang='lat' dir='ltr'>Pnpoius.</span> <span class='ocrx_word' id='word_1_144' title='bbox 543 3019 686 3092; x_wconf 82' lang='lat' dir='ltr'>Etcum</span> <span class='ocrx_word' id='word_1_145' title='bbox 713 3019 828 3113; x_wconf 88' lang='lat' dir='ltr'>spiritu</span> <span class='ocrx_word' id='word_1_146' title='bbox 853 3027 921 3090; x_wconf 84' lang='lat' dir='ltr'>tuo.</span> 
     </span>
    </p>

    <p class='ocr_par' dir='ltr' id='par_1_8' title="bbox 243 3133 1008 3234">
     <span class='ocr_line' id='line_1_22' title="bbox 243 3133 1008 3234; baseline -0.004 -26"><span class='ocrx_word' id='word_1_147' title='bbox 243 3217 251 3234; x_wconf 87' lang='lat'><strong>.</strong></span> <span class='ocrx_word' id='word_1_148' title='bbox 330 3136 514 3208; x_wconf 69' lang='grc' dir='ltr'><em>δαοενάοε.</em></span> <span class='ocrx_word' id='word_1_149' title='bbox 566 3133 818 3208; x_wconf 83' lang='lat' dir='ltr'>Misericordiae</span> <span class='ocrx_word' id='word_1_150' title='bbox 844 3133 908 3204; x_wconf 85' lang='lat' dir='ltr'>Dei</span> <span class='ocrx_word' id='word_1_151' title='bbox 934 3135 1008 3206; x_wconf 88' lang='lat' dir='ltr'>sint</span> 
     </span>
    </p>

    <p class='ocr_par' dir='ltr' id='par_1_9' title="bbox 332 3251 922 3346">
     <span class='ocr_line' id='line_1_23' title="bbox 332 3251 922 3346; baseline -0.005 -23"><span class='ocrx_word' id='word_1_152' title='bbox 332 3251 492 3345; x_wconf 74' lang='lat' dir='ltr'>Populus.</span> <span class='ocrx_word' id='word_1_153' title='bbox 544 3252 688 3326; x_wconf 83' lang='lat' dir='ltr'>Etcum</span> <span class='ocrx_word' id='word_1_154' title='bbox 714 3252 828 3346; x_wconf 90' lang='lat' dir='ltr'>spiritu</span> <span class='ocrx_word' id='word_1_155' title='bbox 856 3259 922 3322; x_wconf 86' lang='lat' dir='ltr'>tuo.</span> 
     </span>
    </p>

    <p class='ocr_par' dir='ltr' id='par_1_10' title="bbox 236 3367 870 3463">
     <span class='ocr_line' id='line_1_24' title="bbox 236 3367 870 3463; baseline -0.005 -23"><span class='ocrx_word' id='word_1_156' title='bbox 236 3423 240 3428; x_wconf 83' lang='lat'><em>.</em></span> <span class='ocrx_word' id='word_1_157' title='bbox 334 3367 509 3441; x_wconf 71' lang='lat' dir='ltr'>uocatu</span> <span class='ocrx_word' id='word_1_158' title='bbox 530 3370 665 3463; x_wconf 78' lang='lat' dir='ltr'>frnopit</span> <span class='ocrx_word' id='word_1_159' title='bbox 690 3374 725 3438; x_wconf 86' lang='lat' dir='ltr'>et</span> <span class='ocrx_word' id='word_1_160' title='bbox 749 3370 870 3460; x_wconf 65' lang='lat' dir='ltr'>optant.</span> 
     </span>
    </p>

    <p class='ocr_par' dir='ltr' id='par_1_11' title="bbox 333 3483 976 3579">
     <span class='ocr_line' id='line_1_25' title="bbox 333 3483 976 3579; baseline 0 -24"><span class='ocrx_word' id='word_1_161' title='bbox 333 3483 520 3556; x_wconf 78' lang='lat' dir='ltr'>Diaconos.</span> <span class='ocrx_word' id='word_1_162' title='bbox 573 3485 694 3558; x_wconf 87' lang='lat' dir='ltr'>lterum</span> <span class='ocrx_word' id='word_1_163' title='bbox 721 3493 820 3579; x_wconf 84' lang='lat' dir='ltr'>atque</span> <span class='ocrx_word' id='word_1_164' title='bbox 848 3486 976 3556; x_wconf 88' lang='lat' dir='ltr'>iterum.</span> 
     </span>
    </p>
   </div>
   <div class='ocr_carea' id='block_1_3' title="bbox 471 3843 1363 3921">
    <p class='ocr_par' dir='ltr' id='par_1_12' title="bbox 471 3843 1363 3921">
     <span class='ocr_line' id='line_1_26' title="bbox 471 3843 1363 3921; baseline 0.004 -5"><span class='ocrx_word' id='word_1_165' title='bbox 471 3843 648 3917; x_wconf 82' lang='lat' dir='ltr'>Sacerdos</span> <span class='ocrx_word' id='word_1_166' title='bbox 673 3846 758 3918; x_wconf 85' lang='lat' dir='ltr'>dicit</span> <span class='ocrx_word' id='word_1_167' title='bbox 784 3846 982 3917; x_wconf 74' lang='lat' dir='ltr'>Orationes</span> <span class='ocrx_word' id='word_1_168' title='bbox 1007 3852 1088 3919; x_wconf 82' lang='lat' dir='ltr'>ante</span> <span class='ocrx_word' id='word_1_169' title='bbox 1113 3845 1213 3919; x_wconf 89' lang='lat' dir='ltr'>Pater</span> <span class='ocrx_word' id='word_1_170' title='bbox 1238 3857 1363 3921; x_wconf 87' lang='lat' dir='ltr'>noster.</span> 
     </span>
    </p>
   </div>
   <div class='ocr_carea' id='block_1_4' title="bbox 233 4045 1598 5195">
    <p class='ocr_par' dir='ltr' id='par_1_13' title="bbox 233 4045 1598 5195">
     <span class='ocr_line' id='line_1_27' title="bbox 335 4045 1597 4149; baseline 0.006 -31"><span class='ocrx_word' id='word_1_171' title='bbox 335 4045 460 4119; x_wconf 89' lang='lat' dir='ltr'>Sancta</span> <span class='ocrx_word' id='word_1_172' title='bbox 486 4046 685 4121; x_wconf 89' lang='lat' dir='ltr'>Sanctorum</span> <span class='ocrx_word' id='word_1_173' title='bbox 710 4050 764 4143; x_wconf 83' lang='lat' dir='ltr'>qui</span> <span class='ocrx_word' id='word_1_174' title='bbox 791 4051 825 4119; x_wconf 93' lang='lat' dir='ltr'>in</span> <span class='ocrx_word' id='word_1_175' title='bbox 859 4050 983 4120; x_wconf 86' lang='lat' dir='ltr'>sanctis</span> <span class='ocrx_word' id='word_1_176' title='bbox 1014 4050 1199 4144; x_wconf 83' lang='lat' dir='ltr'>requiescis</span> <span class='ocrx_word' id='word_1_177' title='bbox 1225 4059 1260 4122; x_wconf 89' lang='lat' dir='ltr'>et</span> <span class='ocrx_word' id='word_1_178' title='bbox 1284 4062 1419 4125; x_wconf 87' lang='lat' dir='ltr'>sanctos</span> <span class='ocrx_word' id='word_1_179' title='bbox 1446 4049 1597 4149; x_wconf 85' lang='lat' dir='ltr'>perficis3</span> 
     </span>
     <span class='ocr_line' id='line_1_28' title="bbox 234 4162 1596 4260; baseline 0.008 -28"><span class='ocrx_word' id='word_1_180' title='bbox 234 4162 289 4255; x_wconf 89' lang='lat' dir='ltr'>qui</span> <span class='ocrx_word' id='word_1_181' title='bbox 306 4183 371 4235; x_wconf 87' lang='lat' dir='ltr'>nos</span> <span class='ocrx_word' id='word_1_182' title='bbox 392 4185 509 4237; x_wconf 88' lang='lat' dir='ltr'>omnes</span> <span class='ocrx_word' id='word_1_183' title='bbox 527 4169 660 4238; x_wconf 89' lang='lat' dir='ltr'>vocasti</span> <span class='ocrx_word' id='word_1_184' title='bbox 681 4167 860 4238; x_wconf 88' lang='lat' dir='ltr'>vocatione</span> <span class='ocrx_word' id='word_1_185' title='bbox 882 4173 1010 4251; x_wconf 82' lang='lat' dir='ltr'>sancta,</span> <span class='ocrx_word' id='word_1_186' title='bbox 1036 4163 1078 4236; x_wconf 91' lang='lat' dir='ltr'>ad</span> <span class='ocrx_word' id='word_1_187' title='bbox 1097 4165 1208 4237; x_wconf 87' lang='lat' dir='ltr'>iumen</span> <span class='ocrx_word' id='word_1_188' title='bbox 1228 4166 1378 4241; x_wconf 88' lang='lat' dir='ltr'>mirabile</span> <span class='ocrx_word' id='word_1_189' title='bbox 1397 4171 1596 4260; x_wconf 82' lang='lat' dir='ltr'>cognitionis</span> 
     </span>
     <span class='ocr_line' id='line_1_29' title="bbox 233 4278 1597 4382; baseline 0.007 -34"><span class='ocrx_word' id='word_1_190' title='bbox 233 4280 292 4365; x_wconf 78' lang='lat' dir='ltr'>tui,</span> <span class='ocrx_word' id='word_1_191' title='bbox 319 4280 375 4373; x_wconf 92' lang='lat' dir='ltr'>qui</span> <span class='ocrx_word' id='word_1_192' title='bbox 401 4281 540 4371; x_wconf 77' lang='lat' dir='ltr'>gratiam</span> <span class='ocrx_word' id='word_1_193' title='bbox 568 4280 774 4377; x_wconf 88' lang='lat' dir='ltr'>adoptionis,</span> <span class='ocrx_word' id='word_1_194' title='bbox 799 4302 867 4353; x_wconf 94' lang='lat' dir='ltr'>non</span> <span class='ocrx_word' id='word_1_195' title='bbox 894 4278 1122 4376; x_wconf 82' lang='lat' dir='ltr'>exoperibus</span> <span class='ocrx_word' id='word_1_196' title='bbox 1151 4285 1291 4370; x_wconf 83' lang='lat' dir='ltr'>nostris,</span> <span class='ocrx_word' id='word_1_197' title='bbox 1318 4282 1378 4356; x_wconf 87' lang='lat' dir='ltr'>sed</span> <span class='ocrx_word' id='word_1_198' title='bbox 1405 4307 1467 4382; x_wconf 87' lang='lat' dir='ltr'>per</span> <span class='ocrx_word' id='word_1_199' title='bbox 1498 4285 1597 4357; x_wconf 87' lang='lat' dir='ltr'>fidem</span> 
     </span>
     <span class='ocr_line' id='line_1_30' title="bbox 233 4392 1596 4492; baseline 0.006 -28"><span class='ocrx_word' id='word_1_200' title='bbox 233 4392 331 4466; x_wconf 89' lang='lat' dir='ltr'>nobis</span> <span class='ocrx_word' id='word_1_201' title='bbox 358 4393 584 4489; x_wconf 84' lang='lat' dir='ltr'>adquisivisti3</span> <span class='ocrx_word' id='word_1_202' title='bbox 611 4407 757 4492; x_wconf 89' lang='lat' dir='ltr'>praesta,</span> <span class='ocrx_word' id='word_1_203' title='bbox 782 4405 817 4468; x_wconf 90' lang='lat' dir='ltr'>ut</span> <span class='ocrx_word' id='word_1_204' title='bbox 843 4418 1029 4468; x_wconf 90' lang='lat' dir='ltr'>mereamur</span> <span class='ocrx_word' id='word_1_205' title='bbox 1054 4418 1122 4471; x_wconf 91' lang='lat' dir='ltr'>non</span> <span class='ocrx_word' id='word_1_206' title='bbox 1148 4396 1254 4490; x_wconf 79' lang='lat' dir='ltr'>figura</span> <span class='ocrx_word' id='word_1_207' title='bbox 1280 4407 1403 4471; x_wconf 88' lang='lat' dir='ltr'>tantum</span> <span class='ocrx_word' id='word_1_208' title='bbox 1426 4403 1596 4489; x_wconf 85' lang='lat' dir='ltr'>exteriori,</span> 
     </span>
     <span class='ocr_line' id='line_1_31' title="bbox 234 4507 1597 4606; baseline 0.007 -26"><span class='ocrx_word' id='word_1_209' title='bbox 234 4507 294 4580; x_wconf 85' lang='lat' dir='ltr'>sed</span> <span class='ocrx_word' id='word_1_210' title='bbox 322 4509 424 4582; x_wconf 89' lang='lat' dir='ltr'>corde</span> <span class='ocrx_word' id='word_1_211' title='bbox 450 4534 554 4606; x_wconf 90' lang='lat' dir='ltr'>puro,</span> <span class='ocrx_word' id='word_1_212' title='bbox 590 4524 624 4585; x_wconf 89' lang='lat' dir='ltr'>et</span> <span class='ocrx_word' id='word_1_213' title='bbox 659 4515 883 4586; x_wconf 90' lang='lat' dir='ltr'>conscientiae</span> <span class='ocrx_word' id='word_1_214' title='bbox 915 4511 1050 4600; x_wconf 82' lang='lat' dir='ltr'>fiducia,</span> <span class='ocrx_word' id='word_1_215' title='bbox 1085 4525 1119 4585; x_wconf 83' lang='lat' dir='ltr'>et</span> <span class='ocrx_word' id='word_1_216' title='bbox 1151 4512 1248 4587; x_wconf 88' lang='lat' dir='ltr'>labiis</span> <span class='ocrx_word' id='word_1_217' title='bbox 1279 4535 1347 4588; x_wconf 90' lang='lat' dir='ltr'>non</span> <span class='ocrx_word' id='word_1_218' title='bbox 1374 4513 1597 4590; x_wconf 85' lang='lat' dir='ltr'>deficientibus</span> 
     </span>
     <span class='ocr_line' id='line_1_32' title="bbox 233 4626 1597 4727; baseline 0.007 -30"><span class='ocrx_word' id='word_1_219' title='bbox 233 4627 396 4699; x_wconf 89' lang='lat' dir='ltr'>invocare</span> <span class='ocrx_word' id='word_1_220' title='bbox 421 4634 456 4699; x_wconf 88' lang='lat' dir='ltr'>te</span> <span class='ocrx_word' id='word_1_221' title='bbox 481 4626 626 4717; x_wconf 84' lang='lat' dir='ltr'>Patrem,</span> <span class='ocrx_word' id='word_1_222' title='bbox 653 4630 785 4701; x_wconf 89' lang='lat' dir='ltr'>Patrem</span> <span class='ocrx_word' id='word_1_223' title='bbox 812 4638 971 4716; x_wconf 90' lang='lat' dir='ltr'>nostrum,</span> <span class='ocrx_word' id='word_1_224' title='bbox 998 4638 1034 4701; x_wconf 88' lang='lat' dir='ltr'>ut</span> <span class='ocrx_word' id='word_1_225' title='bbox 1059 4628 1295 4727; x_wconf 84' lang='lat' dir='ltr'>multiloquium</span> <span class='ocrx_word' id='word_1_226' title='bbox 1321 4653 1444 4703; x_wconf 89' lang='lat' dir='ltr'>vanum</span> <span class='ocrx_word' id='word_1_227' title='bbox 1472 4642 1507 4705; x_wconf 89' lang='lat' dir='ltr'>et</span> <span class='ocrx_word' id='word_1_228' title='bbox 1537 4632 1597 4705; x_wconf 86' lang='lat' dir='ltr'>iu-</span> 
     </span>
     <span class='ocr_line' id='line_1_33' title="bbox 234 4740 1598 4843; baseline 0.007 -31"><span class='ocrx_word' id='word_1_229' title='bbox 234 4740 292 4813; x_wconf 90' lang='lat' dir='ltr'>tile</span> <span class='ocrx_word' id='word_1_230' title='bbox 317 4744 492 4839; x_wconf 88' lang='lat' dir='ltr'>impiorum</span> <span class='ocrx_word' id='word_1_231' title='bbox 520 4745 748 4837; x_wconf 83' lang='lat' dir='ltr'>Paganornm,</span> <span class='ocrx_word' id='word_1_232' title='bbox 783 4755 817 4817; x_wconf 89' lang='lat' dir='ltr'>et</span> <span class='ocrx_word' id='word_1_233' title='bbox 849 4744 1021 4818; x_wconf 88' lang='lat' dir='ltr'>Judaicam</span> <span class='ocrx_word' id='word_1_234' title='bbox 1056 4745 1246 4843; x_wconf 88' lang='lat' dir='ltr'>superbiam</span> <span class='ocrx_word' id='word_1_235' title='bbox 1271 4749 1483 4841; x_wconf 89' lang='lat' dir='ltr'>rejicientes,</span> <span class='ocrx_word' id='word_1_236' title='bbox 1509 4772 1598 4823; x_wconf 88' lang='lat' dir='ltr'>voce</span> 
     </span>
     <span class='ocr_line' id='line_1_34' title="bbox 234 4856 1597 4961; baseline 0.007 -32"><span class='ocrx_word' id='word_1_237' title='bbox 234 4856 360 4949; x_wconf 85' lang='lat' dir='ltr'>humili,</span> <span class='ocrx_word' id='word_1_238' title='bbox 387 4868 421 4931; x_wconf 93' lang='lat' dir='ltr'>et</span> <span class='ocrx_word' id='word_1_239' title='bbox 446 4859 552 4954; x_wconf 86' lang='lat' dir='ltr'>qualis</span> <span class='ocrx_word' id='word_1_240' title='bbox 580 4859 784 4936; x_wconf 83' lang='lat' dir='ltr'>Christianos</span> <span class='ocrx_word' id='word_1_241' title='bbox 811 4861 925 4952; x_wconf 88' lang='lat' dir='ltr'>decet,</span> <span class='ocrx_word' id='word_1_242' title='bbox 956 4863 1122 4959; x_wconf 90' lang='lat' dir='ltr'>possimus</span> <span class='ocrx_word' id='word_1_243' title='bbox 1150 4863 1271 4937; x_wconf 83' lang='lat' dir='ltr'>offerre</span> <span class='ocrx_word' id='word_1_244' title='bbox 1297 4864 1356 4938; x_wconf 87' lang='lat' dir='ltr'>tihi</span> <span class='ocrx_word' id='word_1_245' title='bbox 1382 4866 1597 4961; x_wconf 86' lang='lat' dir='ltr'>deprecatio-</span> 
     </span>
     <span class='ocr_line' id='line_1_35' title="bbox 234 4976 1597 5076; baseline 0.005 -28"><span class='ocrx_word' id='word_1_246' title='bbox 234 4997 331 5065; x_wconf 84' lang='lat' dir='ltr'>nem,</span> <span class='ocrx_word' id='word_1_247' title='bbox 365 4976 545 5049; x_wconf 87' lang='lat' dir='ltr'>secundum</span> <span class='ocrx_word' id='word_1_248' title='bbox 571 4977 681 5071; x_wconf 85' lang='lat' dir='ltr'>legem</span> <span class='ocrx_word' id='word_1_249' title='bbox 709 4979 750 5052; x_wconf 91' lang='lat' dir='ltr'>ab</span> <span class='ocrx_word' id='word_1_250' title='bbox 778 4981 947 5072; x_wconf 84' lang='lat' dir='ltr'>unigenito</span> <span class='ocrx_word' id='word_1_251' title='bbox 974 4978 1059 5052; x_wconf 87' lang='lat' dir='ltr'>Filio</span> <span class='ocrx_word' id='word_1_252' title='bbox 1086 4990 1143 5052; x_wconf 88' lang='lat' dir='ltr'>tuo</span> <span class='ocrx_word' id='word_1_253' title='bbox 1168 4984 1325 5076; x_wconf 91' lang='lat' dir='ltr'>positam,</span> <span class='ocrx_word' id='word_1_254' title='bbox 1352 4991 1485 5055; x_wconf 88' lang='lat' dir='ltr'>etcum</span> <span class='ocrx_word' id='word_1_255' title='bbox 1512 5006 1597 5057; x_wconf 90' lang='lat' dir='ltr'>san-</span> 
     </span>
     <span class='ocr_line' id='line_1_36' title="bbox 235 5094 1598 5195; baseline 0.01 -34"><span class='ocrx_word' id='word_1_256' title='bbox 235 5094 349 5163; x_wconf 90' lang='lat' dir='ltr'>ctitate</span> <span class='ocrx_word' id='word_1_257' title='bbox 389 5096 540 5188; x_wconf 89' lang='lat' dir='ltr'>corporis</span> <span class='ocrx_word' id='word_1_258' title='bbox 573 5106 606 5168; x_wconf 88' lang='lat' dir='ltr'>et</span> <span class='ocrx_word' id='word_1_259' title='bbox 642 5098 787 5185; x_wconf 87' lang='lat' dir='ltr'>animae,</span> <span class='ocrx_word' id='word_1_260' title='bbox 826 5096 980 5192; x_wconf 86' lang='lat' dir='ltr'>bonaque</span> <span class='ocrx_word' id='word_1_261' title='bbox 1017 5096 1207 5189; x_wconf 81' lang='lat' dir='ltr'>voluntate,</span> <span class='ocrx_word' id='word_1_262' title='bbox 1239 5120 1324 5194; x_wconf 88' lang='lat' dir='ltr'>quae</span> <span class='ocrx_word' id='word_1_263' title='bbox 1363 5098 1447 5174; x_wconf 84' lang='lat' dir='ltr'>filios</span> <span class='ocrx_word' id='word_1_264' title='bbox 1490 5101 1598 5195; x_wconf 85' lang='lat' dir='ltr'>docet,</span> 
     </span>
    </p>
   </div>
   <div class='ocr_carea' id='block_1_5' title="bbox 0 0 2282 6034">
    <p class='ocr_par' dir='ltr' id='par_1_14' title="bbox 0 0 2282 6034">
     <span class='ocr_line' id='line_1_37' title="bbox 0 0 2282 6034; baseline 0 0"><span class='ocrx_word' id='word_1_265' title='bbox 0 0 2282 6034; x_wconf 95' lang='lat' dir='ltr'> </span> 
     </span>
    </p>
   </div>
  </div>
 </body>
</html>
