4525 6034
681 600 757 675 332
1036 650 1038 654 -
1187 598 1549 676 LITUROIA

679 791 795 847 sectam
812 782 926 864 opibus
948 783 1023 863 suis,
1046 789 1188 864 quantum
1210 781 1276 846 lieri
1298 787 1428 863 poterat,
1447 743 1609 863 juverunt,
1631 780 1712 863 quod
1735 781 1842 846 Severi
1863 782 1955 845 aetati
1974 799 2042 846 con-

680 883 775 946 venit.

993 1143 1031 1218 7.
1072 1141 1246 1232 Laetificat
1267 1162 1335 1233 per
1359 1141 1524 1211 aidonem
1548 1138 1660 1209 cultos
1685 1141 1744 1217 lui.

774 1330 889 1413 Eonuu
912 1339 1059 1403 memoria
1087 1338 1120 1401 in
1141 1338 1199 1400 hac
1221 1338 1357 1401 oratione
1379 1337 1423 1415 lit,
1446 1338 1498 1419 qui
1515 1337 1664 1400 habentur
1680 1338 1709 1399 in
1725 1336 1904 1399 Sanctorum
1914 1354 2040 1399 numero:

682 1453 773 1526 atque
794 1446 836 1507 ita
858 1441 998 1506 videntur
1019 1442 1174 1524 liturgiae
1197 1450 1331 1520 autores,
1354 1448 1386 1505 et
1408 1444 1459 1523 qui
1482 1460 1548 1505 eam
1562 1442 1727 1517 recensuit,
1750 1440 1951 1518 existimasse,
1973 1441 2043 1504 San-

681 1552 748 1608 ctos
770 1544 890 1626 plenam
912 1541 1140 1624 perfectamque
1163 1539 1335 1604 felicitatem
1358 1540 1488 1604 nondum
1511 1558 1581 1603 esse
1603 1546 1795 1603 consecutos.
1837 1538 1912 1600 Earn
1934 1539 2043 1619 opinio-

406 1637 482 1708 Pap.
509 1639 535 1693 T·
561 1644 587 1691 ⁵·
606 1641 750 1704 1·81nem
780 1640 889 1703 Graeci
917 1642 1105 1703 recentiores
1134 1637 1325 1719 altercando,
1356 1647 1387 1701 et
1415 1639 1537 1702 Latinos
1567 1637 1774 1701 calumniando
1802 1635 2044 1718 impeditissimus

354 1740 378 1775 ⁰·
397 1724 423 1776 ⁹·
442 1734 465 1831 ‘f
484 1725 527 1777 ¹⁰·
680 1741 834 1814 lecerunt,
863 1746 894 1801 et
922 1756 1021 1820 nuper
1047 1737 1210 1801 Dositheus
1239 1737 1529 1819 Hierosolymitanus
1560 1737 1730 1799 Patriarcha
1757 1738 1805 1798 vir
1833 1753 1909 1800 sane
1937 1734 2043 1813 doctus,

390 1842 420 1895 ta
436 1842 565 1896 datam
582 1862 605 1897 c.
624 1846 793 1920 aramagna
816 1837 966 1900 molimine
989 1837 1130 1899 tuendam
1153 1836 1298 1919 suscepit.
1344 1835 1487 1909 Quamvis
1511 1835 1581 1917 Syri
1603 1853 1729 1916 quorum
1751 1852 1847 1915 opera
1869 1832 2045 1917 Theologica

595 1930 598 1935 ’
684 1937 826 2016 vidimus,
853 1936 1036 2000 mediocrem
1059 1937 1090 1997 in
1112 1954 1150 1998 ea
1173 1934 1373 2016 expendenda
1396 1954 1519 2017 operam
1541 1936 1710 2016 posuerint,
1733 1934 1770 1996 ad
1793 1949 1861 1995 earn
1883 1940 1982 1995 tamen
2000 1934 2044 1994 si-

683 2036 792 2100 dentur
812 2035 986 2116 inclinasse,
1010 2054 1078 2097 cum
1099 2035 1203 2098 lloses
1217 2034 1373 2115 Barcepha
1397 2035 1482 2116 cujus
1504 2034 1632 2096 maxima
1655 2033 1733 2114 apud
1757 2050 1811 2095 eos
1827 2033 1973 2094 autoritas
1994 2038 2043 2104 est,

407 2134 445 2187 De
463 2133 558 2188 Parae.
579 2156 607 2206 a·
626 2139 650 2190 1·
682 2154 748 2199 eam
777 2133 969 2214 probauerit,
1001 2136 1175 2215 animasque
1205 2134 1383 2198 Sanctorum
1411 2133 1442 2195 in
1473 2132 1616 2195 Paradiso
1645 2131 1824 2212 voluptatis,
1854 2130 1892 2193 ad
1922 2131 2045 2193 ultimrnn

356 2236 381 2273 ⁰·
399 2220 441 2272 ¹⁸·
676 2233 782 2315 judicii
809 2233 888 2296 diem
916 2234 1076 2314 quiescere
1106 2232 1306 2295 affirmaverit.
1351 2230 1437 2304 Quod
1461 2250 1536 2294 vero
1560 2230 1630 2311 Syri
1652 2248 1718 2293 eam
1740 2229 1932 2309 opinionem,
1961 2227 2045 2290 veluti

679 2304 795 2417 sopior
817 2318 917 2409 δόξαν
945 2337 976 2394 et
1006 2348 1084 2412 quae
1108 2330 1145 2393 ad
1167 2331 1256 2393 lidem
1279 2332 1461 2412 pertineret,
1492 2329 1598 2394 eadem
1628 2328 1817 2412 pervicacia,
1848 2345 1910 2409 qua
1936 2327 2045 2402 Graeci,

678 2431 951 2512 propugnaverint,
972 2447 1033 2492 non
1048 2438 1184 2511 apparet.
1231 2430 1319 2504 Quod
1332 2429 1412 2493 enim
1431 2432 1461 2492 in
1477 2430 1586 2493 Officiis
1600 2430 1796 2509 exequiarum
1810 2428 1966 2508 uariisque
1980 2442 2044 2487 ora·

678 2528 809 2592 tionibus
830 2545 887 2610 pro
909 2529 1046 2609 mortuis,
1071 2536 1176 2590 oratur
1188 2528 1283 2606 Deus,
1306 2538 1339 2592 ut
1361 2531 1473 2591 animas
1495 2529 1615 2591 illorum
1629 2527 1761 2590 collocet
1775 2528 1806 2587 in
1820 2525 1889 2588 sinu
1900 2524 2044 2602 Abrahae,

676 2628 708 2689 in
736 2628 814 2691 locis
844 2626 1024 2709 voluptatis,
1056 2643 1150 2707 super
1179 2644 1273 2709 aquas
1304 2627 1495 2705 relectionis,
1525 2628 1604 2689 etsi
1626 2644 1705 2707 quae
1727 2632 1796 2687 sumt
1819 2623 1877 2686 alia
1899 2641 1942 2686 ex
1961 2622 2044 2685 variis

677 2744 785 2790 sacrae
811 2728 980 2808 scripturae
1009 2724 1085 2788 locis
1115 2724 1266 2803 damma,
1296 2725 1427 2808 figurate
1455 2743 1517 2789 non
1544 2724 1730 2806 Theologice
1753 2740 1824 2786 esse
1846 2719 2044 2805 intelligenda,

678 2823 730 2887 vel
753 2843 791 2887 eo
814 2824 881 2888 solo
904 2824 1141 2903 demonstratur,
1165 2823 1247 2905 quod
1268 2824 1407 2887 Ecclesia
1430 2823 1536 2887 Latina
1558 2824 1703 2888 similibus
1726 2821 1928 2886 locutionibus
1950 2821 2043 2894 utitur,

680 2923 738 2987 etsi
760 2941 778 2986 a
800 2923 926 2987 Graecis
947 2922 1210 2988 vehementissime
1233 2922 1398 2986 dissentiat.

1070 3221 1663 3278 ψ

995 3624 1387 3803 LlTOllGlll
1432 3623 1728 3805 lllOOBl

764 3953 1355 4074 COGNOMENTO
1421 3953 1966 4099 annullati,
2093 3942 2098 3949 ⁴

767 4142 775 4152 “
909 4141 995 4234 SEU,
1034 4141 1085 4216 UT
1118 4138 1257 4216 GRAECI
1293 4139 1576 4234 PRONUNOIANT,
1613 4139 1816 4218 namnam.

1077 4393 1230 4464 Primam
1258 4393 1381 4463 Oratio
1407 4397 1488 4463 ante
1514 4364 1653 4462 Pacem.

748 4586 867 4689 Dms
893 4613 994 4684 Pater
1019 4615 1124 4707 pacis,
1153 4615 1371 4701 sanctissime,
1398 4617 1519 4707 quique
1547 4612 1639 4685 solus
1665 4610 1773 4684 honus
1800 4622 1836 4683 et
1859 4609 1979 4683 beatus
2001 4627 2045 4692 ea,

681 4729 736 4821 qui
761 4751 885 4824 parens
913 4738 947 4798 et
974 4736 1070 4799 autor
1096 4749 1135 4800 es
1149 4717 1414 4823 tranquillitatis,
1442 4738 1476 4799 et
1499 4726 1577 4800 fons
1604 4725 1818 4799 absconditus
1845 4728 1954 4822 pacis,
1984 4745 2045 4795 ca·

679 4847 761 4915 ritas
788 4844 924 4931 infinita,
952 4852 986 4914 et
1012 4839 1242 4914 misericordia
1269 4842 1366 4915 nudis
1393 4844 1541 4916 terminis
1568 4843 1834 4936 circumscripta,
1859 4851 1894 4912 tu
1907 4839 2045 4911 Domine

680 4968 816 5050 praesta
848 4957 947 5030 nobis
974 4979 1037 5051 per
1063 4960 1205 5047 gratiam
1239 4966 1349 5047 tuam,
1381 4969 1417 5029 ut
1450 4981 1525 5030 cum
1559 4979 1644 5053 pace
1676 4978 1763 5050 quae
1795 4978 1859 5028 nos
1893 4954 1933 5027 ab
1962 4951 2045 5025 omui

680 5070 759 5142 dolo
787 5081 822 5142 et
847 5073 965 5145 fraude
990 5083 1141 5167 praestet
1175 5076 1359 5164 immunes,
1395 5082 1545 5145 amanter
1577 5072 1814 5167 amplectamur
1844 5067 2046 5143 invicemin
