4525 6034
413 568 455 646 IN
466 565 649 647 CAh'ONEll
665 568 889 663 GENERALEM
908 566 993 646 siti:
1008 565 1216 645 tumultu
1233 565 1502 646 lntfflonclll.
1567 567 1642 642 517

273 749 312 814 de
333 751 393 816 lide
420 752 645 830 Eucharistiae,
674 753 746 835 quid
774 750 956 836 Aethiopica
984 750 1123 815 Ecclesia
1153 750 1303 831 crederet,
1334 754 1439 834 paucis
1470 753 1642 834 proposuit,

272 852 386 934 aliquot
407 854 575 917 testimonia
596 853 699 917 retulit
720 871 761 916 ex
788 851 1049 917 benedictionibus
1078 851 1226 929 Patenae,
1255 851 1366 917 Calicis
1394 860 1426 916 et
1454 850 1640 929 Cochlearis,

273 959 336 1014 tum
357 952 484 1015 relatum
505 971 597 1034 supra
620 972 638 1015 a
659 953 747 1017 nohis
769 950 854 1031 illud,
878 952 959 1033 quod
975 951 1163 1033 exLiturgia
1181 951 1300 1015 Patrmn
1311 953 1514 1015 Nicaenorum
1527 953 1645 1017 Wans-

272 1050 370 1115 lebius
397 1053 594 1134 produxerat.
638 1052 683 1115 Ea
709 1052 776 1115 sola
807 1057 904 1113 tannen
927 1051 1103 1133 simpliciter
1132 1050 1296 1130 intellecta,
1319 1059 1351 1114 ut
1373 1068 1447 1114 sane
1470 1069 1532 1113 non
1554 1052 1643 1115 aliter
1734 1109 1736 1113 .

271 1152 311 1214 nb
338 1152 500 1236 Aegyptiis
527 1159 558 1214 et
585 1149 785 1233 Aethiopibus
807 1151 1032 1235 intelliguntur,
1062 1168 1181 1215 omnem
1207 1149 1325 1214 Ludolli
1353 1158 1384 1213 et
1409 1150 1642 1214 Protestantium

271 1250 470 1335 Theologinm
491 1251 678 1314 conturbant
722 1251 834 1313 Verum
862 1249 900 1313 de
930 1249 988 1313 illis
1006 1250 1152 1333 Judicium
1174 1251 1370 1332 interponere
1392 1250 1518 1330 veritus,
1542 1253 1642 1345 statim

270 1350 310 1414 ad
332 1348 513 1433 Aethiopem
540 1367 627 1414 suum
656 1350 847 1431 provocavit,
876 1350 924 1413 cui
953 1367 1020 1410 cuin
1050 1349 1243 1432 exposuisset
1270 1347 1641 1430 Trsnsubstantiationem,

268 1451 396 1535 negavit
417 1450 469 1514 ille
490 1449 550 1513 tale
572 1444 733 1531 quidquam
762 1449 842 1532 apud
871 1468 944 1513 suos
966 1448 1060 1514 credi.
1108 1448 1151 1511 At
1178 1449 1260 1535 illum
1288 1448 1481 1532 interrogare
1512 1448 1643 1512 debebat

271 1568 312 1611 an
334 1567 402 1612 cum
423 1548 504 1611 illam
521 1547 749 1613 Confessionem
773 1550 1015 1630 pronuntiabant,
1039 1549 1256 1625 existimarent,
1278 1550 1308 1611 iu
1321 1547 1416 1611 'disco
1432 1547 1640 1611 Eucharistico

270 1667 382 1731 panem
403 1640 569 1731 simplicem
592 1666 673 1729 esse,
695 1649 798 1712 vinum
820 1648 917 1714 solum
939 1651 971 1712 in
992 1649 1097 1712 culice.
1138 1647 1292 1730 Negasset
1312 1647 1342 1710 id
1364 1644 1513 1729 Aethiops
1535 1648 1644 1729 procul
1724 1636 1728 1643 ’

272 1749 378 1828 dubio,
400 1755 433 1809 ut
454 1750 578 1829 negavit
599 1748 668 1810 inihi
698 1747 856 1810 admodum
874 1750 996 1830 juveni,
1024 1756 1093 1811 ante
1117 1747 1226 1811 multos
1249 1764 1362 1825 annos,
1390 1748 1495 1811 Petrus
1524 1746 1644 1827 quidam

269 1848 433 1928 Aethiops,
456 1849 507 1928 qui
528 1845 645 1909 Lutetia
668 1848 796 1927 transiit,
818 1847 949 1931 legendo
971 1847 1050 1911 hanc
1072 1840 1240 1912 oratio‘nern
1262 1845 1418 1909 inidissali
1440 1849 1643 1929 manuscripto

270 1967 364 2030 quern
392 1965 495 2010 secum
523 1946 673 2030 gestabat.
730 1946 789 2010 Sed
820 1966 881 2011 non
911 1968 952 2011 ex
980 1948 1126 2012 similibus
1164 1947 1341 2010 testimoniis
1378 1944 1453 2009 fides
1487 1946 1645 2009 Ecclesiae

268 2047 471 2127 Aethiopicae
493 2045 663 2109 delinienda
685 2054 743 2125 est,
766 2065 834 2109 curn
856 2048 959 2111 verbis
977 2047 1046 2110 luce
1069 2046 1247 2111 clarioribus
1270 2064 1326 2127 per
1349 2064 1384 2137 se
1405 2045 1471 2129 ipsa
1494 2046 1644 2128 loquatur.

269 2148 318 2211 Ea
340 2147 367 2209 si
388 2146 467 2207 notis
489 2144 552 2208 suis
575 2144 728 2208 infuscare
758 2144 905 2210 liudolfus
935 2146 1117 2228 desperavit
1139 2145 1213 2209 nihil
1235 2146 1352 2223 mirum,
1374 2163 1441 2207 cunr
1464 2144 1645 2208 dissimulari

268 2245 401 2321 lacibus,
423 2262 511 2327 quam
532 2243 571 2307 ad
592 2243 795 2309 Lutheranuur
823 2245 933 2330 dogma
961 2247 1096 2328 torqueri
1118 2251 1238 2327 queant.
1283 2243 1416 2307 Licuerit
1446 2244 1477 2307 id
1507 2243 1644 2321 Claudio,

270 2346 327 2427 qui
346 2344 491 2408 similibus
514 2344 693 2408 testimoniis
716 2363 783 2407 curn
806 2345 968 2410 exsolvere
995 2364 1030 2409 se
1058 2361 1121 2408 non
1143 2350 1260 2426 posset,
1282 2360 1319 2405 ea
1341 2343 1462 2407 silentio
1493 2343 1644 2408 eludebat.

269 2444 435 2509 Historiam
456 2443 608 2507 scribebat
635 2442 791 2524 ludolfus,
814 2452 846 2508 et
874 2447 914 2508 ita
941 2463 1019 2528 quae
1047 2446 1077 2507 in
1099 2443 1298 2507 monumentis
1328 2442 1485 2507 Ecclesiae
1513 2441 1646 2507 Aethio·

268 2545 359 2626 picue
381 2542 562 2627 legebantur
584 2543 743 2607 bonafide
765 2544 883 2608 relerre
905 2544 988 2607 illurn
1016 2543 1185 2627 oportebat.
1230 2544 1325 2627 Hujus
1357 2543 1383 2607 si
1406 2542 1564 2606 scintillam
1585 2544 1645 2606 he·

268 2646 399 2723 buisset,
422 2650 466 2705 tot
487 2642 691 2708 invocationis
714 2643 844 2726 Spiritus
866 2647 963 2708 sancti
993 2642 1137 2707 formulas
1160 2643 1279 2707 reterre
1303 2641 1449 2705 debebat:
1480 2644 1511 2705 in
1539 2644 1643 2725 primis

269 2761 348 2806 vero
377 2741 606 2807 Conlessionern
635 2743 673 2807 de
702 2762 761 2826 qun
788 2743 956 2825 loquimur,
985 2761 1074 2827 quarn
1101 2742 1131 2804 in
1168 2741 1295 2825 singulis
1322 2741 1466 2825 liturgiis
1497 2742 1644 2827 religiose

268 2842 471 2925 pronuntiari,
493 2859 556 2906 non
577 2850 698 2925 poterat
720 2845 872 2927 ignorare.

358 2942 392 3005 ln
414 2942 564 3005 Versione
587 2950 693 3005 nostra
715 2943 894 3007 sententiam
916 2948 1018 3006 textus
1042 2938 1216 3022 Aethiopici
1238 2939 1369 3003 lideliter
1389 2938 1582 3017 reddidimus,
1605 2955 1643 3001 eo

269 3040 389 3104 facilius
412 3042 493 3124 quod
524 3041 694 3124 Coptieam,
716 3060 794 3124 quae
825 3043 923 3106 eidem
949 3041 1129 3123 respondet,
1159 3058 1225 3103 curn
1255 3057 1292 3104 ea
1315 3040 1564 3121 comparavimus.
1602 3034 1644 3101 ln

267 3159 331 3204 uno
354 3141 435 3221 loco,
458 3142 510 3223 qui
531 3140 657 3224 alicujus
680 3143 822 3205 momenti
844 3150 901 3219 est,
923 3142 1044 3224 legitur,
1068 3139 1220 3203 Christum
1249 3156 1362 3221 corpus
1396 3138 1575 3203 assumsisse
1603 3156 1644 3200 ex

270 3240 366 3303 Beata
390 3242 515 3325 Virgine
537 3242 603 3303 abac
630 3243 788 3318 mistione,
813 3249 869 3303 out
895 3242 1004 3321 copule
1024 3240 1170 3304 achacii
1222 3238 1334 3301 Verum
1364 3238 1421 3301 boc
1450 3255 1513 3300 non
1541 3238 1643 3301 dicunt

265 3340 451 3421 Aethiopes,
473 3359 574 3421 neque
590 3338 744 3421 Coptitae:
767 3339 822 3404 scd
845 3340 969 3404 duarum
980 3340 1012 3403 in
1029 3339 1150 3404 Christo
1168 3347 1341 3402 naturarum
1363 3339 1543 3413 mistionem,
1565 3353 1643 3399 con-

265 3437 419 3503 fusionem
441 3447 473 3501 ct
495 3439 702 3503 alterationem
724 3439 905 3521 excludunt,
937 3438 1045 3521 quibus
1066 3439 1171 3503 verbis
1193 3436 1339 3521 Eutychis
1361 3435 1504 3500 haeresin
1526 3436 1644 3500 abomi-

266 3538 335 3599 nari
356 3555 391 3599 se
414 3545 573 3602 testentur.
601 3606 606 3619 ‚
1217 3536 1223 3551 '

358 3635 448 3701 Circe
470 3638 568 3703 linem.
612 3637 802 3701 Samnro‘broe
829 3660 896 3702 ειιιιι
917 3641 950 3703 in
970 3641 1118 3703 veritate:
1151 3637 1258 3701 melius
1287 3656 1355 3701 nun
1379 3637 1458 3717 pide:
1485 3654 1543 3699 nec
1564 3634 1644 3697 enirn

269 3738 409 3801 remissio
431 3744 625 3817 peccatorum
648 3745 679 3800 et
700 3738 761 3800 vita
784 3745 906 3802 aeterna
921 3728 1061 3817 obtineri,
1084 3756 1141 3820 per
1153 3736 1361 3800 Eucharistiae
1382 3735 1643 3817 participationem

269 3845 391 3919 potest,
426 3835 464 3898 ab
494 3854 531 3899 eo
568 3838 618 3918 qui
645 3837 705 3900 lide
735 3845 828 3902 caret.
882 3837 990 3920 Neque
1019 3845 1119 3902 tamen
1146 3838 1319 3902 existimare
1353 3837 1511 3917 quisquam
1541 3833 1643 3910 debet,

270 3935 443 4000 Orientales
465 3935 591 4019 alligare
612 3935 683 4000 lidei
706 3938 984 4001 communicantium
1003 3956 1108 4001 veram
1123 3937 1264 4019 corporis
1278 3934 1388 3999 Christi
1410 3935 1643 4017 susceptionem.

268 4035 404 4100 Fuerunt
425 4034 533 4116 quibus
555 4034 631 4099 haec
654 4039 790 4118 quaestio
814 4044 940 4100 tractata
962 4044 1019 4117 cst,
1043 4046 1076 4100 ut
1100 4037 1180 4100 inter
1202 4035 1278 4100 alios
1299 4034 1464 4117 Dionysius
1486 4031 1642 4109 Barsalibi,

268 4143 302 4199 et
324 4134 457 4199 Severus
479 4135 649 4217 Episcopus
678 4135 880 4200 Aschrnonin:
910 4155 982 4201 num
1009 4135 1148 4200 infideles
1175 4152 1290 4217 corpus
1321 4132 1433 4198 Christi
1458 4134 1642 4216 acciperent.

266 4233 358 4298 Nulla
379 4243 445 4299 erat
467 4235 646 4313 obscuritas,
669 4236 695 4299 si
718 4236 748 4299 id
770 4236 852 4319 quod
874 4236 1115 4301 Protestantibus
1146 4237 1277 4313 videtur,
1300 4234 1517 4309 credidissent,
1546 4232 1642 4331 solam

268 4333 359 4398 fidem
380 4336 510 4398 medium
531 4353 603 4398 esse
625 4352 686 4418 quo
703 4334 813 4399 Christi
835 4355 949 4418 corpus
970 4338 1147 4420 percipitur.
1192 4337 1305 4399 Verum
1328 4352 1395 4398 cunr
1418 4333 1498 4398 ahud
1521 4330 1641 4395 ommno

267 4433 416 4498 haherent
437 4435 469 4498 in
491 4435 601 4516 animo,
624 4434 662 4498 ad
684 4435 827 4500 miracula
848 4444 1061 4517 recurrerunt,
1089 4443 1120 4500 ct
1142 4436 1242 4500 multis
1265 4434 1379 4518 placuit
1399 4434 1496 4498 Deum
1518 4429 1643 4495 mirabi-

267 4533 338 4598 liter
360 4533 483 4597 aulerre
504 4542 535 4597 et
556 4534 736 4598 subtrahere
759 4553 871 4618 corpus
894 4535 1021 4601 Christi:
1044 4537 1131 4600 utin
1153 4536 1363 4600 communione
1378 4532 1475 4597 Judne
1493 4531 1643 4595 Christum

268 4631 382 4699 iecisse
404 4635 540 4698 nonnulli
562 4636 826 4699 existimaverunt:
850 4636 1027 4720 intingendo
1049 4637 1168 4701 scilicet
1183 4634 1359 4715 buccellam,
1382 4632 1643 4697 consecrationem

269 4751 310 4796 ex
337 4753 374 4798 ea
404 4734 575 4801 abstulisse.
623 4734 685 4800 Sed
715 4740 766 4818 qui
794 4736 833 4800 ad
860 4736 950 4802 fldem
980 4737 1208 4821 suscipientium
1236 4735 1377 4801 ellectum
1406 4729 1643 4796 consecrationis

268 4833 417 4911 retulerit,
439 4834 537 4899 nullus
560 4836 722 4918 reperitur.

1350 4934 1437 5012 81*
