4525 6034
678 597 759 670 XIV
1103 603 1609 684 otsstttrtrto

679 799 714 860 et
740 793 953 861 instrumenta
979 786 1236 878 Patriarcbalia‚
1263 790 1342 862 nibil
1367 794 1400 862 in
1427 815 1469 864 ea
1496 791 1705 867 scriberetur.
1740 794 1838 892 Siris
1865 799 1966 890 igitur
1990 799 2054 871 fa-

679 906 742 978 cile
767 905 827 978 luit
853 905 968 978 Officia
993 927 1083 978 nova
1110 905 1276 995 scribare,
1309 911 1461 1002 quamvis
1493 909 1607 1003 lingua
1641 912 1790 1005 vulgaris
1826 935 1904 987 esse
1929 914 2052 990 dudum

679 1023 877 1095 desivisset:
905 1022 978 1094 aliis
1004 1043 1073 1094 non
1099 1026 1188 1094 item.
1240 1022 1321 1096 Inde
1346 1024 1470 1098 facturn
1497 1034 1532 1097 ut
1556 1025 1685 1100 illorum
1712 1027 1814 1102 multo
1828 1029 1935 1126 plura,
1952 1054 2056 1126 quam

678 1140 879 1233 reliquorum
907 1138 1167 1211 Christianorum
1196 1139 1411 1213 Orientalium
1425 1140 1539 1214 Officia
1556 1141 1748 1217 habeantur.
1774 1145 1936 1219 Extitisse
1952 1151 2057 1221 etiam

680 1258 855 1350 antiquitus
881 1257 914 1326 in
941 1254 997 1327 illa
1022 1254 1210 1328 Jacobitica
1236 1254 1390 1330 Ecclesia
1426 1258 1622 1354 multiplices
1647 1259 1818 1354 liturgias
1854 1275 2055 1354 argumento

681 1381 750 1459 est,
778 1394 818 1442 ea
846 1394 943 1465 ([ιιιιιιι
968 1371 1117 1444 loannes
1152 1394 1249 1467 quem
1282 1372 1441 1466 Magnum
1477 1374 1644 1471 appellant
1675 1377 1867 1450 Pat1iarcha
1902 1377 2056 1472 collegit,

680 1492 825 1561 servatis
853 1488 989 1559 aliarum
1015 1487 1129 1560 verbis
1157 1496 1191 1559 et
1217 1494 1399 1563 sententiis.
1429 1492 1589 1578 Quamvis
1615 1503 1724 1565 autem
1750 1494 1835 1566 illius
1863 1503 1957 1567 aetas
1981 1519 2053 1569 non

680 1608 761 1679 satis
787 1613 964 1701 perspecta
992 1607 1051 1694 sit,
1085 1614 1120 1676 at
1152 1603 1321 1678 scribebat
1353 1618 1508 1702 quanmm
1541 1611 1709 1700 conjicere
1741 1631 1938 1705 possumus,
1972 1623 2054 1686 ante

679 1743 785 1794 annos
811 1732 846 1793 ut
872 1725 977 1793 minus
1005 1732 1198 1797 sexcentos.
1248 1724 1361 1819 Atque
1393 1722 1477 1796 baec
1507 1734 1584 1796 sunt
1610 1748 1695 1819 quae
1722 1725 1764 1798 da
1790 1730 1862 1799 istis
1888 1726 2053 1820 Liturgiis

679 1836 884 1932 probabilius
911 1836 976 1909 dici
1003 1858 1106 1932 posse
1133 1838 1308 1929 videntur,
1336 1838 1443 1911 donec
1468 1840 1607 1913 meliora
1635 1851 1669 1912 et
1695 1846 1839 1915 certiora
1858 1865 1903 1914 ex
1920 1844 2052 1917 Orien-

679 1954 799 2026 talibus
825 1952 916 2025 libris
944 1957 999 2049 qui
1025 1953 1068 2026 ad
1094 1976 1211 2027 manus
1237 1965 1371 2028 nostras
1397 1976 1464 2028 non
1490 1968 1731 2052 pervenerunt,
1764 1958 1971 2051 detegantur.

391 2077 522 2149 liturgiae
537 2096 667 2133 commen·
782 2070 905 2142 XXIV.
932 2069 1040 2142 Unum
1067 2069 1231 2162 adjicere,
1259 2077 1551 2169 operaepretium
1578 2076 1658 2145 erit:
1685 2096 1805 2168 nempe
1831 2073 1987 2169 quidquid
2009 2077 2052 2149 de

358 2163 450 2218 ΜΨ
476 2182 491 2217 ¹¹
518 2169 741 2258 sinceritateillis
769 2186 889 2259 Officiis
916 2196 1077 2259 statuantur
1101 2186 1157 2259 illa
1184 2186 1306 2283 duplici
1330 2191 1460 2261 ratione
1487 2188 1733 2280 commendari,
1760 2193 1959 2265 sinceritatis
1973 2198 2049 2265 sci-

355 2258 383 2303 et
400 2260 536 2306 vetum
676 2302 773 2393 licet,
808 2310 906 2396 atque
932 2306 1118 2376 vetustatis.
1157 2304 1244 2376 Nam
1270 2308 1399 2396 omnia,
1432 2326 1570 2399 quorum
1604 2308 1796 2378 versionem
1831 2306 1967 2399 damus,
2002 2332 2049 2381 ex

675 2422 807 2513 optimis
839 2439 904 2490 nec
937 2418 1147 2514 interpolatis
1179 2419 1349 2493 codicibus
1381 2443 1545 2517 expressa
1581 2431 1677 2512 sunt,
1715 2426 1822 2517 iisque
1854 2445 1923 2495 non
1956 2428 2047 2497 unis:

675 2545 774 2632 atque
802 2535 887 2608 adeo
907 2536 1048 2632 plurium
1074 2557 1261 2610 consensus
1287 2540 1322 2608 in
1347 2541 1491 2631 genuina
1517 2537 1660 2610 lectione
1673 2538 1897 2610 confirmanda
1913 2538 2048 2634 plenam

676 2655 885 2725 autoritatem
911 2651 1027 2743 habet,
1055 2676 1154 2749 quam
1180 2654 1420 2750 exemplarium
1447 2657 1621 2750 minuitas
1656 2654 1698 2727 ab
1733 2658 1821 2727 omni
1856 2658 2050 2751 suspicione

674 2769 829 2842 vindicat.
882 2768 960 2865 lpsa
987 2791 1072 2843 vero
1098 2773 1132 2842 in
1157 2792 1220 2843 usu
1246 2769 1369 2861 baisse,
1394 2769 1470 2843 libri
1497 2792 1629 2866 quoque
1654 2772 1717 2865 ipsi
1745 2779 1928 2863 testantur,
1960 2771 2046 2844 adeo

673 2890 739 2958 triti
765 2895 927 2982 apparent
952 2886 1162 2959 sacerdotum
1188 2887 1357 2961 munibus:
1384 2887 1534 2958 etmulti
1561 2889 1734 2959 extantia
1762 2908 1902 2981 quorum
1928 2890 2045 2961 vacuis

672 3001 760 3075 foliis
788 3002 973 3098 aliquorum
999 2996 1152 3095 nomina,
1178 3013 1246 3075 tum
1274 3026 1388 3077 eorum
1415 3024 1499 3098 quos
1516 3000 1787 3098 baptisaverunt,
1814 3002 1886 3075 dies
1903 3002 2044 3076 ordina-

672 3122 789 3209 tionis,
817 3120 927 3192 obitus
953 3119 1196 3215 Episcoporum
1224 3130 1280 3192 ant
1306 3118 1590 3209 Patriarcbarum,
1623 3129 1680 3191 aut
1710 3119 1930 3191 Sacerdotum
1963 3141 2042 3191 suae

672 3234 860 3324 Ecclesiae,
875 3234 1114 3309 adscribuntur.
1141 3235 1304 3308 Eumdem
1322 3258 1417 3308 usum
1442 3235 1587 3331 probant
1599 3238 1788 3308 recentiora
1813 3234 2040 3307 nonnullarum

674 3349 891 3446 exemplaria,
918 3374 1004 3446 quae
1029 3354 1171 3424 vetustis
1198 3351 1361 3425 simillima
1387 3360 1476 3425 sunt:
1503 3353 1645 3447 sparsim
1666 3353 1754 3423 enim
1770 3351 1943 3442 liturgiae
1969 3350 2041 3423 illae

673 3471 898 3563 reperiuntur,
930 3490 1040 3563 nequa
1067 3490 1112 3540 ex
1138 3468 1247 3541 multis
1275 3467 1445 3541 codicibus
1473 3489 1557 3563 quos
1583 3465 1775 3557 habuimus,
1807 3465 1906 3539 nobis
1933 3490 2039 3562 appa-

672 3588 749 3674 ruit,
774 3605 873 3655 unum
902 3583 1042 3678 aliquam
1059 3583 1242 3679 brissequo
1260 3604 1376 3657 omnes
1403 3585 1661 3674 continerentur,
1688 3582 1774 3655 adeo
1799 3591 1836 3656 ut
1861 3582 1981 3677 nullus,
2005 3590 2037 3653 ut

673 3700 760 3796 apud
789 3697 950 3796 Coptitas,
977 3701 1088 3772 codex
1115 3709 1209 3772 extet
1241 3703 1296 3795 qui
1328 3699 1551 3792 liturgiarum
1586 3720 1708 3795 corpus
1741 3701 1908 3791 integrum
1943 3721 2036 3771 com-

672 3815 844 3911 plectatur.
871 3817 956 3889 Hino
989 3826 1144 3912 quantum
1177 3819 1357 3908 conjectari
1389 3816 1466 3889 licet
1499 3802 1728 3904 confirmatur,
1759 3814 1793 3886 id
1820 3813 1909 3909 quod
1935 3835 2034 3908 supe-

672 3935 742 4003 rius
769 3935 947 4025 tetigimus,
974 3936 1008 4004 in
1034 3934 1227 4007 vastissima
1254 3932 1311 4005 illa
1336 3929 1546 4004 Antiochena
1570 3929 1740 4018 Oioecesi,
1769 3929 1977 4019 cananeas,
2001 3937 2034 3999 at

673 4050 767 4143 ipsos
794 4052 892 4120 etiam
918 4049 1119 4145 Episcopus,
1146 4048 1266 4121 multas
1292 4050 1480 4143 scripsisse,
1506 4047 1564 4119 vel
1589 4046 1767 4143 probasse,
1795 4069 1882 4142 quae
1907 4050 1941 4118 in
1963 4044 2032 4117 Ec-

675 4163 778 4236 clesia
803 4164 1012 4239 Antiocbcna
1038 4188 1134 4240 usum
1159 4188 1228 4238 non
1253 4163 1425 4237 baberent

386 4307 501 4364 omnum
517 4313 599 4366 torma
614 4332 661 4369 ω.
777 4281 885 4354 XXV.
913 4281 1064 4354 Omnium
1089 4303 1191 4378 porro
1219 4280 1456 4383 exemplarium
1483 4304 1570 4376 quae
1595 4283 1629 4351 in
1652 4280 1789 4353 Oriente
1807 4278 1849 4351 ab
1878 4279 2030 4372 indigenis

351 4395 409 4449 aem
427 4407 474 4451 aa.
674 4397 842 4494 descripta
869 4409 944 4472 sunt
968 4398 1077 4471 forna
1104 4398 1223 4471 eadem
1256 4407 1310 4470 est
1348 4420 1434 4493 quae
1467 4400 1781 4492 antiquissimorum:
1815 4418 1836 4468 a
1871 4419 1935 4491 qua
1959 4396 2028 4467 lon·

673 4517 748 4606 gius
776 4514 909 4603 abeunt,
935 4536 1162 4610 quaecumque
1187 4537 1235 4586 ex
1260 4512 1390 4586 illorum
1416 4514 1565 4587 manibus
1592 4512 1785 4610 prodierunt
1812 4517 1868 4607 qui
1903 4516 1937 4585 in
1960 4510 2024 4582 llu-

672 4650 791 4727 rnpam
816 4635 1004 4719 venientes,
1031 4630 1108 4702 dum
1132 4630 1209 4703 fidei
1236 4652 1318 4704 suae
1353 4633 1574 4705 ειιιοθιιιιιιθιιι
1607 4630 1838 4702 demonstrare
1873 4635 2023 4722 satagunt

671 4758 881 4820 mutaverunt
908 4768 1136 4843 quaecumque
1162 4770 1183 4818 a
1207 4747 1443 4837 blissionariis,
1469 4745 1654 4842 improbata
1681 4766 1759 4817 esse
1786 4746 1973 4833 audierant,
1995 4750 2023 4812 et

671 4864 788 4936 similia
816 4886 920 4960 saepe
945 4862 1098 4953 vidimus,
1125 4886 1212 4958 quae
1238 4874 1274 4935 nt
1297 4863 1420 4936 inutilia
1445 4862 1556 4959 plane,
1582 4884 1630 4934 ex
1654 4862 1718 4934 bac
1751 4860 1948 4934 collectione
1970 4881 2021 4930 rc·

668 4981 813 5071 jicienda
843 4980 1076 5073 judicavimus,
1111 5002 1186 5051 oum
1215 4980 1303 5051 nulla
1345 4984 1388 5053 sit
1427 4978 1557 5053 illorum
1597 4983 1769 5051 autoritas:
1803 5000 1913 5074 neque
1948 4976 2020 5045 enin

671 5100 870 5191 quaerimus,
897 5120 983 5192 quac
1010 5093 1131 5169 debeat
1156 5118 1202 5168 ex
1228 5094 1340 5168 talium
1367 5117 1544 5169 censorum
1571 5099 1734 5169 sententia
1761 5115 1840 5169 esse
1875 5094 2019 5167 Orienta-
