4525 6034
598 597 629 674 s.
660 596 863 675 uolanis
894 581 1232 676 rauaraaoaan'.
1520 604 1595 681 aaa

225 786 324 873 nitas,
351 782 583 857 confessiones
610 781 849 892 incessabiles,
876 806 1050 880 vocesque
1075 789 1258 880 gratiarum
1284 791 1441 879 actionis,
1477 794 1597 866 offeri-

226 922 299 972 mus
326 900 386 972 tibi
411 901 574 989 Domine,
599 910 736 996 propter
762 900 975 996 multiplicem
1001 925 1085 995 erga
1111 925 1175 975 nos
1201 905 1464 980 misericordiam
1490 921 1597 998 tuam3

228 1020 303 1109 quia
330 1019 506 1113 pepercisti
534 1015 661 1087 delictis
688 1020 812 1091 nostris
838 1040 901 1113 per
927 996 1068 1110 gratiam
1096 1031 1197 1109 tuam,
1224 1031 1257 1091 et
1283 1024 1439 1095 remisisti
1458 1038 1598 1119 peccate

226 1141 340 1203 nostra
367 1156 429 1229 per
455 1136 778 1205 commiserationem
804 1142 903 1205 tuam
957 1135 1080 1208 Fecisti
1114 1159 1176 1209 nos
1207 1134 1356 1208 babitare
1381 1142 1416 1211 in
1441 1140 1597 1236 Ecclesia

226 1258 282 1321 tria
319 1258 455 1338 sancta,
491 1260 525 1320 et
559 1247 644 1322 lbos
678 1257 752 1322 tuos
787 1273 850 1346 per
884 1255 1024 1344 gratim
1060 1264 1150 1325 mam
1176 1257 1305 1325 vocasti
1331 1277 1410 1328 nos:
1436 1261 1599 1332 miscuisti

226 1386 350 1459 corpus
376 1368 535 1457 unigeniti
561 1365 635 1437 Filii
662 1368 708 1437 tui
734 1388 808 1437 cum
830 1367 1029 1461 corporibus
1051 1372 1188 1459 nostris,
1216 1379 1250 1442 et
1271 1375 1493 1466 permiscuisti
1512 1398 1597 1449 san-

226 1484 358 1573 guinem
393 1483 465 1573 ejus
498 1481 655 1554 membris
687 1484 832 1570 nostris;
865 1482 1051 1580 dignosque
1084 1490 1278 1582 praestitisti
1310 1509 1373 1561 nos
1407 1496 1598 1563 communi-

225 1598 323 1670 candi
348 1600 510 1692 mysterio
538 1609 594 1671 tuo
622 1607 748 1671 sancto.
784 1598 959 1690 Rogamus
987 1610 1095 1674 autam
1123 1612 1157 1674 ei
1183 1603 1400 1699 deprecamur
1417 1617 1449 1678 te
1470 1619 1598 1681 amator
1635 1623 1638 1630 ’

225 1713 409 1803 bominum,
442 1725 478 1786 ut
509 1737 574 1786 non
607 1726 789 1787 convertas
820 1713 926 1788 festos
963 1716 1035 1789 dies
1069 1728 1204 1793 nostros
1240 1722 1273 1791 in
1305 1720 1447 1809 luctum,
1485 1745 1596 1820 neque

223 1829 367 1926 hymnos
393 1842 528 1904 nostros
555 1835 589 1903 in
614 1831 798 1928 planctum:
825 1854 869 1902 ac
896 1833 1033 1906 inclines
1061 1839 1170 1931 capito
1197 1847 1311 1908 nostra
1338 1837 1526 1930 injudicio,
1552 1865 1596 1913 no

225 1947 463 2020 confundamur
490 1952 523 2019 in
556 1948 670 2020 ultimo
705 1947 759 2019 dic
794 1947 1036 2023 retributionis:
1070 1972 1113 2023 ne
1148 1952 1277 2047 pudore
1311 1954 1433 2027 afficias
1466 1977 1529 2028 nos
1564 1960 1597 2029 iu

225 2062 279 2135 die
306 2064 420 2157 judicii
457 2067 516 2136 tui:
553 2087 596 2136 nc
625 2064 755 2156 judices
790 2088 853 2137 nos
886 2068 919 2136 in
956 2065 1009 2137 die
1042 2077 1135 2139 ortus
1169 2071 1231 2140 tui:
1267 2091 1311 2140 ne
1337 2070 1596 2144 condemnemur

224 2179 388 2254 cumillis
425 2184 479 2276 qui
513 2191 547 2252 te
578 2204 646 2253 non
679 2192 861 2253 noverunt:
897 2205 941 2253 nc
972 2186 1158 2256 cruciemur
1194 2209 1267 2258 cum
1304 2186 1367 2258 illis
1400 2190 1455 2282 qui
1486 2199 1519 2260 te
1553 2190 1596 2261 ad

222 2296 426 2369 iracundiam
452 2308 740 2393 provocaverunt3
767 2297 829 2370 sed
854 2321 916 2393 per
942 2304 1084 2392 gratiam
1111 2311 1199 2373 tuam
1227 2302 1323 2375 salva
1350 2325 1433 2391 nos,
1460 2315 1594 2377 etcum

223 2413 298 2486 filiis
325 2416 509 2509 nuptiarum
537 2423 663 2485 tuamm
692 2417 866 2510 quiescere
889 2413 970 2508 jube
996 2438 1073 2506 nos,
1104 2427 1138 2489 et
1165 2416 1373 2490 discumbere
1400 2442 1475 2490 cum
1496 2421 1595 2512 justis

223 2532 257 2601 ia
282 2530 449 2625 paradiso.
501 2530 555 2602 Da
581 2528 679 2603 nobis
706 2534 802 2623 regni
829 2534 874 2610 tui
900 2530 1100 2605 beatitudine
1125 2532 1269 2629 perfrui,
1300 2545 1334 2606 et
1361 2535 1422 2608 alis
1449 2538 1594 2610 commi-

225 2651 402 2720 scrationis
429 2657 506 2719 tuae
532 2656 675 2742 protege
709 2668 787 2735 nos,
821 2658 854 2719 et
889 2660 1025 2744 praesta
1057 2660 1093 2721 ut
1126 2673 1240 2723 coram
1274 2652 1359 2724 solio
1394 2651 1516 2725 Christi
1548 2654 1595 2722 tui

224 2767 477 2836 excusationem
519 2762 645 2836 babere
679 2767 863 2858 possimus,
904 2787 966 2862 per
999 2789 1115 2872 quem,
1153 2780 1186 2840 et
1219 2790 1294 2839 cum
1330 2791 1395 2863 quo
1430 2778 1465 2840 te
1498 2767 1595 2839 decet

224 2880 351 2972 gloria,
378 2890 440 2954 etc.

328 2996 489 3089 Populos.
542 2996 662 3067 Amen.

328 3112 512 3185 Sacerdos.
565 3111 649 3184 Pax.
697 3148 705 3159 ·

325 3230 488 3323 Populus.
541 3228 686 3301 Etcum
714 3230 829 3324 spiritu
856 3241 922 3304 tuo.

205 3373 211 3382 ·
326 3347 515 3418 Diaconos.
568 3348 660 3418 Post.

325 3464 487 3558 Populos.
541 3463 666 3538 Coram
692 3474 726 3535 ta
751 3465 902 3537 Domine.

325 3580 509 3652 Sacerdos.
555 3580 730 3676 bynna,
765 3580 900 3671 laudes,
932 3601 1105 3675 vocesque
1140 3582 1320 3673 gratiarum
1348 3583 1488 3652 actionis
1515 3605 1590 3653 cum

223 3698 345 3792 gaudio
373 3698 540 3769 offerimus
568 3696 625 3769 tibi
651 3698 795 3769 Domine
820 3706 937 3768 noster
963 3697 1045 3768 Jcsu
1079 3695 1228 3785 Christe,
1263 3719 1325 3792 pro
1360 3697 1494 3769 auxiliis
1527 3702 1591 3771 tuis

223 3837 306 3907 erga
332 3837 411 3886 nos:
440 3816 516 3909 quia
542 3836 605 3886 nos
637 3824 836 3908 peccatores
873 3834 994 3885 servos
1027 3822 1121 3904 tuos,
1158 3811 1277 3905 dignos
1312 3812 1421 3887 fecisti
1454 3838 1591 3887 munere

222 3931 287 4004 boc
314 3930 438 4003 divino.
491 3931 637 4002 Petimus
665 3954 684 4002 a
712 3940 757 4020 te,
784 3953 805 4002 o
831 3928 995 4021 refugium
1022 3940 1248 4025 peccatorum,
1275 3940 1410 4003 sanator
1435 3930 1591 4003 infirmo-

220 4071 311 4137 rum,
338 4056 542 4118 restaurator
568 4044 766 4135 imbellium,
800 4044 929 4137 adJutor
956 4049 1155 4142 animarum,
1190 4054 1366 4140 susceptor
1392 4048 1589 4138 orationum,
1667 4070 1669 4074 ’

223 4168 344 4259 quique
381 4162 547 4259 postulata
583 4161 763 4251 concedis,
795 4161 929 4234 demitte
962 4161 1135 4233 dexteram
1169 4173 1258 4234 tuam
1285 4162 1416 4258 plenam
1443 4161 1588 4233 benedi-

222 4284 351 4366 ctione,
387 4289 421 4350 et
454 4277 597 4351 benedic
630 4301 693 4351 nos
727 4301 843 4351 omncs
879 4300 1000 4351 servos
1028 4289 1117 4364 tuos,
1154 4280 1352 4365 universim,
1387 4300 1529 4369 magnos
1557 4290 1590 4350 et

220 4419 357 4494 parvos,
385 4398 479 4468 viros
506 4405 540 4467 et
564 4394 740 4485 loeminas,
774 4395 827 4467 Da
853 4393 950 4466 nobis
977 4404 1012 4466 ut
1038 4405 1163 4467 stemm
1186 4415 1299 4465 coram
1320 4402 1447 4465 tecum
1470 4396 1589 4465 timore

222 4526 256 4587 et
272 4525 426 4586 tremore.
468 4511 616 4585 Benedic
635 4511 812 4585 Ecclesiae
840 4521 915 4582 tuac
942 4522 1093 4600 sunctae,
1119 4509 1297 4606 multipbca
1317 4510 1476 4583 Pastores
1504 4513 1589 4600 ejus,

221 4630 372 4724 glorifica
399 4628 602 4702 Sacerdotes
630 4629 742 4702 altaris
770 4630 826 4718 tui,
853 4637 887 4699 ct
913 4629 1127 4699 ministerium
1150 4648 1266 4698 eorum
1290 4629 1433 4720 suscipe.
1466 4623 1590 4696 blanda

221 4748 405 4836 Diaconos,
433 4756 468 4817 et
492 4754 609 4817 cantus
636 4767 751 4818 eorum
778 4752 936 4839 acceptos
962 4741 1058 4815 babe.
1108 4737 1277 4814 Confirma
1304 4763 1415 4831 senes,
1442 4740 1589 4816 infirmos

223 4862 393 4950 conforta,
426 4861 530 4933 reduc
561 4859 702 4933 feliciter
737 4859 918 4950 absentes,
947 4870 1144 4955 praesentes
1172 4857 1320 4948 custodi,
1347 4862 1504 4955 impetum
1525 4861 1589 4950 ju-

222 5002 343 5050 venum
372 4999 512 5068 coerce,
546 5001 670 5074 pucros
705 4977 759 5052 fac
795 4998 869 5048 cum
901 4975 1063 5050 modestia
1095 4997 1261 5049 crescere.
1321 4974 1411 5048 Sana
1444 4974 1587 5046 Domine

223 5106 406 5189 aegrotos:
433 5096 691 5192 intemperantes
717 5093 773 5167 fac
799 5102 1037 5189 temperantes:
1071 5092 1151 5166 lava
1178 5101 1212 5164 et
1237 5090 1357 5163 munda
1384 5113 1445 5164 eos
1471 5094 1527 5187 qui
1553 5094 1587 5161 in

1309 5207 1389 5284 64*
