4525 6034
753 549 1170 630 struuntur„
1569 554 1623 630 '23

358 736 474 811 Gratia
509 746 620 810 autumn
658 737 829 812 'l'rinitatis
862 747 1020 832 sauctae,
1059 738 1261 828 laudandae,
1299 740 1469 815 increatae
1507 740 1624 816 susbsi-

251 858 372 928 stentis
398 857 433 926 in
459 859 606 928 essentia
639 876 719 949 sua,
752 865 932 947 acernae,
968 855 1158 930 adorandae
1191 866 1225 929 et
1259 857 1549 933 consubstantialis
1582 863 1626 934 sit

249 994 329 1045 cum
356 970 508 1045 omnibus
533 971 635 1046 vobis
661 975 695 1044 in
721 972 865 1046 saecuta.

354 1088 542 1161 Diocom
570 1085 654 1161 Dum
680 1091 800 1163 timore
825 1089 902 1161 Deo
928 1087 1145 1161 attendamus.

352 1204 515 1297 Populea.
542 1203 636 1277 Unus
663 1204 765 1277 Pater
791 1213 941 1293 sanctus,
969 1213 1032 1276 etc

354 1320 530 1392 Sacerdos
556 1321 668 1392 etevat
691 1324 869 1414 capiterio,
896 1328 932 1393 et
957 1321 1052 1393 dicit.
1102 1319 1211 1393 Parce
1235 1320 1380 1395 Domine
1406 1332 1440 1395 et
1461 1325 1625 1397 miserere

249 1434 358 1508 uobis
411 1435 537 1509 Sancta
563 1438 698 1510 sanctis.

353 1550 447 1625 Unus
472 1552 574 1625 Pater
599 1562 734 1627 rancun
760 1553 949 1627 nobiscum:
976 1556 1032 1651 qui
1057 1554 1203 1629 salvavit
1221 1554 1376 1628 muudum
1393 1578 1456 1652 per
1468 1554 1622 1630 clemen-

249 1671 331 1741 tiam
358 1690 461 1740 suam.
537 1668 700 1762 Pupatac.
725 1670 845 1743 Amen

355 1783 543 1858 Sacerdos.
569 1784 663 1858 Unus
689 1784 793 1857 Filius
820 1795 954 1857 sanctus
980 1784 1171 1875 nobiscum,
1199 1791 1255 1884 qui
1280 1786 1427 1863 salvavit
1458 1812 1534 1862 eum
1559 1810 1623 1885 per

249 1903 428 1999 passiones
454 1904 621 1998 pretiosas
646 1922 814 1997 personae
840 1923 932 1973 suae.
1010 1902 1174 1996 Populea.
1199 1903 1320 1975 Amen

356 2030 540 2103 Sacerdos.
575 2030 669 2104 Unus
702 2030 844 2127 Spiritus
877 2041 1012 2104 sauctus
1045 2030 1235 2121 nobiscum,
1277 2034 1333 2128 qui
1365 2043 1417 2105 est
1452 2032 1623 2129 perfector

250 2158 287 2220 et
311 2142 558 2221 consummator
585 2149 729 2221 omnium
755 2170 842 2242 quae
868 2157 944 2219 suut
969 2159 1025 2221 aut
1055 2147 1196 2220 tuemnt
1249 2147 1302 2221 Sit
1332 2171 1454 2223 nomen
1484 2151 1619 2224 Domini

249 2264 476 2353 benedictum,
505 2287 550 2337 ex
577 2262 643 2336 hoc
668 2285 757 2336 nunc
783 2272 818 2334 et
841 2284 948 2358 usque
973 2266 1008 2335 in
1033 2263 1212 2338 saeculum.

354 2381 517 2475 Populus.
543 2380 663 2453 Amen.

355 2497 543 2570 Diaconos.
570 2497 609 2570 In
635 2494 825 2602 sacrificiis,
851 2504 915 2568 etc.

354 2629 529 2701 Sacerdos
563 2632 678 2722 operit
710 2631 872 2721 mysteria
906 2628 991 2701 odic
1023 2632 1112 2702 aaa:
1143 2632 1338 2725 accipitque
1374 2630 1553 2719 cochlear,
1588 2638 1624 2704 et

250 2749 395 2840 imponit
419 2746 502 2818 illud
523 2746 628 2818 catini
633 2802 643 2840 ‚
671 2751 706 2816 et
718 2744 925 2838 partiendam
941 2746 1355 2839 superdiecamcoltocat
1383 2748 1622 2843 descenditque

249 2863 295 2934 ab
323 2863 444 2951 aaa,
472 2870 507 2935 et
528 2864 764 2957 prostratione
786 2865 887 2954 sacta
912 2883 1030 2933 coram
1054 2885 1170 2934 menso
1195 2866 1305 2951 citae,
1333 2863 1418 2934 dicit
1439 2863 1504 2935 tas
1530 2885 1620 2934 ora-

249 2983 361 3050 tiones
385 2984 536 3066 nemeto,
564 3001 638 3049 cam
664 2977 770 3048 corde
795 2980 940 3072 affecto,
968 2978 1192 3079 taprpmiapne
1218 2986 1253 3051 et
1277 2981 1443 3074 auspiciis.

358 3110 499 3183 Praesta
524 3109 602 3182 mihi
628 3109 791 3199 Domine,
817 3120 853 3182 ut
879 3113 1052 3183 comedam
1078 3120 1112 3183 to
1139 3122 1271 3202 sancte,
1298 3122 1333 3183 et
1357 3135 1419 3208 per
1435 3115 1621 3185 comestio-

249 3251 329 3301 nem
354 3227 444 3300 illam
480 3228 526 3298 tui
557 3225 722 3322 pellantur
748 3229 858 3299 omnia
884 3249 990 3322 prava
1017 3250 1093 3300 mea
1120 3227 1301 3303 desideria:
1329 3240 1436 3324 etper
1450 3232 1621 3324 potionem

251 3344 366 3419 calicis
393 3346 438 3415 tui
464 3345 535 3416 vivi
567 3345 801 3436 extinguantur
825 3346 1000 3440 passiones
1020 3346 1130 3417 caruis
1154 3367 1265 3417 meae:
1293 3344 1478 3441 dignusque
1500 3348 1623 3419 efficiar

251 3464 490 3560 propitiatione
530 3457 741 3549 delictorum,
781 3470 815 3532 et
852 3462 1050 3533 remissione
1083 3471 1316 3557 peccatorum,
1349 3461 1494 3535 Domine
1526 3463 1621 3535 Deus

249 3589 386 3668 noster,
411 3581 446 3649 in
472 3576 607 3649 saecula
634 3575 853 3650 saeculorum.

356 3712 451 3783 Atia.
485 3712 626 3784 Praesta
666 3708 783 3800 nohis,
817 3711 959 3784 Domine
990 3710 1102 3802 Deus,
1134 3720 1170 3782 ut
1202 3711 1444 3785 sanctificentur
1476 3735 1622 3810 corpora

249 3840 368 3903 nostra
402 3850 547 3924 corpore
573 3836 630 3899 tuo
657 3836 794 3916 sancto,
829 3838 864 3900 et
888 3829 1108 3901 illuminentur
1134 3832 1264 3901 animae
1288 3838 1426 3903 nostrae
1458 3831 1621 3921 sauguine

249 3956 309 4019 tuo
336 3946 584 4042 propitiatorio:
611 3946 655 4017 sit
679 3943 723 4016 ad
749 3946 1015 4040 propitiationem
1042 3945 1237 4018 delictorum
1270 3955 1477 4038 nostrorum,
1512 3956 1547 4019 et
1579 3944 1620 4017 ad

249 4065 483 4135 remissionem
508 4071 723 4158 peccatorum
749 4071 954 4150 nostrorum,
980 4061 1124 4135 Domine
1151 4063 1243 4134 Deus
1269 4071 1384 4134 noster
1409 4066 1444 4134 in
1476 4061 1620 4136 saeerda.

355 4195 450 4266 Atta.
476 4195 617 4266 Praesta
642 4190 741 4266 nobis
767 4193 1044 4282 nominemus,
1071 4204 1108 4267 ut
1133 4194 1346 4268 comedamus
1382 4218 1504 4292 corpus
1530 4204 1619 4267 tuum

249 4322 418 4403 ειιιιοιιιιιι,
445 4319 479 4383 et
502 4308 654 4383 bihamus
681 4312 878 4401 sanguinem
904 4320 993 4383 turum
1019 4312 1301 4407 propitiatorium,
1337 4313 1505 4407 simusque
1531 4312 1618 4384 hae-

249 4428 351 4501 redes
377 4432 411 4499 in
437 4448 544 4520 regno
571 4436 629 4498 tuo
655 4424 811 4516 coelesti,
845 4449 920 4499 cnm
953 4425 1104 4500 omnibus
1139 4431 1195 4524 qui
1228 4427 1424 4523 placuenrnt
1456 4425 1619 4501 voluntati

254 4554 332 4618 urae
356 4543 487 4634 honae,
512 4543 659 4615 Domine
684 4542 778 4615 Deus
804 4553 923 4615 noster
948 4545 982 4614 in
1008 4542 1153 4616 saecula.

355 4678 405 4750 Et
430 4676 585 4749 accendit
609 4698 713 4770 cuper
738 4677 900 4770 padum,
927 4682 962 4747 et
986 4676 1063 4748 darn
1088 4678 1218 4771 accipit
1245 4674 1453 4771 partiendam
1481 4698 1527 4748 en
1553 4697 1619 4746 co-

250 4794 383 4867 ctdeari
408 4793 543 4883 aalide,
569 4792 663 4864 dicit.

355 4926 472 5000 Teneo
509 4947 575 5018 ego
607 4933 642 4996 te
677 4927 732 5020 qui
764 4925 914 4999 contines
945 4923 1029 5001 fines
1056 4923 1163 4999 orbis:
1195 4935 1228 4997 te
1259 4926 1293 4996 iu
1326 4922 1477 4996 manibus
1510 4920 1618 4995 habeo

252 5046 310 5140 qni
334 5047 428 5137 regis
453 5039 633 5141 protunda:
661 5050 694 5114 te
719 5041 813 5114 Deus
839 5063 930 5138 pono
964 5045 1000 5115 in
1026 5063 1066 5117 os
1096 5064 1222 5115 meum:
1256 5063 1319 5138 per
1353 5051 1387 5114 te
1417 5038 1541 5114 liberer
1574 5036 1618 5112 ub
