<?xml version="1.0" encoding="UTF-8"?>
<!DOCTYPE html PUBLIC "-//W3C//DTD XHTML 1.0 Transitional//EN"
    "http://www.w3.org/TR/xhtml1/DTD/xhtml1-transitional.dtd">
<html xmlns="http://www.w3.org/1999/xhtml" xml:lang="en" lang="en">
 <head>
  <title>
</title>
<meta http-equiv="Content-Type" content="text/html;charset=utf-8" />
  <meta name='ocr-system' content='tesseract 3.04.00' />
  <meta name='ocr-capabilities' content='ocr_page ocr_carea ocr_par ocr_line ocrx_word'/>
</head>
<body>
  <div class='ocr_page' id='page_1' title='image "./liturgiarumorie00unkngoog/liturgiarumorie00unkngoog_0189.png"; bbox 0 0 4525 6034; ppageno 0'>
   <div class='ocr_carea' id='block_1_1' title="bbox 0 3142 5 4500">
    <p class='ocr_par' dir='ltr' id='par_1_1' title="bbox 0 3142 5 4500">
     <span class='ocr_line' id='line_1_1' title="bbox 0 3142 5 4500; baseline 0 0"><span class='ocrx_word' id='word_1_1' title='bbox 0 3142 5 4500; x_wconf 95' lang='lat' dir='ltr'> </span> 
     </span>
    </p>
   </div>
   <div class='ocr_carea' id='block_1_2' title="bbox 600 621 1637 711">
    <p class='ocr_par' dir='ltr' id='par_1_2' title="bbox 600 621 1637 711">
     <span class='ocr_line' id='line_1_2' title="bbox 600 621 1637 711; baseline 0.014 -14"><span class='ocrx_word' id='word_1_2' title='bbox 600 621 871 700; x_wconf 81' lang='lat' dir='ltr'>SANCTI</span> <span class='ocrx_word' id='word_1_3' title='bbox 924 623 1290 707; x_wconf 78' lang='lat' dir='ltr'>Guuuoull.</span> <span class='ocrx_word' id='word_1_4' title='bbox 1586 636 1637 711; x_wconf 87' lang='lat'>35</span> 
     </span>
    </p>
   </div>
   <div class='ocr_carea' id='block_1_3' title="bbox 207 806 1636 1015">
    <p class='ocr_par' dir='ltr' id='par_1_3' title="bbox 207 806 1636 1015">
     <span class='ocr_line' id='line_1_3' title="bbox 209 806 1636 911; baseline 0.014 -34"><span class='ocrx_word' id='word_1_5' title='bbox 209 835 285 886; x_wconf 69' lang='lat' dir='ltr'>aas</span> <span class='ocrx_word' id='word_1_6' title='bbox 318 810 506 879; x_wconf 80' lang='lat' dir='ltr'>invocare</span> <span class='ocrx_word' id='word_1_7' title='bbox 521 806 630 880; x_wconf 87' lang='lat' dir='ltr'>Deum</span> <span class='ocrx_word' id='word_1_8' title='bbox 655 808 790 882; x_wconf 86' lang='lat' dir='ltr'>Patrem</span> <span class='ocrx_word' id='word_1_9' title='bbox 811 819 899 881; x_wconf 90' lang='lat' dir='ltr'>tuum</span> <span class='ocrx_word' id='word_1_10' title='bbox 920 821 1069 885; x_wconf 85' lang='lat' dir='ltr'>sanctum</span> <span class='ocrx_word' id='word_1_11' title='bbox 1092 818 1223 911; x_wconf 83' lang='lat' dir='ltr'>quiesi</span> <span class='ocrx_word' id='word_1_12' title='bbox 1244 818 1277 887; x_wconf 91' lang='lat' dir='ltr'>in</span> <span class='ocrx_word' id='word_1_13' title='bbox 1300 818 1636 898; x_wconf 83' lang='lat' dir='ltr'>coelisetdicamus</span> 
     </span>
     <span class='ocr_line' id='line_1_4' title="bbox 207 924 599 1015; baseline 0.003 -20"><span class='ocrx_word' id='word_1_14' title='bbox 207 924 342 1001; x_wconf 81' lang='lat' dir='ltr'>luter</span> <span class='ocrx_word' id='word_1_15' title='bbox 380 933 508 1015; x_wconf 88' lang='lat' dir='ltr'>noster,</span> <span class='ocrx_word' id='word_1_16' title='bbox 536 933 599 996; x_wconf 86' lang='lat' dir='ltr'>etc.</span> 
     </span>
    </p>
   </div>
   <div class='ocr_carea' id='block_1_4' title="bbox 681 1186 1198 1277">
    <p class='ocr_par' dir='ltr' id='par_1_4' title="bbox 681 1186 1198 1277">
     <span class='ocr_line' id='line_1_5' title="bbox 681 1186 1198 1277; baseline 0.002 -21"><span class='ocrx_word' id='word_1_17' title='bbox 681 1186 803 1256; x_wconf 85' lang='lat' dir='ltr'>Oratio</span> <span class='ocrx_word' id='word_1_18' title='bbox 827 1192 909 1277; x_wconf 82' lang='lat' dir='ltr'>post</span> <span class='ocrx_word' id='word_1_19' title='bbox 933 1186 1045 1257; x_wconf 79' lang='lat' dir='ltr'>Potor</span> <span class='ocrx_word' id='word_1_20' title='bbox 1071 1193 1198 1259; x_wconf 82' lang='lat' dir='ltr'>noster.</span> 
     </span>
    </p>
   </div>
   <div class='ocr_carea' id='block_1_5' title="bbox 62 1388 1681 2181">
    <p class='ocr_par' dir='ltr' id='par_1_5' title="bbox 62 1388 1681 2181">
     <span class='ocr_line' id='line_1_6' title="bbox 342 1388 1634 1492; baseline 0.007 -31"><span class='ocrx_word' id='word_1_21' title='bbox 342 1388 490 1481; x_wconf 81' lang='lat' dir='ltr'>Etiam,</span> <span class='ocrx_word' id='word_1_22' title='bbox 517 1389 681 1481; x_wconf 89' lang='lat' dir='ltr'>Domine,</span> <span class='ocrx_word' id='word_1_23' title='bbox 710 1392 765 1485; x_wconf 92' lang='lat' dir='ltr'>qui</span> <span class='ocrx_word' id='word_1_24' title='bbox 792 1390 910 1462; x_wconf 89' lang='lat' dir='ltr'>dedisti</span> <span class='ocrx_word' id='word_1_25' title='bbox 936 1391 1034 1463; x_wconf 89' lang='lat' dir='ltr'>uobis</span> <span class='ocrx_word' id='word_1_26' title='bbox 1061 1401 1261 1489; x_wconf 89' lang='lat' dir='ltr'>potestatem</span> <span class='ocrx_word' id='word_1_27' title='bbox 1286 1394 1436 1466; x_wconf 89' lang='lat' dir='ltr'>calcandi</span> <span class='ocrx_word' id='word_1_28' title='bbox 1458 1406 1634 1492; x_wconf 73' lang='lat' dir='ltr'><strong>serpentes</strong></span> 
     </span>
     <span class='ocr_line' id='line_1_7' title="bbox 62 1508 1632 1603; baseline 0.011 -33"><span class='ocrx_word' id='word_1_29' title='bbox 62 1508 67 1517; x_wconf 92' lang='lat'>&#39;</span> <span class='ocrx_word' id='word_1_30' title='bbox 104 1592 109 1603; x_wconf 18' lang='grc' dir='ltr'>ὗ</span> <span class='ocrx_word' id='word_1_31' title='bbox 194 1513 232 1574; x_wconf 87' lang='lat' dir='ltr'>et</span> <span class='ocrx_word' id='word_1_32' title='bbox 272 1508 540 1601; x_wconf 84' lang='lat' dir='ltr'>scorpiones,</span> <span class='ocrx_word' id='word_1_33' title='bbox 568 1518 603 1601; x_wconf 85' lang='lat' dir='ltr'>et</span> <span class='ocrx_word' id='word_1_34' title='bbox 628 1528 761 1578; x_wconf 90' lang='lat' dir='ltr'>ornnem</span> <span class='ocrx_word' id='word_1_35' title='bbox 786 1509 943 1578; x_wconf 81' lang='lat' dir='ltr'>virtutem</span> <span class='ocrx_word' id='word_1_36' title='bbox 969 1511 1110 1598; x_wconf 88' lang='lat' dir='ltr'>inimici,</span> <span class='ocrx_word' id='word_1_37' title='bbox 1145 1519 1283 1581; x_wconf 89' lang='lat' dir='ltr'>contere</span> <span class='ocrx_word' id='word_1_38' title='bbox 1319 1513 1429 1603; x_wconf 87' lang='lat' dir='ltr'>capita</span> <span class='ocrx_word' id='word_1_39' title='bbox 1462 1514 1535 1603; x_wconf 86' lang='lat' dir='ltr'>ejus</span> <span class='ocrx_word' id='word_1_40' title='bbox 1570 1512 1632 1587; x_wconf 88' lang='lat' dir='ltr'>sub</span> 
     </span>
     <span class='ocr_line' id='line_1_8' title="bbox 199 1621 1633 1720; baseline 0.008 -30"><span class='ocrx_word' id='word_1_41' title='bbox 199 1622 391 1710; x_wconf 75' lang='lat' dir='ltr'>pedibus</span> <span class='ocrx_word' id='word_1_42' title='bbox 418 1627 544 1696; x_wconf 87' lang='lat' dir='ltr'>nostris</span> <span class='ocrx_word' id='word_1_43' title='bbox 570 1621 752 1714; x_wconf 88' lang='lat' dir='ltr'>velociter,</span> <span class='ocrx_word' id='word_1_44' title='bbox 780 1632 814 1694; x_wconf 88' lang='lat' dir='ltr'>et</span> <span class='ocrx_word' id='word_1_45' title='bbox 840 1623 967 1719; x_wconf 80' lang='lat' dir='ltr'>repelle</span> <span class='ocrx_word' id='word_1_46' title='bbox 994 1647 1014 1695; x_wconf 90' lang='lat' dir='ltr'>a</span> <span class='ocrx_word' id='word_1_47' title='bbox 1041 1621 1136 1696; x_wconf 89' lang='lat' dir='ltr'>nobis</span> <span class='ocrx_word' id='word_1_48' title='bbox 1164 1645 1282 1697; x_wconf 90' lang='lat' dir='ltr'>omnes</span> <span class='ocrx_word' id='word_1_49' title='bbox 1310 1627 1382 1716; x_wconf 88' lang='lat' dir='ltr'>ejus</span> <span class='ocrx_word' id='word_1_50' title='bbox 1410 1630 1633 1720; x_wconf 86' lang='lat' dir='ltr'>cogitationes</span> 
     </span>
     <span class='ocr_line' id='line_1_9' title="bbox 207 1735 1633 1832; baseline 0.011 -30"><span class='ocrx_word' id='word_1_51' title='bbox 207 1735 377 1829; x_wconf 80' lang='lat' dir='ltr'>malas,</span> <span class='ocrx_word' id='word_1_52' title='bbox 410 1741 595 1811; x_wconf 89' lang='lat' dir='ltr'>contrarias</span> <span class='ocrx_word' id='word_1_53' title='bbox 626 1737 742 1810; x_wconf 91' lang='lat' dir='ltr'>nobis:</span> <span class='ocrx_word' id='word_1_54' title='bbox 778 1747 812 1810; x_wconf 90' lang='lat' dir='ltr'>tu</span> <span class='ocrx_word' id='word_1_55' title='bbox 840 1760 878 1810; x_wconf 90' lang='lat' dir='ltr'>es</span> <span class='ocrx_word' id='word_1_56' title='bbox 906 1742 993 1810; x_wconf 91' lang='lat' dir='ltr'>enim</span> <span class='ocrx_word' id='word_1_57' title='bbox 1021 1736 1100 1809; x_wconf 81' lang='lat' dir='ltr'>Rex</span> <span class='ocrx_word' id='word_1_58' title='bbox 1126 1743 1272 1811; x_wconf 89' lang='lat' dir='ltr'>omnium</span> <span class='ocrx_word' id='word_1_59' title='bbox 1299 1749 1469 1832; x_wconf 88' lang='lat' dir='ltr'>nostrum,</span> <span class='ocrx_word' id='word_1_60' title='bbox 1502 1743 1633 1817; x_wconf 80' lang='lat' dir='ltr'>Christe</span> 
     </span>
     <span class='ocr_line' id='line_1_10' title="bbox 214 1840 1681 1969; baseline 0.005 -48"><span class='ocrx_word' id='word_1_61' title='bbox 214 1840 340 1924; x_wconf 77' lang='lat' dir='ltr'>Deus</span> <span class='ocrx_word' id='word_1_62' title='bbox 371 1864 507 1947; x_wconf 86' lang='lat' dir='ltr'>noster:</span> <span class='ocrx_word' id='word_1_63' title='bbox 535 1864 570 1926; x_wconf 83' lang='lat' dir='ltr'>et</span> <span class='ocrx_word' id='word_1_64' title='bbox 596 1864 630 1927; x_wconf 88' lang='lat' dir='ltr'>tu</span> <span class='ocrx_word' id='word_1_65' title='bbox 657 1877 694 1926; x_wconf 92' lang='lat' dir='ltr'>es</span> <span class='ocrx_word' id='word_1_66' title='bbox 723 1855 776 1924; x_wconf 89' lang='lat' dir='ltr'>cui</span> <span class='ocrx_word' id='word_1_67' title='bbox 802 1857 957 1926; x_wconf 77' lang='lat' dir='ltr'><strong>mittimus</strong></span> <span class='ocrx_word' id='word_1_68' title='bbox 983 1853 1132 1946; x_wconf 87' lang='lat' dir='ltr'>laudem,</span> <span class='ocrx_word' id='word_1_69' title='bbox 1160 1864 1224 1926; x_wconf 86' lang='lat' dir='ltr'>etc.</span> <span class='ocrx_word' id='word_1_70' title='bbox 1674 1906 1681 1969; x_wconf 45' lang='grc' dir='ltr'><em>Ι</em></span> 
     </span>
     <span class='ocr_line' id='line_1_11' title="bbox 352 1968 1676 2043; baseline 0 -3"><span class='ocrx_word' id='word_1_71' title='bbox 352 1969 533 2043; x_wconf 72' lang='lat' dir='ltr'>Sacerdos</span> <span class='ocrx_word' id='word_1_72' title='bbox 560 1972 645 2041; x_wconf 84' lang='lat' dir='ltr'>dicit</span> <span class='ocrx_word' id='word_1_73' title='bbox 673 1971 871 2041; x_wconf 76' lang='lat' dir='ltr'><em>Orationem</em></span> <span class='ocrx_word' id='word_1_74' title='bbox 898 1968 1143 2041; x_wconf 83' lang='lat' dir='ltr'>inclinationis.</span> <span class='ocrx_word' id='word_1_75' title='bbox 1673 1974 1676 1997; x_wconf 90' lang='lat'>&#39;</span> 
     </span>
     <span class='ocr_line' id='line_1_12' title="bbox 352 2085 1219 2181; baseline 0 -24"><span class='ocrx_word' id='word_1_76' title='bbox 352 2086 544 2158; x_wconf 83' lang='lat' dir='ltr'>Diaconos.</span> <span class='ocrx_word' id='word_1_77' title='bbox 597 2085 757 2160; x_wconf 89' lang='lat' dir='ltr'>Inclinate</span> <span class='ocrx_word' id='word_1_78' title='bbox 785 2090 895 2181; x_wconf 87' lang='lat' dir='ltr'>capita</span> <span class='ocrx_word' id='word_1_79' title='bbox 921 2094 1037 2159; x_wconf 87' lang='lat' dir='ltr'>vestra</span> <span class='ocrx_word' id='word_1_80' title='bbox 1062 2086 1219 2159; x_wconf 88' lang='lat' dir='ltr'>Domino.</span> 
     </span>
    </p>
   </div>
   <div class='ocr_carea' id='block_1_6' title="bbox 265 2226 1952 4293">
    <p class='ocr_par' dir='ltr' id='par_1_6' title="bbox 265 2226 1631 3828">
     <span class='ocr_line' id='line_1_13' title="bbox 355 2226 1631 2320; baseline 0.004 -20"><span class='ocrx_word' id='word_1_81' title='bbox 355 2229 426 2319; x_wconf 86' lang='lat' dir='ltr'>Tu,</span> <span class='ocrx_word' id='word_1_82' title='bbox 452 2227 617 2320; x_wconf 89' lang='lat' dir='ltr'>Domine,</span> <span class='ocrx_word' id='word_1_83' title='bbox 644 2228 846 2301; x_wconf 83' lang='lat' dir='ltr'>inchuavisti</span> <span class='ocrx_word' id='word_1_84' title='bbox 873 2226 989 2301; x_wconf 86' lang='lat' dir='ltr'>coelos</span> <span class='ocrx_word' id='word_1_85' title='bbox 1017 2237 1051 2299; x_wconf 90' lang='lat' dir='ltr'>et</span> <span class='ocrx_word' id='word_1_86' title='bbox 1079 2227 1303 2319; x_wconf 70' lang='lat' dir='ltr'>descendisti,</span> <span class='ocrx_word' id='word_1_87' title='bbox 1332 2239 1365 2300; x_wconf 88' lang='lat' dir='ltr'>et</span> <span class='ocrx_word' id='word_1_88' title='bbox 1385 2231 1575 2304; x_wconf 87' lang='lat' dir='ltr'>incurualus</span> <span class='ocrx_word' id='word_1_89' title='bbox 1592 2254 1631 2305; x_wconf 90' lang='lat' dir='ltr'>es</span> 
     </span>
     <span class='ocr_line' id='line_1_14' title="bbox 267 2343 1629 2441; baseline 0.007 -31"><span class='ocrx_word' id='word_1_90' title='bbox 267 2353 389 2437; x_wconf 78' lang='lat' dir='ltr'>propter</span> <span class='ocrx_word' id='word_1_91' title='bbox 415 2345 557 2417; x_wconf 84' lang='lat' dir='ltr'>salutem</span> <span class='ocrx_word' id='word_1_92' title='bbox 582 2348 720 2438; x_wconf 85' lang='lat' dir='ltr'>generis</span> <span class='ocrx_word' id='word_1_93' title='bbox 746 2343 893 2416; x_wconf 91' lang='lat' dir='ltr'>humani:</span> <span class='ocrx_word' id='word_1_94' title='bbox 921 2354 956 2414; x_wconf 92' lang='lat' dir='ltr'>tu</span> <span class='ocrx_word' id='word_1_95' title='bbox 982 2343 1083 2416; x_wconf 90' lang='lat' dir='ltr'>sedes</span> <span class='ocrx_word' id='word_1_96' title='bbox 1111 2365 1214 2441; x_wconf 88' lang='lat' dir='ltr'>super</span> <span class='ocrx_word' id='word_1_97' title='bbox 1241 2343 1420 2418; x_wconf 83' lang='lat' dir='ltr'>Cherubim</span> <span class='ocrx_word' id='word_1_98' title='bbox 1457 2355 1492 2417; x_wconf 91' lang='lat' dir='ltr'>et</span> <span class='ocrx_word' id='word_1_99' title='bbox 1517 2347 1629 2420; x_wconf 84' lang='lat' dir='ltr'>Sera-</span> 
     </span>
     <span class='ocr_line' id='line_1_15' title="bbox 274 2454 1630 2557; baseline 0.006 -28"><span class='ocrx_word' id='word_1_100' title='bbox 274 2454 360 2551; x_wconf 87' lang='lat' dir='ltr'>phin,</span> <span class='ocrx_word' id='word_1_101' title='bbox 385 2463 594 2557; x_wconf 86' lang='lat' dir='ltr'>respicisque</span> <span class='ocrx_word' id='word_1_102' title='bbox 620 2460 769 2533; x_wconf 90' lang='lat' dir='ltr'>humiles.</span> <span class='ocrx_word' id='word_1_103' title='bbox 824 2461 875 2531; x_wconf 86' lang='lat' dir='ltr'>Tu</span> <span class='ocrx_word' id='word_1_104' title='bbox 901 2481 1006 2552; x_wconf 91' lang='lat' dir='ltr'>nuuc,</span> <span class='ocrx_word' id='word_1_105' title='bbox 1034 2458 1198 2548; x_wconf 90' lang='lat' dir='ltr'>Domine,</span> <span class='ocrx_word' id='word_1_106' title='bbox 1234 2482 1310 2532; x_wconf 92' lang='lat' dir='ltr'>cum</span> <span class='ocrx_word' id='word_1_107' title='bbox 1335 2460 1487 2534; x_wconf 87' lang='lat' dir='ltr'>levamus</span> <span class='ocrx_word' id='word_1_108' title='bbox 1514 2464 1630 2537; x_wconf 87' lang='lat' dir='ltr'>oculos</span> 
     </span>
     <span class='ocr_line' id='line_1_16' title="bbox 277 2573 1629 2670; baseline 0.006 -28"><span class='ocrx_word' id='word_1_109' title='bbox 277 2573 399 2648; x_wconf 87' lang='lat' dir='ltr'>cordium</span> <span class='ocrx_word' id='word_1_110' title='bbox 426 2587 617 2649; x_wconf 87' lang='lat' dir='ltr'>nostrorum</span> <span class='ocrx_word' id='word_1_111' title='bbox 644 2577 685 2648; x_wconf 87' lang='lat' dir='ltr'>ad</span> <span class='ocrx_word' id='word_1_112' title='bbox 713 2588 767 2665; x_wconf 91' lang='lat' dir='ltr'>te,</span> <span class='ocrx_word' id='word_1_113' title='bbox 801 2576 963 2664; x_wconf 90' lang='lat' dir='ltr'>Domine,</span> <span class='ocrx_word' id='word_1_114' title='bbox 999 2577 1053 2669; x_wconf 91' lang='lat' dir='ltr'>qui</span> <span class='ocrx_word' id='word_1_115' title='bbox 1087 2577 1227 2649; x_wconf 74' lang='lat' dir='ltr'>remittis</span> <span class='ocrx_word' id='word_1_116' title='bbox 1261 2578 1450 2670; x_wconf 84' lang='lat' dir='ltr'>iniquitates</span> <span class='ocrx_word' id='word_1_117' title='bbox 1481 2587 1629 2667; x_wconf 92' lang='lat' dir='ltr'>nostras,</span> 
     </span>
     <span class='ocr_line' id='line_1_17' title="bbox 277 2689 1630 2782; baseline 0.001 -20"><span class='ocrx_word' id='word_1_118' title='bbox 277 2692 466 2782; x_wconf 91' lang='lat' dir='ltr'>quiredimis</span> <span class='ocrx_word' id='word_1_119' title='bbox 495 2692 537 2764; x_wconf 90' lang='lat' dir='ltr'>de</span> <span class='ocrx_word' id='word_1_120' title='bbox 564 2696 696 2764; x_wconf 90' lang='lat' dir='ltr'>interitu</span> <span class='ocrx_word' id='word_1_121' title='bbox 723 2695 828 2764; x_wconf 86' lang='lat' dir='ltr'>vitum</span> <span class='ocrx_word' id='word_1_122' title='bbox 854 2700 1022 2779; x_wconf 90' lang='lat' dir='ltr'>nostram;</span> <span class='ocrx_word' id='word_1_123' title='bbox 1051 2689 1230 2762; x_wconf 90' lang='lat' dir='ltr'>adoramus</span> <span class='ocrx_word' id='word_1_124' title='bbox 1257 2691 1519 2764; x_wconf 88' lang='lat' dir='ltr'>misericordiam</span> <span class='ocrx_word' id='word_1_125' title='bbox 1539 2703 1630 2765; x_wconf 90' lang='lat' dir='ltr'>tuam</span> 
     </span>
     <span class='ocr_line' id='line_1_18' title="bbox 273 2805 1629 2903; baseline 0.001 -26"><span class='ocrx_word' id='word_1_126' title='bbox 273 2808 525 2900; x_wconf 77' lang='lat' dir='ltr'>inenarrabilem,</span> <span class='ocrx_word' id='word_1_127' title='bbox 551 2831 778 2903; x_wconf 81' lang='lat' dir='ltr'>rogamusque</span> <span class='ocrx_word' id='word_1_128' title='bbox 806 2819 855 2897; x_wconf 92' lang='lat' dir='ltr'>te,</span> <span class='ocrx_word' id='word_1_129' title='bbox 882 2817 918 2878; x_wconf 95' lang='lat' dir='ltr'>ut</span> <span class='ocrx_word' id='word_1_130' title='bbox 940 2805 1107 2877; x_wconf 89' lang='lat' dir='ltr'>concedas</span> <span class='ocrx_word' id='word_1_131' title='bbox 1123 2805 1222 2879; x_wconf 87' lang='lat' dir='ltr'>nohis</span> <span class='ocrx_word' id='word_1_132' title='bbox 1240 2828 1358 2901; x_wconf 89' lang='lat' dir='ltr'>pacem</span> <span class='ocrx_word' id='word_1_133' title='bbox 1376 2819 1475 2880; x_wconf 86' lang='lat' dir='ltr'>tuam.</span> <span class='ocrx_word' id='word_1_134' title='bbox 1510 2806 1629 2878; x_wconf 87' lang='lat' dir='ltr'>Omnia</span> 
     </span>
     <span class='ocr_line' id='line_1_19' title="bbox 270 2921 1629 3020; baseline 0 -27"><span class='ocrx_word' id='word_1_135' title='bbox 270 2922 349 2996; x_wconf 88' lang='lat' dir='ltr'>nobis</span> <span class='ocrx_word' id='word_1_136' title='bbox 380 2923 520 3016; x_wconf 90' lang='lat' dir='ltr'>dedisti,</span> <span class='ocrx_word' id='word_1_137' title='bbox 554 2928 688 3020; x_wconf 87' lang='lat' dir='ltr'>acquire</span> <span class='ocrx_word' id='word_1_138' title='bbox 723 2945 786 2996; x_wconf 90' lang='lat' dir='ltr'>nos</span> <span class='ocrx_word' id='word_1_139' title='bbox 820 2923 898 3012; x_wconf 89' lang='lat' dir='ltr'>tibi,</span> <span class='ocrx_word' id='word_1_140' title='bbox 932 2921 1093 3011; x_wconf 82' lang='lat' dir='ltr'>oIieus3</span> <span class='ocrx_word' id='word_1_141' title='bbox 1129 2944 1240 3017; x_wconf 90' lang='lat' dir='ltr'>neque</span> <span class='ocrx_word' id='word_1_142' title='bbox 1275 2924 1363 2993; x_wconf 90' lang='lat' dir='ltr'>enim</span> <span class='ocrx_word' id='word_1_143' title='bbox 1396 2923 1496 2994; x_wconf 90' lang='lat' dir='ltr'>alium</span> <span class='ocrx_word' id='word_1_144' title='bbox 1521 2925 1629 2995; x_wconf 86' lang='lat' dir='ltr'>novi-</span> 
     </span>
     <span class='ocr_line' id='line_1_20' title="bbox 269 3038 1629 3136; baseline 0.001 -27"><span class='ocrx_word' id='word_1_145' title='bbox 269 3061 329 3110; x_wconf 90' lang='lat' dir='ltr'>mus</span> <span class='ocrx_word' id='word_1_146' title='bbox 356 3051 490 3136; x_wconf 88' lang='lat' dir='ltr'>praeter</span> <span class='ocrx_word' id='word_1_147' title='bbox 525 3051 577 3130; x_wconf 89' lang='lat' dir='ltr'>te,</span> <span class='ocrx_word' id='word_1_148' title='bbox 615 3050 649 3111; x_wconf 90' lang='lat' dir='ltr'>et</span> <span class='ocrx_word' id='word_1_149' title='bbox 679 3062 803 3112; x_wconf 90' lang='lat' dir='ltr'>nomen</span> <span class='ocrx_word' id='word_1_150' title='bbox 833 3048 923 3110; x_wconf 90' lang='lat' dir='ltr'>tuum</span> <span class='ocrx_word' id='word_1_151' title='bbox 950 3049 1101 3110; x_wconf 84' lang='lat' dir='ltr'>sanctum</span> <span class='ocrx_word' id='word_1_152' title='bbox 1134 3042 1400 3135; x_wconf 76' lang='lat' dir='ltr'>pronunciamus.</span> <span class='ocrx_word' id='word_1_153' title='bbox 1457 3038 1629 3111; x_wconf 88' lang='lat' dir='ltr'>Converte</span> 
     </span>
     <span class='ocr_line' id='line_1_21' title="bbox 267 3152 1628 3250; baseline 0.001 -25"><span class='ocrx_word' id='word_1_154' title='bbox 267 3176 333 3243; x_wconf 88' lang='lat' dir='ltr'>nos,</span> <span class='ocrx_word' id='word_1_155' title='bbox 357 3157 471 3245; x_wconf 87' lang='lat' dir='ltr'>Deus,</span> <span class='ocrx_word' id='word_1_156' title='bbox 499 3156 542 3228; x_wconf 90' lang='lat' dir='ltr'>ad</span> <span class='ocrx_word' id='word_1_157' title='bbox 558 3156 721 3227; x_wconf 87' lang='lat' dir='ltr'>&#39;timorem</span> <span class='ocrx_word' id='word_1_158' title='bbox 748 3165 859 3243; x_wconf 91' lang='lat' dir='ltr'>tuum,</span> <span class='ocrx_word' id='word_1_159' title='bbox 886 3164 920 3226; x_wconf 91' lang='lat' dir='ltr'>et</span> <span class='ocrx_word' id='word_1_160' title='bbox 946 3152 1145 3224; x_wconf 88' lang='lat' dir='ltr'>desiderium</span> <span class='ocrx_word' id='word_1_161' title='bbox 1174 3157 1238 3243; x_wconf 91' lang='lat' dir='ltr'>tni;</span> <span class='ocrx_word' id='word_1_162' title='bbox 1266 3164 1300 3225; x_wconf 90' lang='lat' dir='ltr'>et</span> <span class='ocrx_word' id='word_1_163' title='bbox 1324 3153 1474 3225; x_wconf 91' lang='lat' dir='ltr'>concede</span> <span class='ocrx_word' id='word_1_164' title='bbox 1490 3164 1525 3225; x_wconf 95' lang='lat' dir='ltr'>ut</span> <span class='ocrx_word' id='word_1_165' title='bbox 1542 3178 1628 3250; x_wconf 88' lang='lat' dir='ltr'>per-</span> 
     </span>
     <span class='ocr_line' id='line_1_22' title="bbox 266 3267 1629 3366; baseline 0.003 -27"><span class='ocrx_word' id='word_1_166' title='bbox 266 3274 422 3344; x_wconf 84' lang='lat' dir='ltr'>veniamus</span> <span class='ocrx_word' id='word_1_167' title='bbox 451 3272 493 3344; x_wconf 86' lang='lat' dir='ltr'>ad</span> <span class='ocrx_word' id='word_1_168' title='bbox 517 3271 709 3343; x_wconf 87' lang='lat' dir='ltr'>fruitionem</span> <span class='ocrx_word' id='word_1_169' title='bbox 736 3268 901 3342; x_wconf 90' lang='lat' dir='ltr'>honorum</span> <span class='ocrx_word' id='word_1_170' title='bbox 928 3279 1068 3339; x_wconf 89' lang='lat' dir='ltr'>tuorum.</span> <span class='ocrx_word' id='word_1_171' title='bbox 1098 3267 1143 3340; x_wconf 84' lang='lat' dir='ltr'>Et</span> <span class='ocrx_word' id='word_1_172' title='bbox 1169 3271 1224 3363; x_wconf 86' lang='lat' dir='ltr'>qui</span> <span class='ocrx_word' id='word_1_173' title='bbox 1251 3269 1491 3340; x_wconf 87' lang='lat' dir='ltr'>inclinaveuurt</span> <span class='ocrx_word' id='word_1_174' title='bbox 1519 3274 1629 3366; x_wconf 88' lang='lat' dir='ltr'>capita</span> 
     </span>
     <span class='ocr_line' id='line_1_23' title="bbox 266 3382 1627 3477; baseline 0.003 -22"><span class='ocrx_word' id='word_1_175' title='bbox 266 3407 317 3456; x_wconf 90' lang='lat' dir='ltr'>suu</span> <span class='ocrx_word' id='word_1_176' title='bbox 346 3385 405 3459; x_wconf 91' lang='lat' dir='ltr'>suh</span> <span class='ocrx_word' id='word_1_177' title='bbox 440 3410 540 3459; x_wconf 88' lang='lat' dir='ltr'>manu</span> <span class='ocrx_word' id='word_1_178' title='bbox 577 3399 651 3477; x_wconf 90' lang='lat' dir='ltr'>tua,</span> <span class='ocrx_word' id='word_1_179' title='bbox 684 3386 810 3458; x_wconf 84' lang='lat' dir='ltr'>extolle</span> <span class='ocrx_word' id='word_1_180' title='bbox 845 3406 905 3456; x_wconf 90' lang='lat' dir='ltr'>eos</span> <span class='ocrx_word' id='word_1_181' title='bbox 938 3388 971 3454; x_wconf 93' lang='lat' dir='ltr'>iu</span> <span class='ocrx_word' id='word_1_182' title='bbox 1004 3382 1099 3476; x_wconf 87' lang='lat' dir='ltr'>hujus</span> <span class='ocrx_word' id='word_1_183' title='bbox 1135 3386 1227 3457; x_wconf 84' lang='lat' dir='ltr'>vitae</span> <span class='ocrx_word' id='word_1_184' title='bbox 1260 3384 1420 3457; x_wconf 88' lang='lat' dir='ltr'>decursu:</span> <span class='ocrx_word' id='word_1_185' title='bbox 1455 3408 1539 3457; x_wconf 87' lang='lat' dir='ltr'>orna</span> <span class='ocrx_word' id='word_1_186' title='bbox 1567 3409 1627 3459; x_wconf 89' lang='lat' dir='ltr'>eos</span> 
     </span>
     <span class='ocr_line' id='line_1_24' title="bbox 265 3501 1629 3599; baseline 0.001 -28"><span class='ocrx_word' id='word_1_187' title='bbox 265 3502 442 3593; x_wconf 76' lang='lat' dir='ltr'>uirtutibus,</span> <span class='ocrx_word' id='word_1_188' title='bbox 477 3514 512 3575; x_wconf 91' lang='lat' dir='ltr'>et</span> <span class='ocrx_word' id='word_1_189' title='bbox 537 3511 671 3599; x_wconf 87' lang='lat' dir='ltr'>praesta</span> <span class='ocrx_word' id='word_1_190' title='bbox 698 3513 734 3574; x_wconf 93' lang='lat' dir='ltr'>ut</span> <span class='ocrx_word' id='word_1_191' title='bbox 761 3523 878 3572; x_wconf 88' lang='lat' dir='ltr'>ornnes</span> <span class='ocrx_word' id='word_1_192' title='bbox 907 3501 998 3593; x_wconf 84' lang='lat' dir='ltr'>digni</span> <span class='ocrx_word' id='word_1_193' title='bbox 1025 3503 1127 3573; x_wconf 91' lang='lat' dir='ltr'>simus</span> <span class='ocrx_word' id='word_1_194' title='bbox 1155 3523 1264 3593; x_wconf 84' lang='lat' dir='ltr'>regnu</span> <span class='ocrx_word' id='word_1_195' title='bbox 1292 3511 1348 3573; x_wconf 92' lang='lat' dir='ltr'>tuo</span> <span class='ocrx_word' id='word_1_196' title='bbox 1376 3501 1533 3591; x_wconf 89' lang='lat' dir='ltr'>coelesti,</span> <span class='ocrx_word' id='word_1_197' title='bbox 1565 3525 1629 3597; x_wconf 88' lang='lat' dir='ltr'>per</span> 
     </span>
     <span class='ocr_line' id='line_1_25' title="bbox 265 3615 1627 3714; baseline 0.002 -28"><span class='ocrx_word' id='word_1_198' title='bbox 265 3615 492 3714; x_wconf 89' lang='lat' dir='ltr'>beneplacitum</span> <span class='ocrx_word' id='word_1_199' title='bbox 520 3620 584 3691; x_wconf 82' lang='lat' dir='ltr'>ltei</span> <span class='ocrx_word' id='word_1_200' title='bbox 606 3619 715 3690; x_wconf 87' lang='lat' dir='ltr'>Patris</span> <span class='ocrx_word' id='word_1_201' title='bbox 743 3621 789 3689; x_wconf 89' lang='lat' dir='ltr'>tui</span> <span class='ocrx_word' id='word_1_202' title='bbox 814 3615 913 3706; x_wconf 91' lang='lat' dir='ltr'>boui,</span> <span class='ocrx_word' id='word_1_203' title='bbox 940 3639 1015 3687; x_wconf 91' lang='lat' dir='ltr'>cum</span> <span class='ocrx_word' id='word_1_204' title='bbox 1042 3639 1108 3711; x_wconf 91' lang='lat' dir='ltr'>quo</span> <span class='ocrx_word' id='word_1_205' title='bbox 1137 3625 1171 3687; x_wconf 93' lang='lat' dir='ltr'>tu</span> <span class='ocrx_word' id='word_1_206' title='bbox 1197 3639 1235 3689; x_wconf 90' lang='lat' dir='ltr'>es</span> <span class='ocrx_word' id='word_1_207' title='bbox 1257 3617 1472 3707; x_wconf 87' lang='lat' dir='ltr'>benedictus,</span> <span class='ocrx_word' id='word_1_208' title='bbox 1501 3627 1627 3690; x_wconf 91' lang='lat' dir='ltr'>etcum</span> 
     </span>
     <span class='ocr_line' id='line_1_26' title="bbox 266 3731 1451 3828; baseline 0.003 -27"><span class='ocrx_word' id='word_1_209' title='bbox 266 3731 374 3826; x_wconf 86' lang='lat' dir='ltr'>Spiritu</span> <span class='ocrx_word' id='word_1_210' title='bbox 402 3746 518 3807; x_wconf 88' lang='lat' dir='ltr'>sancto</span> <span class='ocrx_word' id='word_1_211' title='bbox 545 3736 754 3822; x_wconf 82' lang='lat' dir='ltr'>vivificante,</span> <span class='ocrx_word' id='word_1_212' title='bbox 783 3733 906 3828; x_wconf 86' lang='lat' dir='ltr'>tibique</span> <span class='ocrx_word' id='word_1_213' title='bbox 933 3731 1227 3821; x_wconf 75' lang='lat' dir='ltr'>consubstantiali,</span> <span class='ocrx_word' id='word_1_214' title='bbox 1254 3755 1359 3824; x_wconf 92' lang='lat' dir='ltr'>nunc,</span> <span class='ocrx_word' id='word_1_215' title='bbox 1386 3744 1451 3805; x_wconf 92' lang='lat' dir='ltr'>etc.</span> 
     </span>
    </p>

    <p class='ocr_par' dir='ltr' id='par_1_7' title="bbox 267 3847 1627 4059">
     <span class='ocr_line' id='line_1_27' title="bbox 353 3847 1627 3922; baseline -0.001 -1"><span class='ocrx_word' id='word_1_216' title='bbox 353 3850 529 3922; x_wconf 80' lang='lat' dir='ltr'>Sacerdos</span> <span class='ocrx_word' id='word_1_217' title='bbox 563 3852 655 3921; x_wconf 84' lang='lat' dir='ltr'>dicet</span> <span class='ocrx_word' id='word_1_218' title='bbox 698 3851 896 3920; x_wconf 83' lang='lat' dir='ltr'>Orationem</span> <span class='ocrx_word' id='word_1_219' title='bbox 931 3847 1169 3919; x_wconf 81' lang='lat' dir='ltr'>Absolutioois</span> <span class='ocrx_word' id='word_1_220' title='bbox 1203 3849 1250 3918; x_wconf 86' lang='lat' dir='ltr'>od</span> <span class='ocrx_word' id='word_1_221' title='bbox 1283 3849 1417 3919; x_wconf 85' lang='lat' dir='ltr'>Filium.</span> <span class='ocrx_word' id='word_1_222' title='bbox 1484 3850 1627 3921; x_wconf 88' lang='lat' dir='ltr'>Domine</span> 
     </span>
     <span class='ocr_line' id='line_1_28' title="bbox 267 3960 1507 4059; baseline 0.002 -28"><span class='ocrx_word' id='word_1_223' title='bbox 267 3960 336 4035; x_wconf 86' lang='lat' dir='ltr'>lesu</span> <span class='ocrx_word' id='word_1_224' title='bbox 360 3965 492 4039; x_wconf 85' lang='lat' dir='ltr'>Christe</span> <span class='ocrx_word' id='word_1_225' title='bbox 518 3967 583 4039; x_wconf 85' lang='lat' dir='ltr'>Fili</span> <span class='ocrx_word' id='word_1_226' title='bbox 610 3969 801 4058; x_wconf 84' lang='lat' dir='ltr'>unigenite,</span> <span class='ocrx_word' id='word_1_227' title='bbox 828 3973 891 4036; x_wconf 89' lang='lat' dir='ltr'>etc.</span> <span class='ocrx_word' id='word_1_228' title='bbox 919 3971 957 4034; x_wconf 90' lang='lat' dir='ltr'>ut</span> <span class='ocrx_word' id='word_1_229' title='bbox 982 3968 1018 4033; x_wconf 84' lang='lat' dir='ltr'>ia</span> <span class='ocrx_word' id='word_1_230' title='bbox 1044 3963 1205 4059; x_wconf 70' lang='lat' dir='ltr'>Litoryiu</span> <span class='ocrx_word' id='word_1_231' title='bbox 1231 3968 1344 4034; x_wconf 79' lang='lat' dir='ltr'>suncti</span> <span class='ocrx_word' id='word_1_232' title='bbox 1370 3964 1507 4034; x_wconf 82' lang='lat' dir='ltr'>Bucilii.</span> 
     </span>
    </p>

    <p class='ocr_par' dir='ltr' id='par_1_8' title="bbox 353 4081 932 4179">
     <span class='ocr_line' id='line_1_29' title="bbox 353 4081 932 4179; baseline -0.003 -28"><span class='ocrx_word' id='word_1_233' title='bbox 353 4081 528 4154; x_wconf 84' lang='lat' dir='ltr'>Sacerdos</span> <span class='ocrx_word' id='word_1_234' title='bbox 554 4083 640 4179; x_wconf 73' lang='lat' dir='ltr'>dicit</span> <span class='ocrx_word' id='word_1_235' title='bbox 668 4082 932 4173; x_wconf 77' lang='lat' dir='ltr'>Confessioueru.</span> 
     </span>
    </p>

    <p class='ocr_par' dir='ltr' id='par_1_9' title="bbox 353 4193 1952 4293">
     <span class='ocr_line' id='line_1_30' title="bbox 353 4193 1952 4293; baseline -0.003 -25"><span class='ocrx_word' id='word_1_236' title='bbox 353 4198 483 4293; x_wconf 85' lang='lat' dir='ltr'>Corpus</span> <span class='ocrx_word' id='word_1_237' title='bbox 511 4208 661 4270; x_wconf 89' lang='lat' dir='ltr'>sanctum</span> <span class='ocrx_word' id='word_1_238' title='bbox 688 4205 722 4266; x_wconf 89' lang='lat' dir='ltr'>et</span> <span class='ocrx_word' id='word_1_239' title='bbox 750 4199 888 4288; x_wconf 85' lang='lat' dir='ltr'>sanguis</span> <span class='ocrx_word' id='word_1_240' title='bbox 915 4197 1083 4290; x_wconf 87' lang='lat' dir='ltr'>pretiosus</span> <span class='ocrx_word' id='word_1_241' title='bbox 1100 4195 1183 4266; x_wconf 87' lang='lat' dir='ltr'>Jesu</span> <span class='ocrx_word' id='word_1_242' title='bbox 1203 4193 1324 4267; x_wconf 91' lang='lat' dir='ltr'>Christi</span> <span class='ocrx_word' id='word_1_243' title='bbox 1342 4194 1417 4266; x_wconf 88' lang='lat' dir='ltr'>Filii</span> <span class='ocrx_word' id='word_1_244' title='bbox 1429 4195 1494 4266; x_wconf 89' lang='lat' dir='ltr'>Dei</span> <span class='ocrx_word' id='word_1_245' title='bbox 1507 4195 1624 4266; x_wconf 89' lang='lat' dir='ltr'>nostri.</span> <span class='ocrx_word' id='word_1_246' title='bbox 1655 4218 1952 4289; x_wconf 56' lang='lat' dir='ltr'>ze„s.„„„2,s„</span> 
     </span>
    </p>
   </div>
   <div class='ocr_carea' id='block_1_7' title="bbox 265 4306 1953 4383">
    <p class='ocr_par' dir='ltr' id='par_1_10' title="bbox 265 4306 1953 4383">
     <span class='ocr_line' id='line_1_31' title="bbox 265 4306 1953 4383; baseline -0.011 -6"><span class='ocrx_word' id='word_1_247' title='bbox 265 4307 366 4383; x_wconf 80' lang='lat' dir='ltr'>Amen.</span> <span class='ocrx_word' id='word_1_248' title='bbox 1638 4306 1821 4373; x_wconf 57' lang='lat' dir='ltr'>udutou’laoou</span> <span class='ocrx_word' id='word_1_249' title='bbox 1831 4312 1953 4376; x_wconf 76' lang='grc' dir='ltr'>Χριστοῦ</span> 
     </span>
    </p>
   </div>
   <div class='ocr_carea' id='block_1_8' title="bbox 1637 4396 1952 4444">
    <p class='ocr_par' dir='ltr' id='par_1_11' title="bbox 1637 4396 1952 4444">
     <span class='ocr_line' id='line_1_32' title="bbox 1637 4396 1952 4444; baseline 0.003 -2"><span class='ocrx_word' id='word_1_250' title='bbox 1637 4414 1686 4443; x_wconf 80' lang='grc' dir='ltr'>του</span> <span class='ocrx_word' id='word_1_251' title='bbox 1721 4397 1779 4444; x_wconf 82' lang='grc' dir='ltr'>υιοῦ</span> <span class='ocrx_word' id='word_1_252' title='bbox 1811 4396 1860 4443; x_wconf 73' lang='lat' dir='ltr'>rod</span> <span class='ocrx_word' id='word_1_253' title='bbox 1886 4396 1952 4443; x_wconf 70' lang='lat' dir='ltr'>asco</span> 
     </span>
    </p>
   </div>
   <div class='ocr_carea' id='block_1_9' title="bbox 265 4416 1953 4801">
    <p class='ocr_par' dir='ltr' id='par_1_12' title="bbox 352 4416 1832 4529">
     <span class='ocr_line' id='line_1_33' title="bbox 352 4416 1832 4529; baseline -0.005 5"><span class='ocrx_word' id='word_1_254' title='bbox 352 4429 512 4522; x_wconf 48' lang='lat' dir='ltr'>populu&amp;</span> <span class='ocrx_word' id='word_1_255' title='bbox 565 4429 684 4500; x_wconf 59' lang='lat' dir='ltr'>Afflffl</span> <span class='ocrx_word' id='word_1_256' title='bbox 762 4416 766 4423; x_wconf 28' lang='grc' dir='ltr'>ι</span> <span class='ocrx_word' id='word_1_257' title='bbox 1638 4474 1717 4529; x_wconf 62' lang='lat' dir='ltr'>findit</span> <span class='ocrx_word' id='word_1_258' title='bbox 1742 4477 1832 4528; x_wconf 54' lang='lat' dir='ltr'>&#39;Aaou</span> 
     </span>
    </p>

    <p class='ocr_par' dir='ltr' id='par_1_13' title="bbox 265 4516 1953 4801">
     <span class='ocr_line' id='line_1_34' title="bbox 353 4516 1952 4638; baseline -0.002 -24"><span class='ocrx_word' id='word_1_259' title='bbox 353 4543 509 4614; x_wconf 87' lang='lat' dir='ltr'>Sanctum</span> <span class='ocrx_word' id='word_1_260' title='bbox 536 4552 570 4613; x_wconf 87' lang='lat' dir='ltr'>et</span> <span class='ocrx_word' id='word_1_261' title='bbox 595 4547 777 4637; x_wconf 86' lang='lat' dir='ltr'>pretiosum</span> <span class='ocrx_word' id='word_1_262' title='bbox 805 4563 927 4638; x_wconf 88' lang='lat' dir='ltr'>corpus</span> <span class='ocrx_word' id='word_1_263' title='bbox 955 4549 988 4611; x_wconf 93' lang='lat' dir='ltr'>et</span> <span class='ocrx_word' id='word_1_264' title='bbox 1015 4542 1152 4632; x_wconf 82' lang='lat' dir='ltr'>sanguis</span> <span class='ocrx_word' id='word_1_265' title='bbox 1180 4561 1283 4612; x_wconf 86' lang='lat' dir='ltr'>verus</span> <span class='ocrx_word' id='word_1_266' title='bbox 1310 4539 1392 4611; x_wconf 87' lang='lat' dir='ltr'>Jesu</span> <span class='ocrx_word' id='word_1_267' title='bbox 1409 4537 1532 4610; x_wconf 90' lang='lat' dir='ltr'>Christi</span> <span class='ocrx_word' id='word_1_268' title='bbox 1549 4535 1625 4607; x_wconf 92' lang='lat' dir='ltr'>Filii</span> <span class='ocrx_word' id='word_1_269' title='bbox 1643 4516 1858 4630; x_wconf 55' lang='lat' dir='ltr'>&#39;“nyne&#39;nss‘nov</span> <span class='ocrx_word' id='word_1_270' title='bbox 1877 4566 1952 4627; x_wconf 63' lang='lat' dir='ltr'>eune</span> 
     </span>
     <span class='ocr_line' id='line_1_35' title="bbox 265 4642 1952 4731; baseline -0.007 -23"><span class='ocrx_word' id='word_1_271' title='bbox 265 4648 319 4724; x_wconf 73' lang='lat' dir='ltr'>Dei</span> <span class='ocrx_word' id='word_1_272' title='bbox 340 4662 454 4731; x_wconf 48' lang='lat' dir='ltr'>nostri·</span> <span class='ocrx_word' id='word_1_273' title='bbox 507 4657 627 4729; x_wconf 52' lang='lat' dir='ltr'>Amen·</span> <span class='ocrx_word' id='word_1_274' title='bbox 1638 4642 1952 4713; x_wconf 65' lang='lat' dir='ltr'>uoialuaddudtrdv’lq-</span> 
     </span>
     <span class='ocr_line' id='line_1_36' title="bbox 1590 4732 1953 4801; baseline -0.008 -15"><span class='ocrx_word' id='word_1_275' title='bbox 1590 4770 1597 4786; x_wconf 83' lang='lat'><strong>.</strong></span> <span class='ocrx_word' id='word_1_276' title='bbox 1637 4736 1812 4801; x_wconf 78' lang='grc' dir='ltr'>σοῦΧριστοῦ</span> <span class='ocrx_word' id='word_1_277' title='bbox 1831 4736 1877 4781; x_wconf 76' lang='grc' dir='ltr'>τοῦ</span> <span class='ocrx_word' id='word_1_278' title='bbox 1893 4732 1953 4783; x_wconf 79' lang='grc' dir='ltr'><strong><em>υἱοῦ</em></strong></span> 
     </span>
    </p>
   </div>
   <div class='ocr_carea' id='block_1_10' title="bbox 267 4768 1953 4972">
    <p class='ocr_par' dir='ltr' id='par_1_14' title="bbox 267 4768 1953 4972">
     <span class='ocr_line' id='line_1_37' title="bbox 354 4768 1953 4883; baseline -0.003 -39"><span class='ocrx_word' id='word_1_279' title='bbox 354 4770 484 4868; x_wconf 76' lang='lat' dir='ltr'>Comus</span> <span class='ocrx_word' id='word_1_280' title='bbox 512 4782 547 4842; x_wconf 89' lang='lat' dir='ltr'>et</span> <span class='ocrx_word' id='word_1_281' title='bbox 573 4777 710 4865; x_wconf 84' lang='lat' dir='ltr'>sanguis</span> <span class='ocrx_word' id='word_1_282' title='bbox 737 4771 963 4843; x_wconf 87' lang='lat' dir='ltr'>Emmanuelis</span> <span class='ocrx_word' id='word_1_283' title='bbox 989 4771 1055 4843; x_wconf 91' lang='lat' dir='ltr'>Dei</span> <span class='ocrx_word' id='word_1_284' title='bbox 1081 4773 1203 4860; x_wconf 91' lang='lat' dir='ltr'>nostri,</span> <span class='ocrx_word' id='word_1_285' title='bbox 1230 4770 1295 4842; x_wconf 90' lang='lat' dir='ltr'>hoo</span> <span class='ocrx_word' id='word_1_286' title='bbox 1322 4778 1375 4841; x_wconf 89' lang='lat' dir='ltr'>est</span> <span class='ocrx_word' id='word_1_287' title='bbox 1400 4770 1434 4838; x_wconf 93' lang='lat' dir='ltr'>in</span> <span class='ocrx_word' id='word_1_288' title='bbox 1459 4768 1510 4837; x_wconf 91' lang='lat' dir='ltr'>rei</span> <span class='ocrx_word' id='word_1_289' title='bbox 1524 4789 1624 4839; x_wconf 90' lang='lat' dir='ltr'>vcn-</span> <span class='ocrx_word' id='word_1_290' title='bbox 1636 4822 1685 4870; x_wconf 57' lang='lat' dir='ltr'>w,</span> <span class='ocrx_word' id='word_1_291' title='bbox 1695 4814 1844 4882; x_wconf 40' lang='lat' dir='ltr'>„Qum</span> <span class='ocrx_word' id='word_1_292' title='bbox 1861 4815 1876 4866; x_wconf 66' lang='lat'>3</span> <span class='ocrx_word' id='word_1_293' title='bbox 1877 4817 1953 4883; x_wconf 33' lang='lat' dir='ltr'>,ffl-</span> 
     </span>
     <span class='ocr_line' id='line_1_38' title="bbox 267 4889 1952 4972; baseline 0.001 -21"><span class='ocrx_word' id='word_1_294' title='bbox 267 4889 330 4955; x_wconf 79' lang='lat' dir='ltr'>tale.</span> <span class='ocrx_word' id='word_1_295' title='bbox 378 4890 498 4960; x_wconf 80' lang='lat' dir='ltr'>Amen.</span> <span class='ocrx_word' id='word_1_296' title='bbox 1637 4906 1708 4956; x_wconf 85' lang='lat' dir='ltr'>Haec</span> <span class='ocrx_word' id='word_1_297' title='bbox 1718 4904 1815 4972; x_wconf 74' lang='lat' dir='ltr'>Copticc</span> <span class='ocrx_word' id='word_1_298' title='bbox 1828 4905 1952 4959; x_wconf 77' lang='lat' dir='ltr'>dicunmr.</span> 
     </span>
    </p>
   </div>
   <div class='ocr_carea' id='block_1_11' title="bbox 267 5000 1624 5216">
    <p class='ocr_par' dir='ltr' id='par_1_15' title="bbox 267 5000 1624 5216">
     <span class='ocr_line' id='line_1_39' title="bbox 355 5000 1624 5096; baseline -0.004 -22"><span class='ocrx_word' id='word_1_299' title='bbox 355 5001 485 5094; x_wconf 89' lang='lat' dir='ltr'>Credo,</span> <span class='ocrx_word' id='word_1_300' title='bbox 513 5002 632 5093; x_wconf 89' lang='lat' dir='ltr'>credo,</span> <span class='ocrx_word' id='word_1_301' title='bbox 660 5005 762 5076; x_wconf 89' lang='lat' dir='ltr'>credo</span> <span class='ocrx_word' id='word_1_302' title='bbox 791 5014 824 5076; x_wconf 89' lang='lat' dir='ltr'>ct</span> <span class='ocrx_word' id='word_1_303' title='bbox 850 5003 1012 5076; x_wconf 86' lang='lat' dir='ltr'>confiteor</span> <span class='ocrx_word' id='word_1_304' title='bbox 1038 5024 1144 5096; x_wconf 88' lang='lat' dir='ltr'>usque</span> <span class='ocrx_word' id='word_1_305' title='bbox 1172 5001 1214 5073; x_wconf 89' lang='lat' dir='ltr'>ad</span> <span class='ocrx_word' id='word_1_306' title='bbox 1245 5000 1392 5072; x_wconf 91' lang='lat' dir='ltr'>ultimum</span> <span class='ocrx_word' id='word_1_307' title='bbox 1423 5002 1514 5072; x_wconf 89' lang='lat' dir='ltr'>vitae</span> <span class='ocrx_word' id='word_1_308' title='bbox 1548 5000 1624 5093; x_wconf 89' lang='lat' dir='ltr'>spi-</span> 
     </span>
     <span class='ocr_line' id='line_1_40' title="bbox 267 5111 1624 5216; baseline 0.007 -42"><span class='ocrx_word' id='word_1_309' title='bbox 267 5111 364 5208; x_wconf 86' lang='lat' dir='ltr'>ritum,</span> <span class='ocrx_word' id='word_1_310' title='bbox 390 5119 455 5192; x_wconf 91' lang='lat' dir='ltr'>hoc</span> <span class='ocrx_word' id='word_1_311' title='bbox 475 5141 554 5193; x_wconf 89' lang='lat' dir='ltr'>esse</span> <span class='ocrx_word' id='word_1_312' title='bbox 569 5141 693 5216; x_wconf 86' lang='lat' dir='ltr'>corpus</span> <span class='ocrx_word' id='word_1_313' title='bbox 708 5119 896 5212; x_wconf 85' lang='lat' dir='ltr'>vivificum,</span> <span class='ocrx_word' id='word_1_314' title='bbox 925 5118 1014 5213; x_wconf 91' lang='lat' dir='ltr'>quud</span> <span class='ocrx_word' id='word_1_315' title='bbox 1030 5121 1209 5214; x_wconf 85' lang='lat' dir='ltr'>accepisti,</span> <span class='ocrx_word' id='word_1_316' title='bbox 1237 5116 1368 5190; x_wconf 90' lang='lat' dir='ltr'>Christe</span> <span class='ocrx_word' id='word_1_317' title='bbox 1389 5116 1483 5189; x_wconf 91' lang='lat' dir='ltr'>Deus</span> <span class='ocrx_word' id='word_1_318' title='bbox 1497 5124 1624 5206; x_wconf 88' lang='lat' dir='ltr'>noster,</span> 
     </span>
    </p>
   </div>
   <div class='ocr_carea' id='block_1_12' title="bbox 0 0 2268 6034">
    <p class='ocr_par' dir='ltr' id='par_1_16' title="bbox 0 0 2268 6034">
     <span class='ocr_line' id='line_1_41' title="bbox 0 0 2268 6034; baseline 0 5"><span class='ocrx_word' id='word_1_319' title='bbox 0 0 2268 6034; x_wconf 95' lang='lat' dir='ltr'> </span> 
     </span>
    </p>
   </div>
  </div>
 </body>
</html>
