4525 6034
518 705 525 713 ,
625 595 742 685 ‘aaa
1132 609 1564 688 couururlnros

376 813 479 866 thorum
498 818 574 870 nimia
589 833 653 886 erga
752 796 890 860 Alterum
912 805 1003 877 caput
1025 798 1055 859 in
1078 815 1138 878 quo
1163 795 1333 858 Orientales
1357 794 1446 875 culpa
1467 813 1528 857 non
1544 802 1669 874 vacant,
1693 795 1811 857 nimiam
1834 795 2037 859 adulationem

341 899 538 956 mahumetanos
553 903 650 971 princi·
664 904 799 976 spectat,
823 915 882 977 qua
905 895 1129 958 hluhamedanis
1153 893 1300 972 sultanis,
1322 901 1445 975 praeter
1466 912 1575 974 preces
1599 913 1673 975 quas
1696 914 1737 956 cx
1755 894 1854 958 cilicio
1875 894 2038 972 dehebant,

342 1003 389 1054 1¹⁰³
406 987 526 1044 adalano.
664 995 755 1057 multa
787 995 973 1073 detulerunt,
1002 1014 1080 1077 quae
1108 1012 1169 1056 non
1206 993 1346 1056 licebant.
1404 994 1473 1055 Non
1500 994 1590 1056 modo
1627 993 1764 1074 publicas
1800 994 2038 1074 supplicationes

664 1114 767 1159 coram
789 1097 861 1177 ipsis
879 1095 1038 1171 iaciebant,
1058 1094 1113 1158 sed
1131 1114 1198 1158 cum
1217 1095 1296 1156 omni
1317 1101 1424 1156 ornatu
1439 1093 1605 1171 Ecclesiae,
1621 1101 1652 1155 et
1670 1094 1765 1156 sacris
1789 1095 1878 1156 etiam
1900 1095 1985 1155 vasis
2009 1102 2040 1157 et

664 1195 838 1279 Evangeliis
862 1195 899 1258 ad
921 1196 1064 1258 Palatium
1088 1195 1185 1274 ibant,
1210 1195 1389 1276 praesertim
1412 1195 1441 1255 in
1471 1193 1708 1256 Patriarcharum
1739 1194 2038 1277 inauguratioaibus:

663 1294 770 1358 multas
794 1314 901 1358 causas
917 1296 1146 1358 Ecclesiasticus
1169 1295 1207 1357 ad
1221 1313 1326 1357 eorum
1348 1292 1507 1355 tribunalia
1528 1291 1714 1370 deserebant,
1738 1291 1917 1374 tandemque
1931 1308 2038 1353 eorum

664 1402 760 1475 metu,
785 1414 846 1457 non
868 1395 956 1457 modo
981 1395 1127 1457 aduersus
1140 1392 1386 1456 Nuhamedanam
1396 1393 1579 1473 impietatem
1602 1409 1641 1453 ne
1663 1390 1785 1453 hiscere
1800 1392 1921 1473 quidem
1938 1390 2037 1454 aude-

664 1493 755 1573 bant,
778 1495 834 1557 sed
858 1496 946 1557 etiam
968 1495 1066 1574 ipsum
1095 1495 1290 1574 impostorem
1317 1492 1524 1554 blahamedem
1553 1491 1667 1572 absque
1696 1490 1819 1554 honoris
1847 1491 2037 1573 praelatione

664 1611 726 1657 non
749 1594 954 1671 nominabant,
978 1601 1009 1655 et
1030 1612 1124 1674 saepe
1147 1592 1284 1655 laudibus
1307 1592 1587 1673 prosequebantur,
1611 1600 1644 1653 ut
1666 1591 1739 1654 fecit
1760 1593 1839 1654 inter
1860 1591 1936 1654 alios
1959 1591 2038 1653 hm-

664 1712 724 1756 rou
744 1694 873 1756 Nathaei
896 1693 974 1755 silius
997 1693 1212 1769 Nemesianus,
1236 1692 1288 1772 qui
1309 1690 1392 1753 illum
1413 1709 1600 1773 magnopere
1623 1690 1826 1769 commendat,
1856 1691 1937 1770 quod
1959 1691 2037 1752 lda-

664 1795 816 1856 loiotriom
839 1795 1006 1868 notuerit,
1028 1784 1173 1872 coituque
1194 1792 1253 1853 Dei
1274 1791 1383 1853 cadum
1402 1793 1631 1871 propopoaerit.
1667 1791 1700 1853 ln
1725 1809 1763 1853 eo
1785 1790 2038 1852 modumomnem

665 1901 866 1957 excesserunt
887 1892 1076 1971 Nestoriani,
1098 1894 1129 1953 in
1153 1909 1281 1972 quorum
1311 1890 1393 1952 libris
1425 1890 1618 1974 theologicis
1649 1899 1719 1971 post
1748 1892 1916 1971 scripturae
1946 1888 2039 1950 testi-

663 1994 779 2073 monia,
814 1999 977 2056 occurrunt
999 1993 1111 2073 petitae
1135 2010 1175 2053 ex
1196 1991 1397 2072 impurissimo
1419 1988 1564 2053 hlcorani
1592 2009 1689 2053 coeno
1720 1990 1913 2069 autoritates,
1944 1996 1978 2050 ut
2007 1988 2039 2049 in

667 2092 810 2156 Tractatu
833 2092 871 2154 de
892 2091 966 2154 Fide
990 2090 1159 2155 Christiana
1181 2090 1265 2153 Eliae
1288 2089 1500 2171 Metropolitae
1523 2089 1673 2165 Nisibeni,
1696 2098 1803 2170 postea
1819 2088 1983 2152 Catholici:
2007 2087 2038 2149 in

667 2191 732 2254 aliis
756 2193 848 2255 sectis
872 2191 932 2254 tale
955 2189 1027 2273 quid
1049 2176 1111 2254 hon
1132 2190 1220 2253 lacile
1242 2191 1383 2253 occurrit

376 2490 407 2541 P.
427 2490 468 2541 tt⁴
486 2490 503 2540 t
520 2491 565 2542 aa.
1009 2477 1115 2548 Dicet
1134 2476 1281 2570 populus
1307 2478 1427 2549 Fidem
1453 2478 1694 2550 orthodoxam.

361 2698 508 2764 Symbolum
521 2698 653 2750 rectarum
745 2672 799 2751 Ur
822 2682 901 2767 apud
925 2680 1058 2745 Graecos
1081 2675 1210 2760 Πίσης,
1233 2684 1273 2745 ita
1295 2683 1375 2764 apud
1386 2681 1554 2747 Orientales
1581 2685 1655 2765 fidei
1681 2685 1879 2761 vocabulum,
1903 2682 2035 2765 Symbo-

345 2785 405 2838 ⁰¹i¹¹1
423 2783 530 2837 Graece.
666 2788 727 2850 lum
748 2787 913 2849 Nicaenum
936 2784 966 2844 in
989 2784 1137 2844 communi
1160 2799 1217 2844 usu
1240 2781 1453 2845 Ecclesiastico
1477 2784 1641 2866 significat,
1666 2784 1747 2865 quod
1760 2783 1900 2865 Coptitae
1915 2792 2033 2863 vocant,

665 2889 769 2950 Fidem
791 2884 1010 2947 Orthodoaom.
1055 2881 1151 2963 Hujus
1175 2881 1358 2962 exemplaria
1381 2882 1497 2947 Graece
1520 2892 1661 2961 exarata,
1691 2903 1758 2946 cum
1779 2884 1923 2947 versione
1952 2883 2034 2947 Ara-

665 2988 749 3063 bica,
772 2984 810 3049 ad
830 2983 1013 3065 antiquitatis
1036 2983 1227 3061 memoriam,
1255 2990 1464 3063 repraesentat
1491 2981 1600 3046 Codex
1629 2982 1784 3046 Canonum
1813 2985 1951 3065 antiquus
1981 2984 2032 3046 Bi·

664 3086 833 3150 bliothecae
855 3082 1001 3166 Regiae„
1024 3080 1116 3163 Apud
1139 3081 1273 3163 Coptitas
1296 3100 1333 3144 an
1357 3082 1426 3144 olim
1449 3081 1565 3145 Graece
1588 3081 1697 3145 dictum
1726 3083 1817 3145 fuerit
1843 3091 1945 3164 potest
1975 3083 2031 3145 du·
2079 3092 2086 3106 '

664 3187 769 3261 bilari;
792 3185 847 3247 scd
871 3183 982 3245 dudum
1004 3190 1053 3244 est
1075 3199 1142 3243 curn
1164 3180 1295 3243 Arabica
1317 3181 1440 3245 dicitur:
1462 3191 1593 3263 suntque
1605 3182 1684 3246 illius
1697 3183 1836 3246 diversae
1859 3185 2031 3259 versioncs;

665 3305 733 3349 nam
755 3286 905 3367 antiquior
928 3290 958 3346 et
979 3281 1088 3345 melior
1110 3300 1150 3343 ex
1172 3279 1290 3343 Graeco
1313 3282 1493 3363 exemplari,
1517 3301 1595 3364 quae
1617 3283 1730 3364 passim
1753 3289 1836 3345 extat
1857 3284 1887 3345 in
1909 3282 2031 3346 Eucho-
2055 3264 2072 3277 '⁵

666 3387 772 3470 logiis,
796 3392 828 3447 et
850 3384 915 3447 aliis
939 3381 1023 3444 libris
1045 3380 1284 3462 Ecclesiasticis‚
1306 3380 1385 3444 iacta
1407 3391 1470 3457 cst;
1492 3382 1569 3445 aliae
1596 3401 1636 3444 ex
1663 3382 1786 3464 Syriaca
1814 3386 1972 3461 versione,
2002 3390 2031 3445 et

668 3484 788 3568 quidem
811 3483 964 3565 duplices,
986 3500 1054 3544 nam
1076 3488 1124 3543 est
1147 3479 1327 3543 discriminis
1349 3481 1483 3544 nonnihil
1505 3485 1583 3545 inter
1605 3500 1671 3544 eam
1685 3481 2030 3563 quaNestorianiutun-

666 3596 734 3665 tur,
769 3592 799 3646 et
828 3584 909 3645 alias.
953 3581 999 3644 Eo
1036 3582 1156 3642 nomine
1185 3581 1270 3661 ipsos
1304 3580 1498 3644 vehementer
1531 3583 1664 3663 exagitat
1698 3581 1830 3644 Severus
1863 3581 2030 3664 Episcopus

666 3685 868 3762 Ascbmonin,
904 3681 1051 3763 singulari
1088 3680 1236 3762 opusculo
1270 3680 1416 3744 adversus
1453 3682 1519 3744 Ebn
1550 3680 1647 3744 Obeid
1679 3682 1899 3763 Metropolitam
1929 3700 2031 3744 eorum

378 3801 425 3853 na.
443 3802 472 3854 Β,
490 3803 521 3857 n.
667 3786 895 3848 Damasccnum.
945 3781 1036 3843 Notat
1065 3781 1229 3862 praecipue
1257 3780 1338 3861 quod
1368 3783 1503 3844 omittant
1530 3782 1605 3845 haec
1632 3782 1726 3844 verba
1756 3783 1833 3843 coeti
1858 3789 1888 3843 et
1916 3788 2031 3843 terroe:

379 3888 525 3942 nestoriani
537 3890 653 3958 singuta—
667 3885 830 3967 legantque
859 3884 918 3959 ita,
956 3879 1055 3943 Credo
1085 3882 1117 3941 io
1153 3899 1244 3942 unum
1279 3878 1390 3957 Deum,
1420 3881 1545 3943 Patrem
1578 3884 1823 3962 omnipotentem,
1858 3880 2032 3942 Creatorem

346 3990 400 4025 rem
425 3974 481 4040 ejus
507 3978 653 4029 versionem
667 3986 798 4047 moniam
819 3982 980 4044 visibilium
1002 3988 1032 4041 et
1051 3979 1254 4043 invisibilium.
1301 3979 1375 4041 Tum
1397 3988 1428 4042 et
1446 3983 1480 4042 in
1500 4001 1590 4043 onum
1604 3981 1764 4042 Dasminum
1783 3982 1876 4061 pilium
1890 3981 1950 4042 Dei
1961 3983 2032 4042 uni·

344 4059 480 4113 habebant.
665 4086 812 4165 penitam,
830 4082 1061 4163 paimoqeaitam
1083 4081 1181 4141 omnis
1203 4086 1383 4141 creaturae.-
1405 4070 1446 4142 ea
1462 4088 1555 4161 patre
1576 4088 1679 4143 notum
1706 4088 1776 4142 onte
1805 4081 1946 4155 saeculo,
1974 4100 2032 4141 ooo

667 4189 811 4245 meamea.
856 4179 962 4261 Neque
985 4179 1110 4256 babent,
1144 4178 1301 4240 demenda
1323 4178 1444 4241 lumine:
1473 4178 1585 4242 addunt
1613 4180 1701 4242 etiam
1731 4188 1802 4261 post
1824 4199 1860 4242 ea
1888 4181 1983 4242 verba
2005 4185 2034 4241 et

666 4282 755 4344 bomo
774 4281 876 4361 factare
898 4287 958 4356 est,
981 4286 1142 4358 conceptus
1162 4279 1195 4339 in
1217 4296 1254 4339 ea
1276 4285 1416 4341 etractus
1437 4299 1478 4340 erc
1504 4279 1640 4360 Virpioe:
1670 4279 1787 4360 reliqua
1814 4279 1936 4341 minoris
1965 4295 2032 4341 ιηο-

667 4383 758 4444 menti
787 4390 864 4443 sunt
912 4380 945 4442 ln
975 4397 1013 4441 eo
1042 4385 1141 4440 autem
1171 4376 1330 4458 Symbola,
1356 4384 1390 4439 nt
1421 4377 1491 4441 olim
1519 4376 1679 4441 Christiani
1708 4397 1830 4458 omnes,
1861 4379 1902 4440 ita
1930 4386 2032 4442 sectae

669 4480 838 4544 Orientales
861 4480 965 4561 paucis
988 4477 1112 4560 syllabis
1135 4478 1271 4558 exceptis
1295 4478 1488 4543 conveniunt.
1521 4478 1637 4540 Pariter
1659 4479 1747 4541 etiam
1769 4496 1830 4540 non
1851 4478 1941 4541 modo
1955 4479 2032 4541 inter

667 4599 703 4643 se
727 4578 822 4662 ipsae,
844 4578 900 4641 scd
922 4576 1134 4640 cumGraecis
1158 4577 1358 4656 consentiunt,
1381 4579 1412 4639 in
1435 4578 1615 4661 exagitanda
1637 4577 1941 4642 additioneaLatinis
1955 4578 2031 4641 lacta

668 4681 750 4742 circa
773 4679 912 4759 Spiritus·
926 4675 1026 4741 Sancti
1048 4677 1288 4759 processionem,
1311 4696 1368 4758 per
1390 4677 1441 4740 illa
1462 4676 1557 4740 verba
1579 4681 1631 4760 qui
1652 4699 1692 4740 ea
1709 4686 1801 4758 patre
1819 4679 1940 4759 filioque
1955 4696 2030 4760 pro-

666 4778 754 4842 cedit.

362 4883 402 4938 lte
415 4886 655 4959 additionessttoqoe.
754 4878 827 4941 Eam
856 4878 967 4960 quippe
997 4875 1178 4939 additionem
1206 4875 1420 4953 condemnant,
1449 4896 1510 4939 non
1540 4877 1628 4940 modo
1658 4878 1745 4959 quasi
1770 4885 1885 4940 temere
1914 4876 2030 4955 factam,
2121 4940 2126 4951 ¹

669 4986 700 5040 et
722 4977 836 5058 absque
863 4977 995 5059 legitima
1024 4977 1183 5038 autoritate
1210 4984 1314 5039 contra
1344 4976 1666 5059 constantinopolitani
1694 4977 1820 5041 Concilii
1849 4986 1880 5041 et
1907 4977 2031 5040 aliorum

669 5076 887 5155 definitionem,
910 5076 966 5139 sed
988 5077 1076 5138 eliam
1098 5077 1185 5157 quasi
1206 5094 1318 5139 novum
1340 5075 1450 5161 dogma
1472 5079 1640 5158 contineat,
1665 5077 1703 5141 de
1718 5078 1916 5159 processione
1937 5076 2031 5141 sancti
