4525 6034
365 573 414 649 DE
432 569 688 648 Ll'llllldlhltllll
701 567 955 646 Olllllll'lhblllll
971 563 1122 643 OltldlllE
1132 565 1181 641 ET
1197 562 1444 641 hUTORl'lll'lE
1511 557 1594 631 XXI

218 758 366 832 Latinos
391 781 458 831 non
483 767 656 853 usupata3
682 775 904 852 quemnemo
934 752 998 825 huo
1029 775 1136 848 usque
1169 752 1409 848 superstitionis
1435 750 1593 822 damnare
1620 848 1627 853 ·

219 898 328 948 ansus
355 884 417 949 est

338 991 613 1066 communionem
648 991 833 1085 praecessit
857 989 936 1059 olim
969 1008 989 1056 a
1016 987 1130 1081 primis
1164 984 1307 1057 saeculis
1341 981 1518 1056 Confessio
1552 982 1594 1054 do
1623 1002 1915 1058 murmuraverint·

217 1110 374 1181 veritate
399 1110 549 1203 corporis
576 1117 610 1179 et
635 1109 806 1199 sanguinis
833 1105 972 1191 Christi,
998 1101 1142 1197 simplex
1167 1102 1306 1196 primum
1323 1110 1358 1172 et
1370 1101 1487 1195 paucis
1508 1120 1594 1170 ver·
1607 1092 1722 1160 ⁰⁰W⁰¹¹⁸
1740 1088 1841 1144 cml·

217 1221 296 1294 bis:
326 1223 460 1318 Corpus
487 1224 622 1296 Christi.
649 1224 777 1295 ,linem
806 1223 899 1313 cujus
922 1220 1148 1291 vetustissima
1174 1219 1333 1290 memoria
1360 1217 1467 1287 estin
1492 1235 1595 1287 causa

218 1337 410 1413 Novatiani
437 1340 524 1436 apud
548 1336 749 1427 Eusebium,
776 1348 810 1409 et
835 1336 922 1433 apud
948 1347 1082 1411 autmes
1098 1359 1215 1409 omnes
1235 1335 1503 1409 Ecclesiasticus.
1557 1339 1595 1412 Si

220 1456 305 1551 quid
323 1456 459 1539 Graeci,
486 1466 521 1528 et
532 1455 687 1550 Coptitae
702 1454 914 1541 addidervmt,
928 1476 993 1549 quo
1010 1457 1206 1549 expressius
1224 1461 1437 1541 testarentur,
1456 1453 1596 1527 credere

218 1594 259 1645 se
294 1573 332 1644 id
366 1572 454 1668 quod
489 1570 696 1667 accipiebant
728 1593 805 1644 esse
833 1570 964 1666 Corpus
992 1569 1132 1659 Christi,
1166 1568 1321 1642 laudandi
1354 1578 1449 1641 sunt:
1487 1591 1597 1664 neque

218 1688 406 1762 Romanae
419 1688 596 1762 Ecclesiae
622 1686 848 1776 tribuendum,
875 1709 961 1782 quae
987 1685 1065 1757 nihil
1089 1683 1192 1758 habet
1217 1684 1333 1759 simile.
1385 1685 1504 1779 Neque
1529 1707 1596 1758 ca-

218 1806 375 1880 lumniae
400 1814 532 1902 patent,
559 1805 683 1877 diversi
709 1802 922 1900 praebendae
953 1805 1189 1874 communionis
1223 1805 1322 1892 ritus,
1355 1804 1417 1873 etsi
1450 1823 1517 1875 non
1549 1824 1596 1874 ex

219 1927 404 2021 primaeva
431 1923 621 2016 antiquitate
647 1920 798 2010 deducti,
829 1923 1024 2015 praesertim
1051 1922 1136 1991 inter
1163 1918 1369 1993 Christianos
1397 1917 1596 2008 Orientales,

219 2063 300 2112 cum
329 2044 367 2112 in
393 2062 435 2111 ea
461 2037 588 2110 fundati
614 2041 698 2127 sint,
725 2059 846 2132 nempe
871 2040 904 2108 in
924 2059 1050 2109 summa
1065 2059 1149 2128 erga
1162 2036 1411 2108 Sacramentum
1423 2036 1596 2126 religione.

219 2157 331 2230 Manu
367 2157 444 2228 olim
479 2153 685 2227 Eucharistia
720 2151 978 2249 suscipiebatur,
1004 2152 1094 2225 calin
1124 2149 1364 2248 praebebatur:
1396 2151 1596 2224 cochleara

219 2272 339 2346 multis
367 2269 512 2345 saeculis
539 2274 572 2342 in
590 2268 727 2342 Oriente
752 2273 906 2365 usurpari
932 2272 1058 2365 coepit,
1085 2279 1119 2341 et
1135 2272 1269 2341 intincta
1286 2271 1484 2357 communio,
1511 2288 1597 2362 quae

220 2393 256 2461 in
285 2389 475 2464 Occidente
502 2386 678 2483 aliquando
705 2384 815 2458 locum
840 2384 971 2457 habuit:
998 2396 1034 2457 ut
1059 2385 1206 2459 calamus
1233 2407 1354 2458 aureus
1381 2394 1438 2457 aut
1468 2406 1598 2477 argen-

221 2518 302 2582 teus
332 2514 511 2600 usurpatus
538 2514 599 2577 est
652 2502 745 2575 llaec
772 2505 881 2574 omnia
908 2505 964 2598 pie
990 2504 1134 2574 instituta
1161 2513 1253 2593 sunt,
1279 2503 1381 2595 longe
1409 2511 1486 2573 ante
1500 2522 1599 2596 quam

221 2624 378 2696 auditum
403 2621 521 2692 inisset
547 2621 589 2691 de
614 2620 822 2713 Berengario
849 2629 884 2690 et
909 2621 981 2710 ejus
1008 2617 1186 2693 similibus:
1223 2630 1257 2691 et
1283 2617 1324 2692 ab
1358 2617 1421 2691 illis
1457 2616 1598 2704 demum,

222 2741 282 2835 qui
314 2761 391 2809 cum
418 2736 535 2809 Latina
561 2735 715 2808 Ecclesia
742 2738 973 2808 societatemn
992 2734 1260 2810 multissaeculis
1280 2737 1452 2837 coluerunt
1467 2733 1598 2805 mdlam.

337 2854 434 2940 Ouae
459 2875 543 2925 vero
569 2874 637 2924 non
663 2851 821 2944 biturgiis
847 2855 1075 2947 praescripta,
1111 2852 1173 2924 sed
1199 2851 1346 2925 moribus
1372 2848 1918 2925 Ecclesiarnmllivuuuitlltltluoleh

224 2974 411 3045 constituta
438 2980 528 3063 sunt,
561 2979 597 3040 nt
629 2968 672 3041 ad
698 2966 855 3041 absentes
892 2968 969 3040 olim
1003 2968 1212 3041 Eucharistia
1249 2968 1454 3058 deferretur,
1486 2979 1523 3040 ut
1557 2967 1609 3040 ad-

222 3086 466 3177 moribundos,
492 3096 527 3157 nt
553 3086 687 3159 daretur
712 3082 908 3174 infantibus,
935 3086 1126 3158 calumniari
1154 3088 1182 3159 si
1208 3088 1281 3179 quis
1299 3085 1454 3173 voluerit,
1480 3095 1516 3156 nt
1540 3084 1599 3159 la-

223 3228 311 3277 cere
338 3207 451 3297 conati
477 3212 551 3275 sunt
577 3205 756 3297 primorum
782 3200 1051 3274 Reformatornm
1079 3201 1248 3299 discipuli,
1280 3223 1348 3274 non
1374 3213 1441 3274 mm
1466 3201 1600 3277 Roma-

223 3345 306 3395 nam
332 3318 522 3392 Ecclesiam
548 3340 646 3413 mam
673 3328 822 3390 veterem
851 3328 885 3389 et
910 3319 1144 3415 Apostolicam
1169 3323 1377 3415 impugnant,
1404 3342 1490 3413 quae
1515 3316 1601 3390 hanc

225 3422 438 3531 disciplinam
465 3434 680 3527 observavit,
706 3443 743 3506 ut
776 3420 895 3531 parlim
929 3435 1034 3508 adhuc
1069 3439 1103 3507 in
1139 3436 1275 3509 Oriente
1309 3445 1472 3509 servatur.
1525 3435 1599 3508 Non

224 3554 380 3627 defertur
406 3553 448 3627 ad
480 3551 636 3624 absentes
662 3551 889 3640 Eucharistia,
930 3575 1003 3623 cnm
1037 3556 1122 3625 ratio
1158 3557 1360 3643 cessaverit,
1396 3553 1491 3626 simul
1525 3574 1600 3623 cum
1694 3628 1700 3645 p

225 3668 540 3768 persecutionibus,
575 3690 662 3764 quae
692 3668 877 3769 libertatem
910 3669 1129 3743 conveniendi
1163 3669 1359 3743 Christianis
1391 3693 1459 3743 non
1491 3669 1599 3742 relin-

225 3786 387 3883 quebant.
439 3787 486 3858 At
512 3790 608 3878 viget
625 3785 767 3858 adhaec
785 3808 891 3880 usquc
906 3796 1057 3882 tempora
1072 3787 1276 3859 consuetudo
1289 3810 1363 3859 eam
1382 3787 1424 3859 ad
1441 3795 1599 3878 aegrotos

226 3903 425 3993 deferendi,
451 3926 537 3999 quae
564 3901 736 3998 disciplina
754 3902 974 3974 firmissimum
995 3903 1165 3975 doctrinae
1183 3901 1399 3975 Ortbodoxae
1415 3925 1600 3995 argrrmen-

228 4031 301 4091 tum
327 4024 495 4109 coutinet,
522 4028 556 4092 et
581 4041 698 4092 omnes
723 4019 980 4093 Protestantium
1002 4023 1148 4092 rationes
1178 4018 1368 4094 conturbat:
1394 4042 1467 4092 cum
1501 4023 1600 4090 etiarn

226 4137 293 4227 illi,
322 4139 381 4231 qui
405 4137 532 4208 realem
560 4136 735 4232 qnamdam
761 4138 1003 4232 susceptionem
1037 4140 1187 4231 corporis
1214 4145 1248 4207 et
1274 4140 1444 4229 sanguinis
1478 4135 1600 4209 Christi

228 4274 423 4344 agnoscere
449 4274 488 4327 se
519 4252 729 4349 profitentur,
762 4274 837 4324 eam
862 4253 895 4322 in
921 4252 996 4324 solo
1022 4275 1084 4326 usu
1110 4256 1326 4343 constituant,
1363 4257 1438 4348 qnia
1475 4250 1601 4323 scilicet

227 4391 277 4439 ex
304 4391 423 4440 eorum
449 4372 606 4464 opinione
632 4369 774 4440 medium
799 4390 865 4464 quo
892 4390 1013 4464 corpus
1040 4380 1074 4441 et
1101 4372 1237 4462 sanguis
1265 4368 1386 4443 Christi
1423 4369 1598 4463 accipiun-

227 4495 303 4577 tur,
329 4484 414 4558 fides
440 4496 502 4558 cst.
554 4486 669 4580 ltaque
695 4495 787 4557 recte
814 4485 993 4558 secundum
1020 4495 1134 4558 sectae
1161 4510 1242 4559 suae
1263 4487 1486 4582 praejudicia,
1510 4487 1599 4580 piam

229 4600 324 4674 illam
351 4612 386 4673 et
410 4601 560 4675 Nicaeno
588 4602 740 4675 Concilio
768 4605 934 4675 seniorem
954 4602 1248 4691 consuetudinem,
1281 4601 1523 4675 Eucharistiam
1558 4600 1601 4673 ad

236 4716 387 4790 infirmos
414 4717 585 4791 deferendi
612 4717 832 4811 sustrderunt,
860 4721 936 4813 quia
961 4742 1082 4815 panem
1110 4730 1145 4791 et
1168 4722 1281 4791 vinum
1308 4718 1530 4792 tantummodo
1558 4718 1601 4791 ad

237 4832 316 4905 illos
342 4832 487 4925 ferrent,
512 4857 580 4907 non
605 4856 726 4931 corpus
754 4844 789 4907 et
814 4838 1009 4927 sanguinem
1027 4834 1166 4909 Christi:
1194 4858 1310 4907 verum
1326 4836 1360 4907 id
1378 4845 1495 4909 contra
1520 4859 1600 4909 mo-

237 4971 316 5040 res,
343 4960 378 5022 et
402 4949 500 5023 fidem
524 4950 718 5044 Ecclesiae,
745 4955 775 5026 si
799 4975 867 5026 non
885 4952 1122 5049 Apostolicae,
1149 4952 1266 5027 saltem
1283 4952 1485 5049 Apostolicis
1511 4964 1601 5027 tem-

238 5066 377 5163 poribus
404 5071 589 5164 proximae.
