4525 6034
707 571 783 646 542
847 567 1247 650 nolmmtnultottu
1261 568 1407 646 loontu
1420 566 1684 644 remittente
1697 566 1929 645 omittentur.

707 764 799 820 tatem
822 756 962 837 corporis
986 762 1016 818 et
1038 754 1195 837 sanguinis
1219 752 1330 816 Christi
1352 753 1383 815 in
1396 751 1594 816 Eucharistia
1616 753 1837 833 proposuisset.
1859 751 1897 813 dt
1917 751 2041 814 credenti·

705 854 775 934 bus,
798 854 879 936 quod
904 854 1024 917 illorum
1035 852 1186 934 Theoloqi
1208 851 1329 927 docent,
1353 860 1384 915 et
1405 852 1523 915 illorum
1537 851 1694 933 disciplina
1708 851 1869 925 confirmat,
1889 852 1916 914 in
1935 868 2040 932 corpore

705 953 914 1018 sacramentali
939 952 1060 1030 Christi,
1084 970 1155 1015 esse
1184 969 1306 1033 quoque
1336 953 1530 1035 sanguinem,
1560 958 1593 1013 ut
1621 969 1731 1032 corpus
1761 952 1793 1012 in
1814 951 1962 1033 sangnine,
1986 950 2041 1011 ubil

706 1053 855 1131 obstabat,
888 1071 948 1133 quo
979 1053 1074 1114 ninus
1105 1069 1167 1113 vox
1197 1053 1320 1132 corpori
1349 1054 1478 1114 animato
1507 1059 1537 1113 et
1566 1051 1703 1113 rationali
1730 1051 1854 1130 proprie
1882 1050 2042 1128 conueniens,

706 1153 846 1234 sanguini
869 1151 1094 1214 attribueretur.

794 1251 967 1315 Commislio
991 1249 1131 1330 corporis
1154 1257 1185 1311 et
1207 1250 1361 1332 sanguinis
1385 1248 1497 1314 Christi
1524 1268 1592 1312 cum
1614 1267 1745 1330 corpore
1769 1256 1800 1311 et
1822 1248 1958 1329 sanguiue
1977 1266 2044 1309 con·

706 1351 918 1422 municantium
941 1350 1104 1430 mysteriis,
1129 1366 1190 1411 non
1213 1366 1293 1411 nova
1315 1348 1370 1411 iuit
1391 1349 1506 1412 autoris
1529 1350 1683 1431 cogitatio,
1706 1349 1763 1411 sed
1785 1344 2045 1411 communisOrlen-

706 1449 808 1512 talium
831 1449 1009 1530 Theologia,
1031 1454 1063 1509 ut
1086 1466 1127 1510 ex
1150 1449 1312 1511 innumeris
1335 1448 1471 1530 ejusdem
1493 1451 1661 1512 sentcntiae
1684 1447 1872 1512 orationibus
1893 1453 2003 1510 constal.

910 1709 945 1781 6.
985 1710 1144 1804 Dipnore
1170 1708 1318 1780 Domine
1342 1713 1531 1782 meminisse
1558 1711 1689 1803 Requm
1712 1709 1873 1803 fidelium.
1918 1765 1922 1772 ,
1968 1744 1971 1750 ¹

758 1893 762 1896 ’
802 1899 955 1979 Formo
977 1911 1053 1975 baec
1075 1912 1175 1975 statim
1197 1913 1368 1994 speciosam
1391 1913 1548 1993 quamdam
1567 1913 1750 1994 antiquitatis
1766 1910 1970 1989 notamollert,
1988 1926 2047 1989 quae

706 2024 838 2082 nostram
862 2014 901 2078 dc
924 2015 1012 2095 hujus
1035 2014 1190 2098 liturgiae
1213 2015 1359 2080 mediocri
1380 2018 1556 2098 antiquitate
1586 2017 1790 2095 conjecturam
1818 2014 1989 2078 labefactare
2007 2012 2048 2074 ri-

705 2114 772 2179 deri
794 2123 904 2197 potest.
949 2114 1051 2197 Reges
1075 2118 1154 2179 enim
1177 2115 1383 2204 orthodoxos,
1406 2136 1424 2180 a
1447 2114 1655 2179 lluhamedani
1677 2115 1795 2195 imperii
1817 2114 1978 2196 primordiis
1996 2114 2048 2175 la-

704 2214 837 2277 tiocheni
858 2214 1016 2277 Jacobitac
1038 2214 1139 2277 nullos
1161 2215 1340 2294 babuerunt,
1362 2223 1487 2296 practer
1510 2215 1644 2278 Graecos
1666 2215 1882 2295 imperatores,
1903 2222 1931 2276 el
1950 2213 2047 2275 timos

703 2315 870 2397 principes,
893 2315 943 2395 qui
968 2314 1026 2376 illis
1049 2314 1196 2378 baeretici
1213 2316 1397 2396 judicentur.
1442 2315 1481 2379 Ut
1503 2314 1540 2376 ad
1553 2314 1667 2397 Regem
1682 2313 1865 2395 Aethiopiae
1887 2312 1974 2376 verba
1991 2311 2048 2372 baec

703 2414 885 2494 reserantur,
908 2416 987 2476 ratio
1010 2414 1091 2477 nulla
1114 2423 1171 2495 est,
1195 2416 1404 2479 camillorum
1426 2415 1615 2487 memoriam,
1648 2412 1748 2476 nullae
1772 2422 1898 2493 practer
1918 2410 2050 2491 Aethiopi-

704 2531 757 2577 cas
779 2512 934 2597 liturgiae
955 2521 1198 2595 repraesentent,
1228 2533 1328 2597 neque
1354 2513 1521 2595 Aethiopes
1543 2513 1735 2594 superiorem
1757 2513 1973 2595 agnoscebant,
1997 2511 2049 2571 llu-

704 2613 876 2676 tiocbenum
903 2612 1119 2692 Patriarcbam,
1157 2613 1213 2676 sed
1246 2614 1496 2679 Alexandrinum.
1552 2614 1605 2676 llla
1638 2615 1731 2698 igitur
1758 2614 1889 2676 formula
1916 2633 1954 2676 cr
1975 2609 2050 2674 reteri

703 2714 805 2795 potius
828 2712 884 2776 sub
901 2713 1077 2777 Christianis
1100 2713 1335 2795 lmpemtoribus
1357 2714 1513 2796 disciplina
1530 2714 1654 2776 fluxisse
1675 2712 1805 2792 videtur,
1830 2731 1919 2795 qnam
1933 2716 2049 2791 nsurprtr

703 2812 825 2894 publice
848 2814 878 2875 in
900 2812 1046 2876 Ecclesiis
1069 2811 1178 2876 luisse:
1209 2814 1288 2893 quod
1317 2814 1383 2876 sine
1407 2813 1543 2895 periculo
1566 2814 1645 2876 inter
1671 2812 1820 2876 barbaros
1852 2814 1979 2876 dominos
2001 2808 2050 2871 beri

703 2912 757 2974 vix
778 2918 908 2991 potemt.
939 2911 1024 2974 Unde
1046 2913 1073 2974 si
1096 2913 1164 2993 quis
1186 2912 1264 2976 liano
1285 2912 1451 2994 Liturgiam
1472 2913 1533 2976 stili
1559 2913 1662 2993 potius
1680 2914 1848 2976 exercendi
1866 2931 1964 2988 causa,
1983 2925 2050 2991 quen

704 3018 738 3071 ιιι
759 3011 790 3072 iu
811 3010 941 3090 publicis
957 3010 1068 3072 Officiis
1091 3020 1292 3092 usurparetur
1315 3013 1352 3075 ab
1370 3012 1486 3096 ignatio
1502 3012 1674 3075 Patriarcba
1687 3012 1832 3092 scriptam
1852 3012 1972 3094 judicet,
1991 3009 2051 3069 lorte

703 3126 767 3171 non
789 3109 919 3171 inaniter
939 3109 1138 3190 conjectabit:
1166 3128 1234 3172 cum
1256 3112 1314 3173 ista
1337 3110 1464 3175 termula
1486 3130 1548 3174 non
1578 3118 1691 3174 tantum
1718 3130 1832 3193 preces
1861 3130 1918 3194 pro
1943 3106 2050 3191 Regibus

706 3207 883 3270 Christianis
907 3210 1069 3285 contineat,
1092 3207 1148 3271 sed
1162 3210 1395 3290 imprecationes
1416 3210 1564 3273 adversus
1578 3228 1683 3273 eorum
1698 3210 1813 3287 hostes,
1838 3228 1961 3293 quorum
1979 3224 2051 3288 prac-

705 3307 786 3387 cipui
808 3305 1018 3369 blobamedani
1041 3314 1137 3372 erant.

1055 3569 1090 3639 7.
1127 3569 1257 3640 Eorum
1283 3571 1342 3663 qni
1368 3589 1392 3639 o
1418 3569 1462 3640 D.
1490 3568 1636 3660 docebo,
1664 3575 1744 3641 etc·

800 3758 853 3836 De
875 3771 933 3832 ista
962 3773 1245 3834 commemoratione
1273 3771 1420 3852 quaedam
1449 3771 1678 3835 observavimus
1709 3772 1747 3835 ad
1775 3772 1887 3836 Jacobi
1915 3769 2054 3851 niumm

704 3872 870 3954 Syriacam,
892 3873 923 3935 in
945 3892 1033 3955 quam
1055 3893 1096 3936 ex
1118 3873 1237 3937 Graeca
1260 3874 1395 3957 ejusdem
1419 3876 1495 3938 tituli
1524 3878 1675 3959 migravit.
1720 3875 1786 3938 lllic
1817 3875 1966 3939 affectatio
1991 3870 2054 3934 nulle

703 3970 769 4050 luit,
792 3971 847 4035 scd
870 3970 979 4034 Graeci
1002 3971 1123 4036 Codicis
1145 3974 1280 4050 imitatio,
1304 3993 1342 4038 eo
1364 3976 1461 4059 magis
1484 3975 1564 4038 omni
1579 3976 1752 4056 suspicione
1775 3993 1899 4046 cerens,
1920 3972 2054 4055 quodlic-

704 4071 817 4134 clesiae
840 4071 1143 4153 Hierosolymitanae,
1167 4074 1253 4154 cujus
1276 4073 1326 4136 illa
1352 4073 1490 4157 liturgia
1514 4078 1638 4157 propria
1661 4074 1732 4150 luit,
1762 4077 1881 4156 primus
1909 4074 2053 4154 Episcopus

704 4171 854 4234 extiterit:
885 4178 916 4234 et
947 4170 984 4233 ad
1012 4172 1092 4233 illam
1122 4170 1193 4253 Syri
1214 4180 1336 4236 veteres
1364 4174 1452 4254 primi
1479 4175 1634 4258 Litnrgiae
1661 4175 1849 4254 interpretes
1879 4171 2052 4255 pertinebmt

703 4267 759 4331 Hic
786 4289 861 4333 vero
890 4288 957 4334 cnm
980 4288 1041 4335 non
1072 4270 1109 4332 ab
1140 4270 1340 4352 Apostolatn,
1369 4282 1421 4335 ant
1448 4272 1623 4336 fundatione
1651 4273 1809 4337 Ecclesiae
1840 4281 1962 4336 sauctae
1990 4270 2054 4346 Sion,

704 4370 832 4431 omniurn
856 4377 888 4431 ιιι
910 4371 951 4433 ibi
973 4370 1087 4453 legitur
1100 4371 1306 4434 Ecclesiamm
1329 4372 1442 4451 matris,
1466 4372 1521 4434 sed
1544 4390 1561 4433 a
1582 4372 1749 4454 Theologia
1771 4372 1917 4435 laudetur
1935 4371 2054 4442 lacobus,

703 4466 891 4530 manifestum
914 4478 962 4533 est
983 4470 1131 4551 Ignatium
1161 4470 1199 4532 ad
1220 4488 1296 4533 suae
1325 4479 1429 4534 sectae
1459 4472 1649 4535 ambitionem
1675 4472 1873 4552 respexisse,
1901 4473 1931 4533 in
1957 4474 2054 4552 quaet

706 4567 779 4629 alibi
802 4576 936 4631 notatum
959 4578 1017 4646 cst,
1039 4569 1123 4631 multi
1144 4569 1278 4650 luerunt,
1307 4570 1359 4651 qui
1381 4588 1398 4631 a
1418 4569 1535 4634 Jacobo
1558 4570 1651 4634 fratre
1673 4570 1793 4633 Domini
1815 4557 2013 4635 denominatos
2028 4580 2056 4626 rr

704 4665 883 4745 voluerunt,
905 4686 966 4730 non
988 4687 1006 4730 a
1027 4666 1144 4731 Jacobo
1166 4668 1322 4732 Baradaeo
1345 4672 1411 4733 sive
1434 4671 1582 4750 lauceio,
1611 4690 1629 4734 a
1651 4689 1711 4752 quo
1734 4678 1837 4733 temen
1860 4672 1903 4733 ita
1924 4663 2057 4750 cognoni-

703 4771 791 4828 natos
815 4766 919 4844 luisse,
944 4775 1087 4829 constans
1110 4765 1356 4832 orthodoxorum
1379 4778 1409 4832 et
1430 4769 1680 4834 Nestorianornm
1702 4770 1825 4833 traditio
1850 4777 1910 4833 est.

792 4863 933 4945 Sequitur
955 4855 1028 4928 salis
1052 4866 1201 4947 implicata
1223 4865 1387 4949 figurarum
1416 4872 1579 4953 congeries
1603 4869 1641 4932 dc
1662 4868 1801 4931 laudibus
1830 4867 1983 4931 Ecclesiae
2007 4862 2055 4941 Sp·

702 4960 814 5022 riacae.
857 4963 910 5024 llla
933 4983 1021 5044 quam
1044 4964 1105 5027 late
1127 4966 1260 5046 patebat,
1288 4967 1367 5047 apud
1397 4968 1493 5049 Syros
1515 4968 1722 5031 Antiochense
1751 4968 1914 5031 Ecclesiae
1942 4959 2053 5042 subiecit

703 5066 781 5139 erat,
805 5067 837 5122 ut
860 5069 922 5124 tota
943 5081 1042 5160 prope
1064 5064 1224 5128 Dioecesis
1247 5063 1398 5130 Orientis:
1422 5065 1492 5129 inde
1510 5067 1681 5130 Patriaroba
1699 5067 1848 5149 Orientis,
1871 5064 2053 5130 Anumtems
