4525 6034
556 623 611 699 Ill
652 622 944 700 attractas
987 623 1270 700 Sl'llthhS.
1553 625 1602 698 63
1713 705 1721 719 ,

226 809 331 888 debet,
354 809 424 889 quia
447 814 478 869 ιιι
500 807 597 886 major
618 814 649 869 ει
672 806 770 869 media
792 807 879 886 panis
901 824 973 888 pars
996 824 1088 870 cruce
1109 807 1216 889 majori
1239 807 1358 890 signata
1380 815 1437 885 est,
1461 808 1502 870 ita
1526 807 1603 873 aliae

227 908 403 984 cruciculis,
425 914 458 968 ut
481 925 520 968 ex
542 905 638 989 hgura
662 924 750 987 quam
773 904 948 969 Sinnondus
971 903 1080 983 edidit,
1109 907 1236 988 agnosci
1258 912 1368 987 potest.
1403 904 1501 969 Striae
1525 908 1604 970 enim

226 1005 443 1088 profundiores
475 1023 554 1086 quae
581 1007 661 1068 inter
689 1004 857 1068 cruciculas
880 1004 1100 1082 observantur,
1135 1004 1247 1067 iaciunt
1276 1012 1308 1068 ut
1335 1005 1424 1084 panis
1453 1006 1483 1066 in
1506 1007 1604 1087 parti-

226 1105 312 1168 culas
335 1104 424 1169 facile
446 1105 614 1187 frangatur,
638 1112 668 1166 ει
692 1122 797 1167 οιιιιιεε
819 1122 952 1181 erucem,
974 1104 1041 1166 siue
1064 1102 1195 1185 sigillum
1215 1102 1336 1181 habent,
1360 1121 1449 1183 quam
1472 1101 1511 1165 ob
1527 1121 1604 1191 cau-

226 1224 290 1267 sam
313 1206 414 1284 anillu
436 1222 558 1286 quoque
580 1211 738 1268 vocantur.
783 1203 862 1265 Nihil
885 1200 981 1264 simile
1005 1204 1140 1264 occurrit
1163 1202 1194 1263 in
1216 1201 1330 1265 blissali
1353 1201 1516 1265 Chaldaici)
1539 1201 1605 1265 ao-

224 1322 293 1366 mae
324 1301 421 1378 edito,
446 1304 515 1383 quia
544 1303 582 1364 ad
618 1303 831 1365 Maronitarum
864 1320 951 1365 usian
979 1300 1162 1364 reformatus
1191 1309 1252 1376 est3
1282 1300 1326 1362 illi
1357 1310 1455 1364 autem
1490 1301 1605 1365 Oblalis

225 1404 342 1483 azymis
364 1401 472 1463 Latino
494 1419 578 1464 more
600 1409 738 1481 utuntur,
772 1420 851 1482 quae
874 1401 981 1464 eodem
1004 1399 1111 1479 modo,
1143 1417 1204 1480 quo
1227 1400 1397 1463 Orientales
1421 1400 1520 1484 lrangi
1543 1418 1605 1463 non

224 1508 367 1581 possunt.

313 1598 544 1662 Observandum
566 1599 686 1662 landem
709 1606 773 1679 est,
796 1598 931 1679 partibus
955 1597 1013 1661 illis
1036 1600 1066 1661 in
1089 1617 1165 1679 quas
1188 1598 1414 1661 Eucharisticus
1443 1601 1530 1681 panis
1553 1600 1604 1663 di·
1652 1594 1761 1649 Nomina
1780 1595 1829 1647 ⁸¹³⁸
1847 1597 1930 1663 parti-

224 1697 354 1777 viditur,
379 1698 436 1761 alia
459 1700 489 1761 in
512 1716 599 1761 sacra
621 1698 760 1762 Actionis
783 1698 913 1760 decursu
943 1699 1063 1760 nomina
1086 1697 1185 1759 tribui.
1230 1697 1305 1759 Nam
1333 1698 1480 1778 particula
1508 1701 1605 1781 major
1617 1682 1733 1736 ⁰⁰¹⁸m¹¹¹
1765 1690 1931 1736 ⁰⁰³⁸⁶2¹⁸¹²·

226 1797 349 1877 quando
373 1804 551 1860 consecrata
574 1804 622 1860 est
643 1816 738 1880 saepe
754 1796 926 1877 Marporitu
937 1796 1126 1877 appellatur:
1149 1796 1229 1877 apud
1249 1797 1421 1878 Aegyptios
1443 1797 1605 1860 lsbodieon
1618 1787 1682 1823 '⁰¹¹¹‘

225 1914 283 1958 seu
305 1895 489 1958 labudicon:
514 1898 544 1959 in
567 1895 681 1959 Codice
704 1894 988 1960 Graeco-Arabico
1010 1895 1075 1959 Bib.
1099 1895 1214 1978 Regiae
1228 1883 1413 1959 Σπουδικόν
1431 1914 1508 1959 voce
1531 1917 1605 1960 cor-

223 2001 316 2074 rupta
339 2014 379 2056 ex
402 1984 608 2058 Δεσπειικόν
635 2014 744 2076 nempe
775 1993 880 2072 σῶμα.
926 1995 1046 2075 Corpus
1076 1993 1275 2056 Homericam.
1319 1994 1415 2056 Etiam
1445 2013 1517 2075 pars
1548 1996 1606 2060 de-

225 2102 323 2155 sumta
345 2113 387 2156 ex
409 2095 458 2156 illa
482 2097 602 2176 majori,
626 2113 684 2175 qua
709 2093 788 2156 calix
816 2095 1014 2175 consignatur
1039 2100 1072 2155 ut
1101 2094 1173 2155 unio
1202 2093 1327 2156 duamm
1356 2094 1527 2174 specierum
1555 2097 1607 2159 siat

168 2198 173 2207 '
225 2181 307 2274 ἁγία
329 2187 443 2266 iborae
466 2188 591 2256 Graecis
615 2193 712 2271 dieta,
734 2200 765 2255 et
788 2192 826 2254 ab
849 2192 1053 2255 Orientalibus
1076 2209 1138 2255 non
1160 2194 1259 2254 minus
1275 2191 1452 2271 observata,
1475 2194 1605 2277 Marpe-

224 2294 292 2352 rita
314 2311 435 2374 quoque
458 2294 524 2355 sive
548 2291 625 2354 Unio
648 2291 765 2354 dicitur.
819 2292 923 2354 Partes
946 2292 1082 2372 reliquae
1113 2292 1144 2354 in
1174 2292 1220 2354 bis
1252 2291 1355 2354 officiis
1384 2309 1494 2355 nomen
1525 2295 1607 2360 aliud

224 2406 289 2451 non
312 2392 424 2454 babent
446 2398 535 2474 quani
556 2391 743 2473 sigillomm,
767 2391 805 2454 ob
828 2391 975 2453 rationem
998 2408 1090 2473 supra
1113 2390 1239 2468 dictam,
1268 2398 1301 2453 ιιι
1322 2409 1380 2453 nec
1403 2392 1482 2471 apud
1506 2396 1607 2460 Grae-

225 2506 283 2551 cos
317 2491 404 2553 aliter
438 2499 586 2554 vocantur
619 2509 707 2572 quam
741 2480 834 2572 ἅγιαι
865 2481 1006 2573 μερίδες.
1059 2489 1092 2552 ln
1128 2490 1303 2553 Colbertino
1338 2488 1469 2569 Codice,
1498 2500 1530 2555 et
1568 2511 1606 2558 eo
1677 2525 1685 2541 ·
1759 2530 1765 2544 ·

226 2606 291 2669 quo
314 2589 500 2652 Bodorianus
523 2608 597 2653 usus
620 2598 685 2668 εει,
721 2597 781 2651 tum
813 2590 843 2649 in
871 2588 937 2650 aliis
967 2589 1197 2670 antiquissimis,
1226 2590 1359 2652 occurrit
1388 2608 1451 2652 vox
1480 2592 1606 2673 Syriaca

224 2698 326 2755 trum
345 2688 513 2767 Gumoaro,
537 2706 625 2769 quam
648 2687 700 2750 ille
723 2688 885 2764 camorata
908 2688 1123 2769 interpretatus
1147 2695 1210 2767 est,
1234 2687 1289 2750 sed
1312 2706 1390 2769 quae
1412 2688 1484 2751 nihil
1506 2691 1603 2752 minus

224 2785 395 2868 significat,
419 2794 449 2849 et
472 2786 510 2849 de
533 2805 592 2867 qua
616 2805 690 2849 sane
720 2793 785 2848 erat
814 2785 1015 2849 divinandum.
1059 2786 1167 2867 Neque
1197 2788 1276 2849 enim
1307 2786 1357 2848 illa
1386 2787 1557 2869 explicatur
1586 2807 1605 2851 a

224 2883 468 2966 Lexicogmphis
491 2885 729 2963 recentioribus,
753 2891 804 2947 aut
825 2904 843 2949 a
866 2883 952 2966 Syris
974 2886 1063 2966 ipsis,
1087 2895 1120 2947 ut
1142 2903 1242 2966 neque
1270 2885 1346 2947 aliae
1370 2904 1466 2968 prope
1499 2905 1603 2951 omnes

225 2983 265 3045 ad
296 2982 482 3064 disciplinam
520 2984 765 3048 Ecclesiasticam
803 2991 984 3063 spectantes.
1037 2985 1150 3047 Tamen
1179 3003 1246 3047 cum
1273 2983 1324 3046 illa
1356 3004 1416 3046 vox
1446 2987 1609 3049 carbonem

224 3081 323 3163 vulgo
346 3083 511 3166 significet,
535 3083 696 3146 verisimile
720 3083 842 3145 omnino
865 3091 929 3161 est,
953 3083 1005 3146 illo
1029 3082 1199 3165 significatu
1222 3083 1427 3163 accipiendam
1448 3084 1497 3147 bic
1528 3084 1609 3147 illam

225 3198 317 3259 esse,
341 3181 397 3246 sed
419 3184 471 3264 qui
494 3182 532 3245 ad
554 3183 711 3264 mysticum
734 3181 822 3244 aliurn
852 3179 1020 3257 reseratur,
1056 3182 1261 3244 Orientalibus
1290 3184 1493 3261 notissimum,
1524 3186 1609 3246 etin

226 3281 417 3343 orationibus
440 3260 617 3363 frequenter
638 3288 822 3362 usurpatum.
866 3279 896 3342 ls
920 3291 967 3343 εει
989 3288 1021 3343 ιιι
1051 3281 1218 3362 particulae
1239 3283 1326 3361 panis
1357 3284 1527 3345 consecrati
1549 3302 1608 3347 vo-

227 3386 339 3440 centur
360 3380 512 3443 carbonea
533 3383 614 3456 cici,
637 3382 706 3461 quia
730 3378 880 3442 Christum
903 3381 942 3442 ila
966 3381 1092 3461 mystice
1115 3380 1305 3462 designatum
1328 3381 1448 3460 volunt,
1473 3400 1531 3462 qua
1555 3401 1609 3445 ra-

225 3479 328 3557 tione,
358 3486 391 3540 ut
419 3470 564 3557 diximus,
587 3474 682 3541 Maria
703 3478 800 3562 Virgo
822 3485 950 3540 vocatur
972 3479 1153 3541 thuribulam
1185 3498 1328 3555 careum,
1355 3480 1424 3561 quia
1448 3482 1608 3544 carbonem

224 3579 310 3639 citae
331 3585 418 3639 atero
441 3580 596 3642 εειιιιιιιιὶι.
641 3577 727 3640 Unde
749 3578 780 3638 in
802 3578 1013 3641 benedictione
1037 3577 1231 3655 Cochlearis,
1261 3597 1321 3659 quo
1345 3582 1512 3642 communio
1534 3581 1608 3644 Lai-

226 3678 273 3737 cis
297 3675 503 3753 distribuitur,
525 3683 717 3757 comparatur
739 3676 812 3739 illud
835 3670 949 3755 λαβίδι
972 3678 1039 3739 sivo
1061 3676 1186 3758 forcipi,
1221 3695 1308 3757 quem
1332 3679 1363 3740 in
1385 3678 1497 3761 Angeli
1519 3698 1608 3743 manu

225 3776 303 3837 vidit
316 3773 421 3852 isaias,
444 3777 592 3856 capientis
615 3775 776 3837 carbonem
800 3774 838 3838 de
862 3776 964 3837 altari:
988 3783 1079 3857 atque
1103 3776 1216 3838 idcirco
1228 3778 1326 3857 ipsum
1339 3776 1489 3841 Cochlear
1512 3776 1610 3860 λαβὶς

226 3873 409 3956 appellatur.
454 3872 558 3954 ltaque
581 3874 746 3956 particulas
769 3873 835 3936 illas
859 3893 936 3955 quae
960 3874 1075 3937 tractae
1097 3876 1262 3938 minutatim
1284 3877 1315 3937 in
1342 3877 1427 3940 disco
1451 3878 1609 3942 collocan-

226 3981 279 4036 tur
300 3983 399 4041 num
429 3973 579 4036 carbones
601 3974 631 4035 in
655 3973 788 4054 Syriacis
809 3972 976 4036 liitualibus
1000 3974 1122 4052 vocari,
1146 3993 1184 4036 eo
1208 3976 1400 4038 verisimilius
1429 3985 1494 4055 εει,
1525 3977 1607 4058 quod

226 4073 270 4134 ila
293 4089 416 4153 quoque
439 4079 591 4134 vocentur
613 4076 644 4133 in
667 4071 882 4134 benedictione
905 4071 988 4133 Disci
1016 4071 1231 4161 Eucharistici,
1262 4074 1293 4135 in
1319 4074 1429 4137 Rituali
1459 4075 1608 4138 Gabrielis

226 4169 423 4232 Patriarcbae
451 4169 667 4249 Alexandrini,
698 4172 751 4250 pai
777 4170 938 4249 replerrdaa
967 4180 1014 4233 eat
1040 4174 1144 4252 ignitis
1173 4173 1374 4249 carbonibus,
1404 4195 1445 4236 ec
1473 4176 1610 4255 reliquiis

226 4271 370 4349 corporis
403 4269 460 4347 atta·
492 4271 554 4330 tui:
583 4269 740 4351 particulis
774 4267 890 4331 scilicet
921 4287 998 4349 quae
1029 4269 1169 4333 dicuntur
1199 4261 1437 4355 Νιλύμψανον,
1471 4273 1531 4335 hoc
1561 4281 1609 4335 est

217 4362 393 4448 Λεὶψανα,
416 4368 500 4444 εἰνε,
523 4375 555 4429 ιιι
577 4368 696 4431 Αιιιιιεε
720 4375 859 4445 vertunt,
882 4368 1019 4430 membra
1041 4372 1182 4449 corporis
1205 4370 1337 4433 Christi:
1367 4372 1479 4434 Vocari
1509 4379 1608 4434 autem

225 4469 268 4529 ita
291 4473 421 4548 possunt
442 4474 512 4529 ante
535 4469 812 4540 consecrationem,
836 4485 897 4529 non
910 4469 1008 4529 minus
1026 4486 1115 4549 quarn
1129 4487 1224 4532 sacra
1236 4472 1391 4551 mysteria,
1413 4472 1608 4550 aucmfieium,

226 4565 346 4641 bosna,
368 4584 481 4645 aprus,
501 4568 735 4647 primogenitas,
759 4574 790 4628 ει
812 4565 911 4628 aliter.
1762 4626 1767 4651 ,

316 4662 349 4725 ln
372 4663 419 4725 his
442 4682 518 4747 ergo
541 4664 645 4727 olllciis
674 4666 828 4727 Gamoaro
857 4664 1020 4744 particulas
1050 4666 1200 4747 significat
1230 4685 1308 4747 quac
1335 4667 1365 4728 in
1393 4666 1478 4729 disco
1509 4666 1608 4731 collo·
1668 4678 1744 4731 Pania
1762 4681 1935 4734 Eucharistier

228 4767 351 4840 cantur,
374 4780 473 4844 prope
496 4782 549 4826 eas
572 4783 649 4845 quae
672 4764 754 4845 quod
777 4764 918 4827 crucibus
942 4766 1117 4845 signentur,
1151 4765 1271 4827 Tabahe
1293 4776 1387 4839 arata
1418 4766 1484 4827 sire
1507 4766 1793 4847 sigillapraeparatio·

228 4859 426 4941 singulariter
461 4862 658 4942 appellantur.
710 4861 772 4925 lmo
811 4864 841 4924 in
876 4865 989 4944 optimo
1019 4862 1132 4927 Codice
1164 4863 1380 4948 Seguieriano,
1415 4864 1519 4927 eadem
1547 4882 1609 4928 vox

228 4960 374 5039 majorem
397 4980 437 5023 ex
461 4979 518 5041 qua
541 4963 619 5025 aliae
646 4963 863 5044 consignantur
884 4969 1002 5043 partem
1024 4962 1151 5027 Oblatae
1174 4963 1332 5046 significat.
