4525 6034
709 528 784 604 310
1210 531 1566 611 LITURGlA

707 728 798 791 tuum
824 720 978 792 inlinitum
1006 743 1088 814 erga
1114 721 1276 811 homines,
1302 722 1418 792 misisti
1445 718 1565 793 Filium
1591 732 1681 795 mum
1706 726 1910 815 unigenitum
1938 724 1976 798 ad
1999 751 2048 800 sa-

496 832 499 849 '
600 864 609 885 ·
706 834 805 908 lutem
831 847 996 910 nostram:
1023 842 1078 933 qni
1104 837 1232 934 ahsque
1258 835 1324 909 ulla
1350 840 1529 909 mutatione
1563 843 1753 913 nicomatus
1786 851 1839 913 est
1869 863 1917 911 ex
1941 840 2049 936 Spiritu

707 963 834 1039 sancto,
862 962 895 1024 et
921 975 967 1024 ex
992 964 1109 1026 natura
1136 953 1295 1025 humana:
1327 951 1537 1048 salvavitque
1569 977 1676 1047 genus
1711 968 1859 1041 nostrum
1896 979 2049 1030 acerru-

705 1071 818 1163 ptione
844 1079 877 1141 et
902 1080 1011 1142 morte
1035 1074 1184 1165 peccati,
1223 1069 1378 1164 deditque
1408 1068 1506 1141 nobis
1538 1075 1662 1162 vitam,
1693 1073 1906 1169 adoptionem
1939 1081 1971 1144 et
1997 1096 2049 1143 re-

706 1208 806 1277 gnum
832 1186 989 1258 coeleste.
1042 1187 1092 1258 'lu
1124 1209 1210 1259 nune
1243 1188 1341 1258 edam
1375 1187 1518 1260 Domine
1551 1211 1613 1283 par
1644 1187 1762 1261 multas
1796 1188 2052 1283 abundantesque

705 1305 935 1375 miserationes
962 1301 1174 1396 benignitatis
1200 1313 1289 1392 tuae,
1316 1304 1448 1397 suscipe
1475 1303 1670 1376 sacrificium
1696 1303 1762 1378 hoc
1779 1328 1895 1377 coram
1921 1314 1955 1375 te
1977 1327 2051 1401 pro·
2114 1372 2120 1381 .

705 1421 861 1515 positum,
887 1418 928 1490 ad
954 1423 1221 1516 propitiationem
1243 1419 1436 1491 delictorum
1456 1431 1658 1511 nostrorum,
1684 1431 1719 1492 et
1734 1424 1965 1493 remissionem
1977 1443 2052 1515 pec-

704 1543 850 1608 catorum
885 1545 1092 1609 nostrorum:
1125 1548 1161 1610 ut
1194 1534 1338 1608 abstersi
1364 1557 1425 1630 ρει
1451 1536 1734 1626 emundationem,
1767 1548 1801 1609 et
1832 1538 2052 1639 aspersionem

702 1649 844 1747 hyssopi
874 1655 936 1740 tui,
969 1653 1147 1725 efficiamur
1172 1650 1293 1749 templa
1319 1652 1438 1725 munda
1472 1653 1513 1725 ad
1545 1652 1778 1726 habitationem
1809 1651 1943 1746 gloriae
1974 1661 2051 1741 tuae,

702 1775 735 1837 et
759 1766 854 1840 loeus
880 1766 1057 1841 habitaculi
1087 1767 1101 1805 ²
1127 1771 1306 1842 sanctitatis
1332 1779 1428 1840 tuae:
1461 1779 1496 1840 et
1520 1769 1705 1843 referemus
1730 1769 1788 1842 tibi
1820 1771 1976 1861 gloriam,
1999 1778 2052 1839 etc.

805 1883 966 1979 Populus.
1020 1887 1137 1960 Amen.
1238 1898 1243 1921 ¹

804 2001 991 2073 Diaconos.
1043 2002 1177 2075 Stemus
1204 2003 1371 2076 decenter.

806 2118 967 2212 Populos.
1018 2120 1265 2207 liberationes,
1292 2131 1355 2191 etc.

806 2233 990 2308 Sacerdos.
1043 2235 1174 2309 Caritas
1200 2237 1320 2325 Patris,
1347 2246 1410 2306 etc.

803 2352 963 2446 Populus.
1015 2351 1059 2424 Et
1085 2376 1160 2426 eum
1187 2356 1301 2448 spiritu
1327 2362 1393 2424 tuo.

801 2468 985 2540 Sacerdos.
1037 2468 1177 2542 Sursum
1204 2468 1317 2541 corda.

804 2584 964 2679 Populus.
1016 2585 1187 2658 Habemus
1214 2584 1255 2656 ad
1282 2584 1467 2656 Dominum.

802 2700 985 2775 Sacerdos.
1038 2702 1171 2776 Gratias
1197 2723 1336 2795 agamus
1361 2700 1513 2773 Domino.

803 2819 965 2914 Populus.
1016 2820 1161 2912 Dignum
1188 2828 1221 2889 et
1242 2824 1366 2912 justum
1392 2827 1452 2890 est
1580 2866 1584 2870 -

805 2936 981 3010 Sacerdos
1004 2936 1197 3008 inclinatus.
1235 2936 1286 3007 Te
1312 2935 1409 3007 decet
1433 2934 1574 3031 hymnus
1602 2944 1635 3005 et
1659 2932 1818 3006 laudatio:
1844 2935 1974 3032 tibique
1999 2938 2054 3009 de·

697 3053 794 3126 betur
820 3054 971 3128 adoratio
999 3052 1041 3125 ab
1069 3052 1221 3126 omnibns
1248 3051 1415 3124 ordinibus
1443 3047 1680 3147 superioribus,
1707 3060 1742 3121 et
1765 3050 1994 3143 inferioribus,
2003 3058 2054 3125 in·

695 3169 858 3266 imaeque
889 3169 1101 3245 conditionis:
1137 3192 1246 3265 neque
1279 3167 1439 3240 sufficiunt
1468 3167 1602 3259 linguae
1634 3188 1749 3241 omnes
1785 3168 1827 3239 ad
1862 3169 2054 3242 laudandum

684 3297 746 3379 ‚te3
774 3290 858 3360 siout
882 3290 1040 3359 convenit
1065 3286 1183 3359 honori
1208 3295 1286 3356 tuo:
1314 3288 1390 3380 quia
1416 3296 1451 3357 tu
1476 3306 1538 3380 per
1563 3282 1743 3355 bonitatem
1768 3294 1859 3358 mam
1889 3299 2053 3359 aeternam

696 3402 843 3476 sublimis
869 3425 926 3492 es,
951 3413 986 3475 et
1011 3425 1111 3498 snpra
1144 3401 1424 3507 sanctificationes
1451 3422 1584 3490 omnes,
1623 3422 1685 3495 per
1720 3400 1892 3472 excelsam
1927 3406 2053 3474 incom-

696 3519 1006 3615 prehensibilitatcm
1033 3532 1132 3592 tuam.

797 3636 947 3708 Eteonos
977 3659 1101 3709 vocem.
1155 3635 1206 3708 Tu
1232 3640 1265 3708 in
1291 3634 1408 3707 throno
1440 3645 1497 3707 tuo
1530 3633 1670 3707 excelso
1697 3632 1886 3729 splendide,
1923 3645 1960 3707 et
1984 3636 2051 3708 cle-

695 3763 822 3824 menter
849 3753 1033 3845 extolleris‚
1060 3778 1122 3850 per
1148 3764 1262 3826 cantus
1279 3752 1477 3847 spirituales,
1504 3751 1712 3849 hymnosque
1737 3749 1958 3844 triumphales
1974 3774 2050 3822 sua-

695 3890 771 3959 ves,
798 3869 1050 3943 substantiarum
1077 3870 1271 3967 simphoinm
1297 3879 1330 3940 et
1356 3874 1515 3943 materiae
1542 3871 1743 3965 expertium:
1770 3889 1831 3962 per
1858 3878 1957 3941 rotas
1983 3871 2050 3963 spi-

694 3986 830 4059 rituales
857 3999 890 4060 et
916 3986 1099 4060 terribiles:
1130 4010 1193 4083 per
1226 3985 1380 4060 diuersos
1411 3985 1553 4093 jubilosx
1570 3984 1777 4076 Angelorum
1813 3981 1972 4073 fortium3
1996 4005 2049 4079 par

694 4106 823 4174 candeo
850 4106 967 4175 suavia
993 4103 1215 4197 Angelorum:
1249 4126 1311 4200 ρει
1343 4114 1523 4176 concentus
1558 4103 1673 4174 dulces
1705 4101 1970 4195 Principatuum:
1995 4120 2049 4195 per

693 4206 834 4293 choreas
861 4230 896 4291 et
920 4220 1059 4317 tripudia
1085 4221 1267 4293 Virtutum:
1300 4243 1362 4317 per
1388 4219 1531 4293 citharas
1563 4221 1678 4314 spiritu
1711 4220 1914 4312 compositas
1948 4217 2048 4289 Pote-

693 4346 831 4408 statum:
859 4359 920 4432 per
944 4359 1051 4410 voces
1077 4358 1178 4433 puras
1205 4348 1239 4409 et
1263 4347 1378 4429 gratas
1397 4336 1682 4409 Dominationum:
1707 4355 1768 4428 ρει
1795 4333 1962 4405 clamores
1979 4344 2046 4403 ter-

673 4451 805 4526 ·ribiles
832 4451 1058 4527 Thronorum:
1084 4476 1146 4550 ρει
1172 4458 1314 4525 tonitma
1333 4453 1503 4525 tremenda
1520 4451 1730 4523 exultationis
1758 4445 1937 4521 Cherubim
1964 4448 2046 4520 mul-

693 4571 903 4641 tiooulorum:
938 4592 1000 4665 per
1032 4571 1166 4643 volatus
1197 4569 1353 4643 ardentes
1393 4567 1565 4666 Seraphim
1605 4591 1670 4641 sex
1707 4568 1768 4640 alis
1808 4570 2047 4650 instructorum,

692 4689 747 4781 qui
773 4685 887 4759 orihus
913 4689 992 4778 igne
1019 4689 1119 4758 textis
1146 4696 1179 4758 et
1204 4686 1302 4759 labiis
1336 4685 1535 4759 carbonibus
1563 4688 1687 4782 opertis
1714 4688 1834 4757 trinam
1859 4681 2045 4757 sanetifica-

691 4807 815 4876 tionem
842 4807 1029 4892 concinunt,
1055 4802 1249 4893 clamantes,
1274 4803 1500 4877 vociferantes
1528 4813 1561 4875 et
1587 4803 1743 4876 dicentes.

793 4920 953 5015 Populus.
1009 4920 1164 5013 Sanctus,
1190 4920 1342 5012 Sanetus,
1369 4920 1521 4994 Sanctus.
