4525 6034
679 498 762 572 220
1195 501 1557 580 Ll'lllltGlh

685 689 867 782 potentiam
895 695 999 778 mam,
1025 690 1207 783 potentiam
1233 687 1375 780 illarum,
1403 692 1460 784 qui
1485 700 1574 762 stam
1588 689 1752 764 adversus
1765 693 1937 787 imperium
1954 701 2043 779 mun,

684 812 718 872 et
743 825 1008 898 unumquemque
1035 800 1163 896 subjice
1190 807 1341 876 servituti
1367 808 1508 879 nominis
1535 810 1581 878 tui
1614 804 1738 878 sancti:
1771 811 1847 902 quia
1870 818 1918 898 ¹tu
1948 812 2044 880 victor

684 939 740 1005 es,
773 928 807 991 et
839 917 980 991 bellator
1021 920 1132 1008 solus,
1174 928 1207 990 et
1240 919 1298 992 tibi
1339 921 1483 1013 gloriam
1514 933 1548 994 et
1580 926 1763 1014 gratiarum
1799 926 1961 995 actionem
1989 946 2043 994 re-

683 1030 830 1106 ierimus.

694 1152 699 1162 '
787 1149 950 1242 Populus.
1003 1150 1122 1223 Amen.

789 1264 965 1335 Sacerdos
998 1265 1190 1335 inclinatos.
1245 1261 1574 1352 Commorantes,
1602 1268 1798 1338 memoriam
1831 1271 1961 1359 agimus
1985 1293 2043 1341 co-

683 1403 754 1452 ram
783 1390 833 1469 te,
859 1381 1021 1469 Domine,
1049 1391 1082 1452 et
1109 1379 1151 1450 ad
1180 1379 1422 1452 obsecrandum
1450 1389 1484 1450 te
1511 1379 1718 1468 adducimus,
1751 1385 1891 1475 primum
1926 1383 2044 1477 quiden

683 1506 833 1569 sanctam
860 1498 1054 1587 genitricem
1086 1497 1150 1567 Dei
1182 1494 1345 1582 Mariam,
1388 1505 1422 1566 at
1452 1516 1707 1590 praecursorem
1739 1496 1904 1569 loannem
1936 1499 2044 1592 Bapti-

682 1621 788 1696 stam,
815 1610 1018 1707 Stephanum
1044 1613 1184 1707 primum
1211 1613 1455 1697 Diaconorum,
1485 1621 1520 1682 et
1545 1622 1883 1708 proto-martyrem,
1912 1635 2045 1705 agmen-

683 1748 748 1821 que
775 1734 983 1818 sanctorum,
1009 1725 1268 1821 Prophetarum,
1303 1726 1563 1821 Apostolorum,
1590 1727 1785 1823 Martyrum,
1813 1727 2045 1806 confessorum

684 1853 717 1913 et
744 1842 963 1937 reliquorum,
991 1864 1130 1936 quorum
1158 1845 1292 1920 nomina
1320 1846 1443 1939 scripta
1470 1853 1545 1914 sunt
1571 1844 1604 1916 in
1630 1840 1716 1914 libro
1743 1846 1843 1914 vitae.

786 1959 947 2052 Populos.
1001 1957 1106 2053 llyrie
1133 1956 1271 2030 eleison.

790 2074 966 2146 Sacerdos
1003 2074 1140 2145 elevans
1178 2095 1305 2147 aecem.
1367 2072 1411 2146 Ut
1449 2074 1703 2168 deprecationes
1732 2072 1873 2145 illorum
1914 2087 2044 2163 morum,

680 2189 812 2285 placide
853 2192 1059 2285 suscipiens,
1103 2192 1273 2261 orationes
1310 2211 1426 2261 eorum
1470 2198 1585 2281 gratus
1621 2190 1736 2284 pietati
1771 2200 1847 2261 tuae
1887 2204 2045 2288 acceptas

679 2305 754 2377 Nos
782 2327 912 2401 quoque
945 2307 1146 2396 conjunctim
1179 2304 1445 2378 obsecrationem
1478 2303 1707 2399 imperfectam
1738 2314 1908 2397 nostram,
1943 2331 2046 2382 corun

680 2431 714 2493 te
751 2421 847 2493 simul
886 2421 1100 2508 effundimus,
1141 2442 1365 2516 rogamusque
1401 2430 1435 2492 et
1470 2420 1705 2515 deprecamur,
1748 2430 1783 2491 ut
1817 2439 1883 2493 non
1919 2433 2044 2496 avertas

678 2536 801 2608 faciem
826 2546 915 2609 tuam
944 2561 963 2608 a
990 2535 1108 2624 nobis,
1136 2559 1245 2631 neque
1271 2540 1304 2608 in
1331 2540 1380 2608 ira
1408 2537 1578 2628 elongeris
1606 2558 1625 2606 a
1651 2534 1768 2608 nobis:
1794 2557 1863 2607 non
1879 2540 1915 2608 in
1942 2538 2045 2612 lurore

679 2661 737 2724 tuo
765 2652 940 2748 disperdas
967 2675 1049 2740 nos,
1076 2674 1195 2723 verum
1222 2651 1403 2725 secundum
1429 2649 1699 2723 benevolentiam
1713 2662 1800 2722 tuam
1819 2652 1960 2745 posside
1978 2676 2044 2745 nos,

679 2778 714 2837 et
748 2790 810 2862 per
849 2767 1080 2840 abundantiam
1115 2766 1272 2840 bonitatis
1309 2778 1403 2853 tuae,
1444 2789 1547 2862 parce
1581 2767 1689 2839 nobis.
1742 2765 1891 2838 Illnmina
1931 2769 2045 2841 vultum

677 2891 768 2954 tuum
796 2905 1005 2978 supernos,
1032 2895 1066 2956 et
1092 2906 1194 2981 super
1221 2905 1353 2956 omnem
1379 2881 1513 2978 plebem
1539 2882 1751 2955 baereditatis
1778 2892 1872 2972 tuae,
1902 2887 1978 2978 quia
1994 2883 2045 2955 tibi

677 2998 790 3093 placet
815 2998 953 3072 salutem
973 3011 1171 3096 praestare,
1203 3010 1237 3070 et
1268 3010 1324 3070 tua
1358 3007 1411 3071 est
1443 3022 1513 3093 pax
1540 3011 1574 3070 et
1600 2998 1706 3070 salus:
1741 2998 1873 3092 tibique
1900 3000 2044 3091 gloriam,

678 3123 713 3185 et
739 3119 921 3207 gratiarum
948 3118 1112 3188 actionem
1139 3115 1326 3205 offerimus,
1353 3123 1387 3186 et
1413 3118 1583 3206 unigenito
1610 3115 1696 3185 Filio
1724 3124 1790 3185 tuo.

782 3231 943 3324 Populus.
996 3233 1116 3303 Amen.

781 3348 958 3419 Sacerdos
983 3347 1175 3418 indicatos.
1229 3346 1398 3418 Memento
1426 3350 1524 3418 etiam
1539 3345 1681 3419 Domine
1708 3347 1841 3417 Patrum
1870 3345 2044 3416 electorum

677 3474 712 3534 et
745 3474 954 3550 sanctorum,
986 3447 1269 3551 Patriarcharum,
1306 3473 1340 3532 et
1375 3485 1491 3534 eorum
1527 3465 1582 3556 qui
1610 3465 1808 3556 interpretes
1844 3471 1879 3532 et
1915 3461 2045 3532 ministri

677 3577 809 3649 fuerunt
835 3582 1071 3675 mysteriorum
1099 3599 1274 3650 sacrorum
1300 3576 1475 3651 Ecclesiae
1504 3587 1579 3648 tuae
1606 3587 1760 3648 sanctae:
1793 3578 1942 3647 maxime
1969 3595 2043 3645 vero

677 3691 814 3784 lgnatii,
842 3696 1012 3792 Dionysii,
1039 3694 1135 3781 lolii,
1161 3693 1350 3781 Athanasii,
1377 3692 1504 3782 Basilii,
1524 3694 1692 3783 Gregorii,
1719 3693 1890 3781 Dioscuri,
1918 3691 2044 3779 Severi,

677 3809 946 3906 reliquorumque
971 3811 1213 3907 Apostolorum
1241 3820 1275 3882 et
1301 3811 1495 3899 Pastorum,
1523 3812 1577 3904 qui
1605 3807 1647 3879 ad
1674 3818 1707 3879 te
1734 3808 1973 3899 migraverunt

780 3928 941 4020 Populus.
993 3926 1098 4022 llyrie
1126 3928 1263 3998 eleison.

786 4042 962 4114 Sacerdos
984 4037 1135 4113 elevans
1171 4063 1298 4112 aecem.
1350 4042 1533 4128 Doctores,
1573 4034 1783 4134 Episcopus,
1823 4048 1858 4108 et
1900 4046 2045 4109 rectores

675 4161 788 4230 ovium
820 4158 1052 4255 spiritualium,
1088 4178 1231 4249 gregum
1263 4168 1393 4230 tuorum
1428 4156 1683 4230 sacerdotalium
1716 4157 1867 4249 suscipe,
1894 4155 2041 4234 Domine,

674 4283 709 4344 et
735 4295 795 4344 eos
822 4278 877 4369 qui
903 4296 977 4345 cum
1005 4275 1197 4359 sanctitate,
1223 4276 1405 4367 primitias,
1431 4296 1525 4347 more
1550 4270 1751 4367 Apostolico
1779 4280 1941 4364 ceperunt
1959 4268 2041 4340 hae-

673 4389 824 4461 reditatis
856 4389 1036 4484 pacificae,
1069 4387 1289 4479 Theologiam
1325 4388 1453 4461 scilicet
1488 4391 1681 4482 acquisitam
1713 4390 1878 4478 sanguine
1913 4383 2043 4457 salutari

675 4502 798 4576 Christi
825 4507 984 4597 unigeniti
1010 4502 1085 4576 Filii
1113 4507 1177 4575 tui:
1205 4525 1322 4577 eorum
1349 4508 1404 4599 qui
1431 4508 1463 4575 in
1489 4503 1652 4576 Ecclesiis
1680 4503 1742 4573 tuis
1769 4506 1895 4575 sanctis
1929 4499 2041 4594 expli-

674 4632 837 4691 caverunt
862 4619 995 4707 verbis,
1022 4618 1165 4712 gloriam
1191 4619 1456 4711 magnificentiae
1481 4622 1579 4711 regni
1603 4622 1649 4690 tui
1681 4617 1845 4710 gloriosi,
1879 4626 1912 4688 et
1947 4634 2043 4709 super

671 4732 920 4807 fundamentum
947 4735 1023 4807 lidei
1050 4734 1311 4807 aedificavenmt
1336 4737 1508 4807 scientiam
1534 4725 1726 4808 universam
1760 4754 1866 4805 verae
1899 4730 2041 4823 religio-

671 4854 741 4937 nis,
770 4850 1003 4945 salubremque
1031 4846 1231 4923 doctrinam:
1264 4849 1309 4923 Ut
1333 4869 1395 4946 per
1427 4853 1688 4925 intercessiones
1710 4873 1840 4924 eurum
1874 4870 1977 4943 puras
2011 4853 2043 4914 at

672 4963 916 5059 acceptabiles,
942 4968 1101 5053 Domine,
1129 4988 1197 5039 non
1223 4964 1392 5061 relinquas
1418 4988 1481 5040 nos
1514 4969 1689 5063 expositos
1722 4965 1848 5040 insidiis
1878 4975 1911 5036 at
1946 4963 2040 5034 deci·
