4525 6034
687 539 738 613 72
1060 542 1676 622 attitulationis

685 726 797 790 clausis
819 727 916 806 ostiis,
939 736 971 790 ut
994 728 1125 809 explicat
1147 727 1292 809 singulari
1315 726 1353 789 de
1376 728 1575 809 suscipiendis
1598 727 1820 811 poenitentibus
1836 725 2041 794 Commentario

685 826 1014 908 DionysiusBarsalibi.
1046 827 1170 908 Antiqui
1193 845 1286 908 porro
1309 828 1401 889 moris
1424 836 1529 890 testem
1545 828 2043 909 babemusJacobumEdessenum,

687 930 737 1007 qui
761 925 831 988 olirn
853 928 1044 1007 poenitentes
1058 928 1114 989 sub
1128 926 1272 1008 Episcopi
1295 945 1383 989 mauu
1405 927 1592 1006 transivisse,
1615 936 1647 990 et
1669 935 1810 1009 suscepta
1832 927 2042 1007 benedictione,

686 1025 821 1088 Ecclesia
843 1026 950 1109 egredi
967 1027 1070 1109 jussos
1093 1026 1188 1088 fuisse
1211 1034 1351 1090 testatur:
1381 1026 1458 1089 hacc
1485 1036 1583 1090 tamen
1607 1029 1670 1110 jam
1695 1044 1751 1089 suo
1776 1034 1914 1108 ternpore
1936 1030 2043 1091 omnino

688 1142 757 1186 esse
780 1125 898 1188 sublata
919 1126 1085 1209 significat,
1109 1134 1141 1188 et
1163 1127 1297 1207 quamvis
1320 1134 1403 1189 aetas
1426 1126 1505 1189 illius
1529 1126 1567 1189 ob
1590 1126 1801 1191 historicorum
1824 1126 1974 1191 deiectum
1994 1128 2044 1189 de-

687 1224 841 1287 terminari
864 1234 1005 1288 accurate
1028 1208 1176 1306 nequeat,
1205 1234 1252 1288 est
1283 1233 1381 1289 tamen
1411 1227 1489 1289 inter
1519 1227 1613 1308 Syros
1640 1224 1793 1289 Jacobitas
1822 1228 2044 1309 antiquissimus.

686 1324 788 1387 Verba
809 1324 888 1387 illius
912 1325 1005 1388 relata
1028 1333 1098 1389 aurit
1119 1326 1149 1387 in
1173 1324 1394 1389 Commentario
1415 1326 1455 1389 ad
1474 1326 1639 1410 liturgiam
1663 1324 1818 1407 Copticam
1839 1325 1952 1391 Basilii.

395 1677 425 1729 r.
446 1677 488 1729 ιο.
1190 1670 1381 1767 Symbolum
1404 1675 1496 1766 fidei.

396 1916 511 1985 Synhali
529 1920 654 1972 recitatio.
775 1896 828 1974 Da
851 1927 899 1985 eo,
922 1918 952 1972 et
974 1910 1193 1973 consuetudine
1215 1907 1287 1971 illud
1309 1910 1339 1971 in
1361 1909 1497 1993 liturgia
1519 1917 1550 1972 et
1573 1910 1638 1972 aliis
1662 1910 1772 1973 Officiis
1795 1909 1945 1973 recitandi
1965 1910 2045 1971 multa

684 2010 762 2073 dicta
785 2019 855 2074 sunt
877 2014 908 2074 in
930 2014 1144 2075 commentario
1158 2013 1195 2075 ad
1210 2011 1365 2094 Copticam
1375 2014 1550 2095 Liturgiam,
1572 2033 1650 2098 quae
1662 2014 1700 2077 ad
1712 2015 1856 2096 Syrorum
1869 2013 2045 2094 disciplinam

683 2110 889 2174 illustrandam
918 2130 1014 2192 aeque
1045 2112 1207 2192 pertinent.
1242 2112 1353 2175 Eadem
1382 2115 1460 2177 enim
1489 2114 1541 2176 lex
1569 2115 1668 2177 estin
1692 2114 1828 2182 omuibus
1852 2112 2045 2175 Orientalibus

683 2210 841 2288 Ecclesiis,
863 2218 926 2273 tum
948 2212 1095 2273 recitandi
1118 2211 1292 2292 Symbolum
1314 2213 1477 2276 Nicacnum
1499 2215 1579 2277 inter
1600 2214 1720 2295 publica
1744 2212 1859 2275 Ollicia:
1883 2221 1946 2274 tum
1967 2214 2046 2275 etiarn

683 2309 838 2373 omittendi
860 2310 1035 2391 particulam
1057 2311 1205 2392 Filioque,
1228 2313 1313 2393 cujus
1337 2331 1429 2375 causa
1458 2330 1520 2376 non
1541 2312 1631 2375 modo
1654 2332 1671 2375 a
1694 2311 1859 2395 Theologis
1881 2311 2046 2393 Aegyptiis,

683 2409 815 2489 Severo,
845 2410 1019 2473 Ebnassalis
1051 2410 1183 2489 duobus,
1213 2410 1330 2474 Autore
1359 2413 1505 2474 scientiae
1531 2410 1781 2490 Ecclesiasticae,
1813 2411 1992 2473 Abulbircat
2020 2418 2046 2472 et

682 2504 781 2571 multis
803 2509 879 2587 aliis,
902 2509 957 2572 scd
981 2509 1069 2572 etiam
1092 2529 1109 2572 a
1132 2510 1233 2592 Syris,
1255 2510 1309 2573 Jsa
1329 2510 1390 2573 silio
1413 2512 1518 2591 Zaraa,
1541 2510 1749 2594 Abuliaragio,
1772 2509 1961 2589 Barsalibio,
1983 2518 2046 2572 eta

683 2607 775 2670 Paulo
799 2609 985 2689 sidoniensi,
1008 2610 1116 2672 Franci
1138 2618 1328 2672 accusantur.
1371 2610 1436 2675 Nec
1466 2612 1632 2675 audiendus
1655 2611 1843 2674 Abrabamus
1865 2610 2046 2672 Echellensis

683 2707 734 2788 qui
755 2707 786 2770 in
807 2709 892 2772 Notis
915 2709 952 2772 ad
976 2711 1148 2772 versionem
1171 2709 1325 2772 Canonum
1338 2710 1539 2774 Arabicarum
1551 2709 1822 2788 Nicaeniconcilii,
1846 2717 1954 2772 extare
1974 2710 2046 2771 illam

682 2806 863 2871 additionem
884 2810 915 2871 in
937 2809 1113 2890 quibusdam
1137 2807 1378 2879 Collectionibus
1395 2810 1558 2890 ailinnavit,
1581 2819 1756 2893 pugnatque
1778 2819 1918 2872 autorum
1944 2809 2047 2889 aliquot

681 2907 875 2987 testimoniis,
906 2929 967 2991 quo
997 2909 1108 2991 probet
1130 2910 1298 2972 doctrinam
1320 2909 1358 2973 de
1381 2912 1581 2992 processione
1603 2911 1699 2973 sancti
1722 2908 1850 2991 Spiritus
1873 2928 1892 2971 a
1914 2910 2000 2972 Patre
2020 2916 2047 2970 et

679 3006 766 3086 Filio,
791 3007 992 3071 Orientalibus
1014 3028 1072 3071 nec
1095 3010 1279 3090 incognitam
1301 3007 1412 3088 luisse,
1435 3027 1492 3072 nec
1515 3010 1630 3073 erroris
1654 3009 1890 3085 condemnatam.
1914 3009 1975 3071 Sed
1995 3026 2046 3069 au·

679 3114 762 3169 tores
786 3108 826 3170 illi
850 3128 889 3171 ex
911 3109 1029 3172 illorum
1050 3126 1168 3191 genere
1191 3115 1272 3187 sunt,
1295 3126 1371 3189 quos
1393 3117 1517 3190 praeter
1527 3110 1689 3172 Maronitas
1712 3125 1801 3170 nemo
1819 3108 1913 3170 novit
1939 3106 2046 3188 Reliqui

680 3225 789 3291 magno
812 3227 955 3288 numero,
986 3210 1121 3291 panaris
1153 3207 1265 3270 additio
1288 3208 1346 3270 illis
1369 3227 1429 3289 non
1453 3209 1615 3291 probetur,
1646 3227 1708 3272 non
1738 3215 1838 3270 tamen
1869 3206 2044 3269 Graecorum

680 3308 821 3388 exemplo
851 3309 998 3372 adversus
1031 3308 1154 3371 Latinos
1188 3315 1247 3369 tam
1270 3309 1385 3370 acriter
1414 3307 1611 3371 invehuntur:
1640 3327 1707 3370 nam
1737 3324 1947 3389 quaecumque
1975 3306 2043 3367 iuter

618 3456 623 3461 .
679 3413 823 3488 utrosque
845 3408 933 3489 liuius
956 3408 1141 3489 quaestionis
1164 3407 1326 3470 occasione
1349 3414 1501 3469 transacta
1523 3414 1603 3484 sunt,
1626 3406 1798 3470 Orientales
1815 3408 1938 3487 panibus
1960 3407 2043 3487 igno-

679 3523 805 3586 ravere,
835 3526 894 3571 nec
923 3505 961 3570 ad
988 3509 1199 3589 sepertinere
1223 3506 1361 3569 arbitrati
1382 3515 1462 3569 suut.
1496 3507 1529 3569 ln
1551 3506 1723 3591 liturgicis,
1747 3506 1873 3586 aliisque
1897 3504 2042 3587 precibus,

395 2091 424 2142 P.
443 2091 504 2143 198.
523 2101 546 2143 et
562 2109 611 2160 aeq.

394 2176 425 2231 P.
444 2179 488 2233 26.

680 3604 732 3668 ubi
754 3604 792 3669 de
815 3608 1013 3687 processione
1037 3609 1166 3691 Spiritus
1185 3607 1282 3670 sancti
1306 3615 1494 3686 sermnem,
1518 3607 1611 3689 vulgo
1635 3606 1752 3685 ὥοιιιιῑ,
1773 3607 1826 3687 qui
1851 3624 1872 3667 u
1903 3614 1933 3668 te
1957 3605 2043 3666 Pater

678 3706 826 3785 procedit,
848 3713 879 3768 et
899 3726 920 3768 a
940 3707 1017 3769 Filio
1039 3716 1090 3771 uro
1112 3708 1236 3786 occipit,
1259 3707 1344 3768 utin
1366 3707 1520 3788 Scriptura
1543 3725 1631 3769 sacra
1653 3706 1775 3789 legitur.
1797 3704 1969 3785 Aliquando
1991 3702 2042 3764 ad-

680 3803 762 3883 dunt,
785 3806 898 3886 erupit
918 3826 956 3868 eo
977 3826 1055 3888 quae
1075 3808 1119 3869 ad
1139 3807 1221 3868 iltius
1241 3807 1402 3867 essentium
1413 3809 1573 3886 pertineret,
1595 3824 1673 3888 quae
1689 3804 2042 3868 sententiaaLatinorum

680 3902 846 3987 Theologia
868 3922 929 3967 non
950 3907 1072 3969 multum
1095 3905 1164 3969 abit.
1186 3905 1228 3968 lta
1251 3905 1414 3986 Dionysius
1436 3905 1581 3969 Barsalibi
1602 3907 1633 3968 in
1655 3924 1709 3967 sua
1724 3904 1872 3986 Liturgia,
1896 3902 2042 3966 llatbaeus

680 4003 786 4066 Pastor
808 4004 838 4065 in
860 4023 931 4067 sua:
955 4013 986 4069 et
1008 4006 1038 4068 in
1061 4025 1097 4068 ea
1120 4005 1210 4087 Xysti
1232 4004 1312 4067 idern
1335 4005 1455 4087 legitur.

767 4103 940 4185 Symbolum
963 4124 1054 4187 porro
1077 4106 1252 4182 Nicacnum,
1274 4112 1307 4167 ut
1329 4105 1418 4168 etiarn
1440 4102 1659 4185 Apostolicum,
1683 4102 1752 4184 Syri
1774 4120 1835 4166 non
1858 4103 1949 4165 modo
1966 4102 2042 4164 Ara·

678 4203 745 4265 bica
773 4202 892 4286 lingua,
921 4223 998 4287 quae
1020 4205 1184 4269 vernacula
1215 4213 1277 4281 est,
1306 4203 1361 4268 sed
1383 4204 1507 4285 Syriaca
1529 4222 1618 4285 quam
1639 4203 1729 4283 pauci
1751 4203 1850 4265 sciunt
1873 4204 1902 4265 in
1923 4198 2039 4283 priuatis

586 4286 595 4303 ⁸
678 4303 820 4386 precibus
838 4306 967 4369 recitare
990 4306 1098 4370 solent.
1120 4305 1155 4367 ln
1176 4303 1315 4367 Ecclesia
1329 4321 1416 4383 vero,
1438 4304 1616 4384 praesertim
1638 4304 1717 4365 inter
1730 4301 1890 4364 blissarum
1900 4298 2037 4375 solennia,

677 4422 739 4466 non
762 4403 850 4467 aliter
872 4423 960 4485 quarn
982 4406 1107 4487 Syriaca
1130 4404 1190 4467 dici
1211 4404 1305 4468 solet:
1336 4410 1370 4465 ut
1401 4402 1479 4483 apud
1507 4400 1660 4466 Jacobitas
1689 4400 1882 4484 Aegyptios,
1911 4399 2038 4481 Coptica.

676 4504 721 4566 lta
744 4505 822 4566 enim
844 4512 1039 4587 praeceptum
1055 4507 1207 4585 reperitur
1220 4507 1251 4567 in
1263 4502 1533 4567 Constitutionibus
1545 4498 1804 4579 Patriarchalibus,
1828 4506 1861 4562 ut
1877 4499 2041 4562 Orationem

677 4603 862 4667 Dominicam
886 4613 916 4669 et
938 4605 1111 4687 Symbolum
1132 4603 1371 4685 pueri‘Coptice
1393 4602 1587 4665 docerentur.
1625 4600 1658 4662 ln
1680 4599 1772 4663 Libro
1794 4599 1952 4662 Ministerii
1971 4598 2041 4660 Oia-

680 4705 777 4767 conici
798 4705 911 4768 Romae
934 4705 1027 4781 edito,
1050 4703 1224 4786 Symbolum
1247 4703 1411 4767 Nicacnum
1427 4701 1550 4784 Syriaca
1575 4711 1605 4767 et
1626 4701 1758 4765 Arabica
1781 4699 2041 4779 refertur,verun1

679 4813 711 4868 ut
732 4812 795 4868 tota
818 4806 985 4868 orationum
1007 4806 1105 4868 series
1127 4804 1295 4887 adjunctam
1309 4804 1434 4867 similem
1449 4803 1620 4866 versionem
1634 4800 1734 4880 habet,
1757 4818 1815 4863 nec
1838 4809 1934 4862 tamen
1956 4793 2041 4878 quid·

680 4924 768 4986 quam
790 4905 922 4969 Arabiae
944 4904 1061 4968 canitur
1080 4910 1131 4966 aut
1152 4904 1210 4968 alta
1233 4922 1310 4967 voce
1332 4905 1565 4986 pronunciatur,
1588 4920 1647 4965 non
1670 4900 1759 4963 alium
1781 4919 1867 4963 usum
1886 4897 1975 4960 habet
1994 4893 2039 4957 illa

678 5005 816 5088 symboli,
828 5007 886 5070 nisi
897 5015 929 5070 ut
939 5005 1060 5089 linguae
1069 5004 1211 5088 Syriacae
1226 5023 1331 5086 parurn
1342 5003 1459 5086 paritis,
1471 5002 1606 5067 subsidio
1619 5019 1689 5065 csse
1699 5001 1808 5083 possit.
1835 4994 2039 5079 Anuquissiru
