<?xml version="1.0" encoding="UTF-8"?>
<!DOCTYPE html PUBLIC "-//W3C//DTD XHTML 1.0 Transitional//EN"
    "http://www.w3.org/TR/xhtml1/DTD/xhtml1-transitional.dtd">
<html xmlns="http://www.w3.org/1999/xhtml" xml:lang="en" lang="en">
 <head>
  <title>
</title>
<meta http-equiv="Content-Type" content="text/html;charset=utf-8" />
  <meta name='ocr-system' content='tesseract 3.04.00' />
  <meta name='ocr-capabilities' content='ocr_page ocr_carea ocr_par ocr_line ocrx_word'/>
</head>
<body>
  <div class='ocr_page' id='page_1' title='image "./liturgiarumorie00unkngoog/liturgiarumorie00unkngoog_1132.png"; bbox 0 0 4525 6034; ppageno 0'>
   <div class='ocr_carea' id='block_1_1' title="bbox 679 558 1547 637">
    <p class='ocr_par' dir='ltr' id='par_1_1' title="bbox 679 558 1547 637">
     <span class='ocr_line' id='line_1_1' title="bbox 679 558 1547 637; baseline 0.001 -3"><span class='ocrx_word' id='word_1_1' title='bbox 679 561 756 635; x_wconf 78' lang='lat'><strong>424</strong></span> <span class='ocrx_word' id='word_1_2' title='bbox 1187 558 1547 637; x_wconf 78' lang='lat' dir='ltr'><strong>bl&#39;lUllGlA</strong></span> 
     </span>
    </p>
   </div>
   <div class='ocr_carea' id='block_1_2' title="bbox 676 745 2147 3271">
    <p class='ocr_par' dir='ltr' id='par_1_2' title="bbox 678 745 2147 1995">
     <span class='ocr_line' id='line_1_2' title="bbox 679 745 2035 846; baseline 0.001 -27"><span class='ocrx_word' id='word_1_3' title='bbox 679 748 909 846; x_wconf 90' lang='lat' dir='ltr'><strong>quodcumque</strong></span> <span class='ocrx_word' id='word_1_4' title='bbox 936 747 1051 822; x_wconf 80' lang='lat' dir='ltr'><strong>auxilii</strong></span> <span class='ocrx_word' id='word_1_5' title='bbox 1077 768 1186 840; x_wconf 84' lang='lat' dir='ltr'><strong>genus</strong></span> <span class='ocrx_word' id='word_1_6' title='bbox 1214 745 1368 835; x_wconf 91' lang='lat' dir='ltr'><strong>contulit,</strong></span> <span class='ocrx_word' id='word_1_7' title='bbox 1396 755 1431 817; x_wconf 92' lang='lat' dir='ltr'><strong>et</strong></span> <span class='ocrx_word' id='word_1_8' title='bbox 1455 767 1518 841; x_wconf 91' lang='lat' dir='ltr'><strong>per</strong></span> <span class='ocrx_word' id='word_1_9' title='bbox 1546 745 1729 818; x_wconf 76' lang='lat' dir='ltr'><strong>doctrinam</strong></span> <span class='ocrx_word' id='word_1_10' title='bbox 1755 748 1905 819; x_wconf 90' lang='lat' dir='ltr'><strong>veritatis</strong></span> <span class='ocrx_word' id='word_1_11' title='bbox 1923 750 2035 820; x_wconf 90' lang='lat' dir='ltr'><strong>animas</strong></span> 
     </span>
     <span class='ocr_line' id='line_1_3' title="bbox 679 861 2037 960; baseline 0.003 -26"><span class='ocrx_word' id='word_1_12' title='bbox 679 874 814 937; x_wconf 92' lang='lat' dir='ltr'><strong>nostras</strong></span> <span class='ocrx_word' id='word_1_13' title='bbox 835 864 968 955; x_wconf 88' lang='lat' dir='ltr'><strong>direxit,</strong></span> <span class='ocrx_word' id='word_1_14' title='bbox 997 874 1030 935; x_wconf 89' lang='lat' dir='ltr'><strong>et</strong></span> <span class='ocrx_word' id='word_1_15' title='bbox 1050 885 1113 960; x_wconf 92' lang='lat' dir='ltr'><strong>per</strong></span> <span class='ocrx_word' id='word_1_16' title='bbox 1128 864 1358 956; x_wconf 76' lang='lat' dir='ltr'><strong>operationem</strong></span> <span class='ocrx_word' id='word_1_17' title='bbox 1375 865 1460 933; x_wconf 90' lang='lat' dir='ltr'><strong>varii</strong></span> <span class='ocrx_word' id='word_1_18' title='bbox 1476 865 1614 954; x_wconf 87' lang='lat' dir='ltr'><strong>generis</strong></span> <span class='ocrx_word' id='word_1_19' title='bbox 1635 861 1879 951; x_wconf 71' lang='lat' dir='ltr'><strong>miraculorum,</strong></span> <span class='ocrx_word' id='word_1_20' title='bbox 1907 862 2037 938; x_wconf 86' lang='lat' dir='ltr'><strong>diversis</strong></span> 
     </span>
     <span class='ocr_line' id='line_1_4' title="bbox 680 977 2038 1073; baseline 0.001 -23"><span class='ocrx_word' id='word_1_21' title='bbox 680 982 779 1052; x_wconf 86' lang='lat' dir='ltr'><strong>etiam</strong></span> <span class='ocrx_word' id='word_1_22' title='bbox 807 983 1011 1053; x_wconf 71' lang='lat' dir='ltr'><strong>curationum</strong></span> <span class='ocrx_word' id='word_1_23' title='bbox 1038 978 1148 1051; x_wconf 89' lang='lat' dir='ltr'><strong>modis</strong></span> <span class='ocrx_word' id='word_1_24' title='bbox 1175 982 1308 1050; x_wconf 85' lang='lat' dir='ltr'><strong>sanavit</strong></span> <span class='ocrx_word' id='word_1_25' title='bbox 1335 999 1480 1073; x_wconf 91' lang='lat' dir='ltr'><strong>corpora</strong></span> <span class='ocrx_word' id='word_1_26' title='bbox 1514 987 1649 1066; x_wconf 90' lang='lat' dir='ltr'><strong>nostra,</strong></span> <span class='ocrx_word' id='word_1_27' title='bbox 1685 988 1719 1048; x_wconf 90' lang='lat' dir='ltr'><strong>ot</strong></span> <span class='ocrx_word' id='word_1_28' title='bbox 1752 977 1793 1048; x_wconf 93' lang='lat' dir='ltr'><strong>ad</strong></span> <span class='ocrx_word' id='word_1_29' title='bbox 1827 980 2038 1069; x_wconf 82' lang='lat' dir='ltr'><strong>cognitionem</strong></span> 
     </span>
     <span class='ocr_line' id='line_1_5' title="bbox 679 1091 2037 1189; baseline 0 -23"><span class='ocrx_word' id='word_1_30' title='bbox 679 1098 731 1166; x_wconf 89' lang='lat' dir='ltr'><strong>sui</strong></span> <span class='ocrx_word' id='word_1_31' title='bbox 763 1117 827 1169; x_wconf 91' lang='lat' dir='ltr'><strong>nos</strong></span> <span class='ocrx_word' id='word_1_32' title='bbox 859 1095 1006 1168; x_wconf 89' lang='lat' dir='ltr'><strong>deduxit.</strong></span> <span class='ocrx_word' id='word_1_33' title='bbox 1072 1093 1224 1188; x_wconf 80' lang='lat' dir='ltr'><strong>Tandem</strong></span> <span class='ocrx_word' id='word_1_34' title='bbox 1258 1091 1299 1164; x_wconf 95' lang='lat' dir='ltr'><strong>ad</strong></span> <span class='ocrx_word' id='word_1_35' title='bbox 1336 1115 1470 1165; x_wconf 88' lang='lat' dir='ltr'><strong>crucem</strong></span> <span class='ocrx_word' id='word_1_36' title='bbox 1505 1091 1683 1166; x_wconf 88' lang='lat' dir='ltr'><strong>salutarem</strong></span> <span class='ocrx_word' id='word_1_37' title='bbox 1718 1095 1829 1181; x_wconf 82' lang='lat' dir='ltr'><strong>venit3</strong></span> <span class='ocrx_word' id='word_1_38' title='bbox 1865 1104 1899 1165; x_wconf 91' lang='lat' dir='ltr'><strong>et</strong></span> <span class='ocrx_word' id='word_1_39' title='bbox 1930 1118 2037 1189; x_wconf 89' lang='lat' dir='ltr'><strong>passus</strong></span> 
     </span>
     <span class='ocr_line' id='line_1_6' title="bbox 679 1207 2039 1304; baseline 0 -23"><span class='ocrx_word' id='word_1_40' title='bbox 679 1210 874 1283; x_wconf 89' lang='lat' dir='ltr'><strong>naturaliter</strong></span> <span class='ocrx_word' id='word_1_41' title='bbox 902 1210 999 1284; x_wconf 88' lang='lat' dir='ltr'><strong>simul</strong></span> <span class='ocrx_word' id='word_1_42' title='bbox 1025 1221 1060 1282; x_wconf 91' lang='lat' dir='ltr'><strong>ct</strong></span> <span class='ocrx_word' id='word_1_43' title='bbox 1085 1209 1287 1294; x_wconf 83' lang='lat' dir='ltr'><strong>voluntario,</strong></span> <span class='ocrx_word' id='word_1_44' title='bbox 1314 1211 1347 1280; x_wconf 93' lang='lat' dir='ltr'><strong>in</strong></span> <span class='ocrx_word' id='word_1_45' title='bbox 1374 1230 1477 1280; x_wconf 89' lang='lat' dir='ltr'><strong>carne</strong></span> <span class='ocrx_word' id='word_1_46' title='bbox 1504 1231 1565 1280; x_wconf 92' lang='lat' dir='ltr'><strong>sua</strong></span> <span class='ocrx_word' id='word_1_47' title='bbox 1591 1207 1742 1304; x_wconf 91' lang='lat' dir='ltr'><strong>passibili</strong></span> <span class='ocrx_word' id='word_1_48' title='bbox 1767 1216 1801 1279; x_wconf 89' lang='lat' dir='ltr'><strong>et</strong></span> <span class='ocrx_word' id='word_1_49' title='bbox 1817 1208 1957 1297; x_wconf 85' lang='lat' dir='ltr'><strong>mortali,</strong></span> <span class='ocrx_word' id='word_1_50' title='bbox 1981 1232 2039 1281; x_wconf 94' lang='lat' dir='ltr'><strong>non</strong></span> 
     </span>
     <span class='ocr_line' id='line_1_7' title="bbox 680 1300 2037 1423; baseline -0.001 -27"><span class='ocrx_word' id='word_1_51' title='bbox 680 1325 875 1423; x_wconf 88' lang='lat' dir='ltr'><strong>impassibili</strong></span> <span class='ocrx_word' id='word_1_52' title='bbox 894 1348 1003 1420; x_wconf 89' lang='lat' dir='ltr'><strong>neque</strong></span> <span class='ocrx_word' id='word_1_53' title='bbox 1024 1324 1213 1413; x_wconf 83' lang='lat' dir='ltr'><strong>immortali,</strong></span> <span class='ocrx_word' id='word_1_54' title='bbox 1241 1321 1493 1418; x_wconf 80' lang='lat' dir='ltr'><strong>chirographum</strong></span> <span class='ocrx_word' id='word_1_55' title='bbox 1511 1334 1659 1395; x_wconf 91' lang='lat' dir='ltr'><strong>nostrum</strong></span> <span class='ocrx_word' id='word_1_56' title='bbox 1679 1300 1824 1412; x_wconf 88' lang='lat' dir='ltr'><strong>discidit;</strong></span> <span class='ocrx_word' id='word_1_57' title='bbox 1852 1336 1887 1397; x_wconf 91' lang='lat' dir='ltr'><strong>et</strong></span> <span class='ocrx_word' id='word_1_58' title='bbox 1907 1328 2037 1397; x_wconf 89' lang='lat' dir='ltr'><strong>moriens</strong></span> 
     </span>
     <span class='ocr_line' id='line_1_8' title="bbox 680 1438 2040 1537; baseline 0 -25"><span class='ocrx_word' id='word_1_59' title='bbox 680 1464 764 1514; x_wconf 84' lang='lat' dir='ltr'><strong>vera</strong></span> <span class='ocrx_word' id='word_1_60' title='bbox 791 1452 898 1514; x_wconf 91' lang='lat' dir='ltr'><strong>morte</strong></span> <span class='ocrx_word' id='word_1_61' title='bbox 924 1453 1057 1528; x_wconf 91' lang='lat' dir='ltr'><strong>nostra,</strong></span> <span class='ocrx_word' id='word_1_62' title='bbox 1083 1444 1189 1537; x_wconf 89' lang='lat' dir='ltr'><strong>ipsam</strong></span> <span class='ocrx_word' id='word_1_63' title='bbox 1217 1462 1303 1535; x_wconf 86' lang='lat' dir='ltr'><strong>qnae</strong></span> <span class='ocrx_word' id='word_1_64' title='bbox 1331 1438 1373 1510; x_wconf 90' lang='lat' dir='ltr'><strong>ad</strong></span> <span class='ocrx_word' id='word_1_65' title='bbox 1400 1443 1649 1535; x_wconf 89' lang='lat' dir='ltr'><strong>comuptionem</strong></span> <span class='ocrx_word' id='word_1_66' title='bbox 1675 1438 1881 1535; x_wconf 84' lang='lat' dir='ltr'><strong>perducebat</strong></span> <span class='ocrx_word' id='word_1_67' title='bbox 1900 1450 2040 1527; x_wconf 90' lang='lat' dir='ltr'><strong>mortem,</strong></span> 
     </span>
     <span class='ocr_line' id='line_1_9' title="bbox 681 1554 2039 1651; baseline -0.002 -24"><span class='ocrx_word' id='word_1_68' title='bbox 681 1557 845 1631; x_wconf 86' lang='lat' dir='ltr'><strong>destruxit</strong></span> <span class='ocrx_word' id='word_1_69' title='bbox 871 1568 904 1628; x_wconf 90' lang='lat' dir='ltr'><strong>et</strong></span> <span class='ocrx_word' id='word_1_70' title='bbox 930 1561 1031 1629; x_wconf 83' lang='lat' dir='ltr'><strong>vertit</strong></span> <span class='ocrx_word' id='word_1_71' title='bbox 1055 1561 1090 1628; x_wconf 91' lang='lat' dir='ltr'><strong>in</strong></span> <span class='ocrx_word' id='word_1_72' title='bbox 1116 1577 1285 1650; x_wconf 90' lang='lat' dir='ltr'><strong>soporem.</strong></span> <span class='ocrx_word' id='word_1_73' title='bbox 1321 1555 1488 1643; x_wconf 82' lang='lat' dir='ltr'><strong>Surrexit,</strong></span> <span class='ocrx_word' id='word_1_74' title='bbox 1515 1565 1549 1627; x_wconf 94' lang='lat' dir='ltr'><strong>at</strong></span> <span class='ocrx_word' id='word_1_75' title='bbox 1574 1557 1608 1625; x_wconf 90' lang='lat' dir='ltr'><strong>in</strong></span> <span class='ocrx_word' id='word_1_76' title='bbox 1634 1554 1812 1651; x_wconf 88' lang='lat' dir='ltr'><strong>sepulchra</strong></span> <span class='ocrx_word' id='word_1_77' title='bbox 1838 1555 1928 1628; x_wconf 88' lang='lat' dir='ltr'><strong>nulla</strong></span> <span class='ocrx_word' id='word_1_78' title='bbox 1948 1578 2039 1651; x_wconf 91' lang='lat' dir='ltr'><strong>prar-</strong></span> 
     </span>
     <span class='ocr_line' id='line_1_10' title="bbox 680 1665 2147 1768; baseline -0.002 -24"><span class='ocrx_word' id='word_1_79' title='bbox 680 1695 738 1745; x_wconf 90' lang='lat' dir='ltr'><strong>sus</strong></span> <span class='ocrx_word' id='word_1_80' title='bbox 766 1677 901 1746; x_wconf 92' lang='lat' dir='ltr'><strong>omnino</strong></span> <span class='ocrx_word' id='word_1_81' title='bbox 928 1676 1098 1768; x_wconf 89' lang='lat' dir='ltr'><strong>corruptio</strong></span> <span class='ocrx_word' id='word_1_82' title='bbox 1124 1694 1259 1744; x_wconf 89' lang='lat' dir='ltr'><strong>carnem</strong></span> <span class='ocrx_word' id='word_1_83' title='bbox 1288 1676 1360 1764; x_wconf 90' lang='lat' dir='ltr'><strong>ejus</strong></span> <span class='ocrx_word' id='word_1_84' title='bbox 1388 1673 1513 1763; x_wconf 83' lang='lat' dir='ltr'><strong>attigit,</strong></span> <span class='ocrx_word' id='word_1_85' title='bbox 1546 1681 1603 1742; x_wconf 91' lang='lat' dir='ltr'><strong>aut</strong></span> <span class='ocrx_word' id='word_1_86' title='bbox 1634 1671 1701 1743; x_wconf 93' lang='lat' dir='ltr'><strong>ulla</strong></span> <span class='ocrx_word' id='word_1_87' title='bbox 1735 1665 1873 1744; x_wconf 81' lang='lat' dir='ltr'><strong>ratione</strong></span> <span class='ocrx_word' id='word_1_88' title='bbox 1906 1670 1946 1742; x_wconf 94' lang='lat' dir='ltr'><strong>ad</strong></span> <span class='ocrx_word' id='word_1_89' title='bbox 1976 1693 2040 1742; x_wconf 87' lang='lat' dir='ltr'><strong>eum</strong></span> <span class='ocrx_word' id='word_1_90' title='bbox 2143 1747 2147 1759; x_wconf 59' lang='grc'><strong>,</strong></span> 
     </span>
     <span class='ocr_line' id='line_1_11' title="bbox 678 1786 2042 1884; baseline -0.003 -24"><span class='ocrx_word' id='word_1_91' title='bbox 678 1793 854 1884; x_wconf 90' lang='lat' dir='ltr'><strong>pervenit;</strong></span> <span class='ocrx_word' id='word_1_92' title='bbox 881 1798 980 1883; x_wconf 83' lang='lat' dir='ltr'><strong>atque</strong></span> <span class='ocrx_word' id='word_1_93' title='bbox 1006 1810 1068 1883; x_wconf 90' lang='lat' dir='ltr'><strong>per</strong></span> <span class='ocrx_word' id='word_1_94' title='bbox 1094 1787 1278 1859; x_wconf 90' lang='lat' dir='ltr'><strong>triduanam</strong></span> <span class='ocrx_word' id='word_1_95' title='bbox 1306 1787 1527 1881; x_wconf 86' lang='lat' dir='ltr'><strong>sepulturam,</strong></span> <span class='ocrx_word' id='word_1_96' title='bbox 1562 1796 1665 1859; x_wconf 88' lang='lat' dir='ltr'><strong>totum</strong></span> <span class='ocrx_word' id='word_1_97' title='bbox 1695 1786 1881 1878; x_wconf 85' lang='lat' dir='ltr'><strong>Adamum,</strong></span> <span class='ocrx_word' id='word_1_98' title='bbox 1908 1790 2042 1882; x_wconf 90' lang='lat' dir='ltr'><strong>potentia</strong></span> 
     </span>
     <span class='ocr_line' id='line_1_12' title="bbox 680 1906 1727 1995; baseline -0.008 -18"><span class='ocrx_word' id='word_1_99' title='bbox 680 1926 752 1995; x_wconf 91' lang='lat' dir='ltr'><strong>sua,</strong></span> <span class='ocrx_word' id='word_1_100' title='bbox 779 1926 893 1977; x_wconf 90' lang='lat' dir='ltr'><strong>secum</strong></span> <span class='ocrx_word' id='word_1_101' title='bbox 921 1927 941 1975; x_wconf 97' lang='lat' dir='ltr'><strong>a</strong></span> <span class='ocrx_word' id='word_1_102' title='bbox 968 1907 1106 1976; x_wconf 88' lang='lat' dir='ltr'><strong>mortuis</strong></span> <span class='ocrx_word' id='word_1_103' title='bbox 1134 1906 1305 1974; x_wconf 88' lang='lat' dir='ltr'><strong>excitavit.</strong></span> <span class='ocrx_word' id='word_1_104' title='bbox 1725 1969 1727 1978; x_wconf 84' lang='grc'>,</span> 
     </span>
    </p>

    <p class='ocr_par' dir='ltr' id='par_1_3' title="bbox 676 2015 2045 3039">
     <span class='ocr_line' id='line_1_13' title="bbox 784 2015 2042 2114; baseline -0.002 -24"><span class='ocrx_word' id='word_1_105' title='bbox 784 2018 961 2090; x_wconf 76' lang='lat' dir='ltr'><strong>Sacerdos</strong></span> <span class='ocrx_word' id='word_1_106' title='bbox 993 2019 1131 2091; x_wconf 77' lang='lat' dir='ltr'><strong>elevans</strong></span> <span class='ocrx_word' id='word_1_107' title='bbox 1162 2041 1289 2090; x_wconf 83' lang='lat' dir='ltr'><strong>nocem.</strong></span> <span class='ocrx_word' id='word_1_108' title='bbox 1347 2017 1425 2112; x_wconf 87' lang='lat' dir='ltr'><strong>lpse</strong></span> <span class='ocrx_word' id='word_1_109' title='bbox 1464 2015 1478 2054; x_wconf 79' lang='lat'>⁶</span> <span class='ocrx_word' id='word_1_110' title='bbox 1512 2020 1613 2110; x_wconf 85' lang='lat' dir='ltr'><strong>igitur</strong></span> <span class='ocrx_word' id='word_1_111' title='bbox 1647 2023 1803 2114; x_wconf 90' lang='lat' dir='ltr'><strong>princeps</strong></span> <span class='ocrx_word' id='word_1_112' title='bbox 1836 2018 2042 2096; x_wconf 83' lang='lat' dir='ltr'><strong>revelationis</strong></span> 
     </span>
     <span class='ocr_line' id='line_1_14' title="bbox 678 2132 2043 2230; baseline -0.002 -24"><span class='ocrx_word' id='word_1_113' title='bbox 678 2132 841 2208; x_wconf 90' lang='lat' dir='ltr'><strong>bonorum</strong></span> <span class='ocrx_word' id='word_1_114' title='bbox 868 2146 1077 2224; x_wconf 88' lang='lat' dir='ltr'><strong>nostrorum,</strong></span> <span class='ocrx_word' id='word_1_115' title='bbox 1111 2156 1259 2229; x_wconf 85' lang='lat' dir='ltr'><strong>vespera</strong></span> <span class='ocrx_word' id='word_1_116' title='bbox 1294 2132 1349 2204; x_wconf 94' lang='lat' dir='ltr'><strong>illa</strong></span> <span class='ocrx_word' id='word_1_117' title='bbox 1380 2137 1523 2225; x_wconf 83' lang='lat' dir='ltr'><strong>gemitus</strong></span> <span class='ocrx_word' id='word_1_118' title='bbox 1557 2137 1608 2206; x_wconf 92' lang='lat' dir='ltr'><strong>sni</strong></span> <span class='ocrx_word' id='word_1_119' title='bbox 1639 2134 1839 2219; x_wconf 83' lang='lat' dir='ltr'><strong>voluntarii,</strong></span> <span class='ocrx_word' id='word_1_120' title='bbox 1875 2157 1938 2230; x_wconf 87' lang='lat' dir='ltr'><strong>per</strong></span> <span class='ocrx_word' id='word_1_121' title='bbox 1969 2132 2043 2204; x_wconf 87' lang='lat' dir='ltr'><strong>baec</strong></span> 
     </span>
     <span class='ocr_line' id='line_1_15' title="bbox 680 2247 2041 2345; baseline -0.001 -25"><span class='ocrx_word' id='word_1_122' title='bbox 680 2248 842 2321; x_wconf 89' lang='lat' dir='ltr'><strong>elementa</strong></span> <span class='ocrx_word' id='word_1_123' title='bbox 869 2249 1071 2324; x_wconf 84' lang='lat' dir='ltr'><strong>vivificantia</strong></span> <span class='ocrx_word' id='word_1_124' title='bbox 1099 2248 1201 2322; x_wconf 93' lang='lat' dir='ltr'><strong>etad</strong></span> <span class='ocrx_word' id='word_1_125' title='bbox 1229 2248 1455 2344; x_wconf 90' lang='lat' dir='ltr'><strong>accipiendum</strong></span> <span class='ocrx_word' id='word_1_126' title='bbox 1481 2248 1604 2339; x_wconf 89' lang='lat' dir='ltr'><strong>lacilia,</strong></span> <span class='ocrx_word' id='word_1_127' title='bbox 1630 2253 1825 2345; x_wconf 79' lang='lat' dir='ltr'><strong>mysterium</strong></span> <span class='ocrx_word' id='word_1_128' title='bbox 1853 2248 1938 2337; x_wconf 90' lang='lat' dir='ltr'><strong>boc,</strong></span> <span class='ocrx_word' id='word_1_129' title='bbox 1967 2247 2041 2343; x_wconf 80' lang='lat' dir='ltr'><strong>quod</strong></span> 
     </span>
     <span class='ocr_line' id='line_1_16' title="bbox 678 2365 2045 2463; baseline -0.004 -23"><span class='ocrx_word' id='word_1_130' title='bbox 678 2366 795 2440; x_wconf 83' lang='lat' dir='ltr'><strong>verbis</strong></span> <span class='ocrx_word' id='word_1_131' title='bbox 813 2365 985 2463; x_wconf 40' lang='lat' dir='ltr'><strong>,explicari</strong></span> <span class='ocrx_word' id='word_1_132' title='bbox 1011 2388 1079 2438; x_wconf 93' lang='lat' dir='ltr'><strong>non</strong></span> <span class='ocrx_word' id='word_1_133' title='bbox 1105 2374 1219 2461; x_wconf 89' lang='lat' dir='ltr'><strong>potest</strong></span> <span class='ocrx_word' id='word_1_134' title='bbox 1245 2365 1439 2460; x_wconf 90' lang='lat' dir='ltr'><strong>disponens,</strong></span> <span class='ocrx_word' id='word_1_135' title='bbox 1466 2369 1597 2460; x_wconf 89' lang='lat' dir='ltr'><strong>accepit</strong></span> <span class='ocrx_word' id='word_1_136' title='bbox 1623 2388 1743 2460; x_wconf 91' lang='lat' dir='ltr'><strong>panem</strong></span> <span class='ocrx_word' id='word_1_137' title='bbox 1769 2368 1803 2436; x_wconf 88' lang='lat' dir='ltr'><strong>in</strong></span> <span class='ocrx_word' id='word_1_138' title='bbox 1830 2387 1951 2438; x_wconf 89' lang='lat' dir='ltr'><strong>manus</strong></span> <span class='ocrx_word' id='word_1_139' title='bbox 1975 2386 2045 2435; x_wconf 91' lang='lat' dir='ltr'><strong>suas</strong></span> 
     </span>
     <span class='ocr_line' id='line_1_17' title="bbox 679 2479 2043 2576; baseline -0.003 -22"><span class='ocrx_word' id='word_1_140' title='bbox 679 2490 827 2572; x_wconf 88' lang='lat' dir='ltr'><strong>sanctas,</strong></span> <span class='ocrx_word' id='word_1_141' title='bbox 855 2493 889 2554; x_wconf 90' lang='lat' dir='ltr'><strong>et</strong></span> <span class='ocrx_word' id='word_1_142' title='bbox 910 2480 1004 2554; x_wconf 87' lang='lat' dir='ltr'><strong>velut</strong></span> <span class='ocrx_word' id='word_1_143' title='bbox 1020 2480 1177 2554; x_wconf 81' lang='lat' dir='ltr'><strong>Pontifex</strong></span> <span class='ocrx_word' id='word_1_144' title='bbox 1199 2491 1232 2553; x_wconf 91' lang='lat' dir='ltr'><strong>et</strong></span> <span class='ocrx_word' id='word_1_145' title='bbox 1251 2480 1436 2575; x_wconf 83' lang='lat' dir='ltr'><strong>Apostolus</strong></span> <span class='ocrx_word' id='word_1_146' title='bbox 1456 2480 1677 2554; x_wconf 83' lang='lat' dir='ltr'><strong>consessionis</strong></span> <span class='ocrx_word' id='word_1_147' title='bbox 1697 2490 1847 2571; x_wconf 88' lang='lat' dir='ltr'><strong>nostrae,</strong></span> <span class='ocrx_word' id='word_1_148' title='bbox 1876 2479 2043 2576; x_wconf 87' lang='lat' dir='ltr'><strong>pronubis</strong></span> 
     </span>
     <span class='ocr_line' id='line_1_18' title="bbox 679 2594 2042 2689; baseline -0.001 -21"><span class='ocrx_word' id='word_1_149' title='bbox 679 2599 807 2689; x_wconf 86' lang='lat' dir='ltr'><strong>gratias</strong></span> <span class='ocrx_word' id='word_1_150' title='bbox 835 2596 1004 2687; x_wconf 86' lang='lat' dir='ltr'><strong>referens,</strong></span> <span class='ocrx_word' id='word_1_151' title='bbox 1040 2601 1167 2689; x_wconf 85' lang='lat' dir='ltr'><strong>gratias</strong></span> <span class='ocrx_word' id='word_1_152' title='bbox 1195 2600 1281 2689; x_wconf 79' lang='lat' dir='ltr'><strong>egit,</strong></span> <span class='ocrx_word' id='word_1_153' title='bbox 1308 2603 1329 2680; x_wconf 90' lang='lat'>†</span> <span class='ocrx_word' id='word_1_154' title='bbox 1355 2596 1542 2686; x_wconf 85' lang='lat' dir='ltr'><strong>benedixit,</strong></span> <span class='ocrx_word' id='word_1_155' title='bbox 1578 2604 1598 2681; x_wconf 89' lang='lat'>†</span> <span class='ocrx_word' id='word_1_156' title='bbox 1625 2598 1858 2684; x_wconf 85' lang='lat' dir='ltr'><strong>sanctificavit,</strong></span> <span class='ocrx_word' id='word_1_157' title='bbox 1896 2594 2042 2686; x_wconf 82' lang='lat' dir='ltr'><strong>†ircgit,</strong></span> 
     </span>
     <span class='ocr_line' id='line_1_19' title="bbox 678 2711 2042 2809; baseline -0.002 -25"><span class='ocrx_word' id='word_1_158' title='bbox 678 2711 834 2807; x_wconf 84' lang='lat' dir='ltr'><strong>deditque</strong></span> <span class='ocrx_word' id='word_1_159' title='bbox 861 2711 1031 2809; x_wconf 87' lang='lat' dir='ltr'><strong>discipulis</strong></span> <span class='ocrx_word' id='word_1_160' title='bbox 1058 2716 1127 2786; x_wconf 89' lang='lat' dir='ltr'><strong>suis</strong></span> <span class='ocrx_word' id='word_1_161' title='bbox 1155 2713 1291 2788; x_wconf 67' lang='lat' dir='ltr'><strong>uticense</strong></span> <span class='ocrx_word' id='word_1_162' title='bbox 1318 2712 1473 2808; x_wconf 82' lang='lat' dir='ltr'><strong>Accipite</strong></span> <span class='ocrx_word' id='word_1_163' title='bbox 1500 2712 1589 2784; x_wconf 90' lang='lat' dir='ltr'><strong>edite</strong></span> <span class='ocrx_word' id='word_1_164' title='bbox 1616 2736 1661 2784; x_wconf 92' lang='lat' dir='ltr'><strong>ex</strong></span> <span class='ocrx_word' id='word_1_165' title='bbox 1683 2735 1755 2804; x_wconf 73' lang='lat' dir='ltr'><strong>eo,</strong></span> <span class='ocrx_word' id='word_1_166' title='bbox 1788 2713 1864 2785; x_wconf 90' lang='lat' dir='ltr'><strong>Hoc</strong></span> <span class='ocrx_word' id='word_1_167' title='bbox 1891 2723 1946 2786; x_wconf 92' lang='lat' dir='ltr'><strong>est</strong></span> <span class='ocrx_word' id='word_1_168' title='bbox 1971 2733 2042 2783; x_wconf 90' lang='lat' dir='ltr'><strong>cor-</strong></span> 
     </span>
     <span class='ocr_line' id='line_1_20' title="bbox 676 2825 2042 2925; baseline -0.003 -26"><span class='ocrx_word' id='word_1_169' title='bbox 676 2850 739 2922; x_wconf 91' lang='lat' dir='ltr'><strong>pus</strong></span> <span class='ocrx_word' id='word_1_170' title='bbox 766 2849 892 2916; x_wconf 90' lang='lat' dir='ltr'><strong>meum,</strong></span> <span class='ocrx_word' id='word_1_171' title='bbox 920 2828 1008 2923; x_wconf 87' lang='lat' dir='ltr'><strong>qnod</strong></span> <span class='ocrx_word' id='word_1_172' title='bbox 1034 2852 1097 2925; x_wconf 91' lang='lat' dir='ltr'><strong>pro</strong></span> <span class='ocrx_word' id='word_1_173' title='bbox 1124 2828 1239 2917; x_wconf 78' lang='lat' dir='ltr'><strong>vebia,</strong></span> <span class='ocrx_word' id='word_1_174' title='bbox 1267 2838 1301 2900; x_wconf 91' lang='lat' dir='ltr'><strong>et</strong></span> <span class='ocrx_word' id='word_1_175' title='bbox 1326 2852 1389 2925; x_wconf 92' lang='lat' dir='ltr'><strong>pra</strong></span> <span class='ocrx_word' id='word_1_176' title='bbox 1417 2829 1525 2900; x_wconf 91' lang='lat' dir='ltr'><strong>multis</strong></span> <span class='ocrx_word' id='word_1_177' title='bbox 1551 2827 1715 2922; x_wconf 82' lang='lat' dir='ltr'><strong>frangitur</strong></span> <span class='ocrx_word' id='word_1_178' title='bbox 1742 2839 1775 2901; x_wconf 89' lang='lat' dir='ltr'><strong>ct</strong></span> <span class='ocrx_word' id='word_1_179' title='bbox 1803 2829 1978 2919; x_wconf 88' lang='lat' dir='ltr'><strong>dividitor,</strong></span> <span class='ocrx_word' id='word_1_180' title='bbox 2007 2825 2042 2897; x_wconf 93' lang='lat' dir='ltr'><strong>ad</strong></span> 
     </span>
     <span class='ocr_line' id='line_1_21' title="bbox 679 2943 1537 3039; baseline 0.002 -25"><span class='ocrx_word' id='word_1_181' title='bbox 679 2946 906 3039; x_wconf 88' lang='lat' dir='ltr'><strong>expiationem</strong></span> <span class='ocrx_word' id='word_1_182' title='bbox 933 2943 1140 3034; x_wconf 88' lang='lat' dir='ltr'><strong>delictorum,</strong></span> <span class='ocrx_word' id='word_1_183' title='bbox 1167 2955 1202 3016; x_wconf 91' lang='lat' dir='ltr'><strong>et</strong></span> <span class='ocrx_word' id='word_1_184' title='bbox 1227 2946 1331 3018; x_wconf 89' lang='lat' dir='ltr'><strong>vitam</strong></span> <span class='ocrx_word' id='word_1_185' title='bbox 1358 2951 1537 3017; x_wconf 83' lang='lat' dir='ltr'><strong>aeternam.</strong></span> 
     </span>
    </p>

    <p class='ocr_par' dir='ltr' id='par_1_4' title="bbox 782 3059 1116 3152">
     <span class='ocr_line' id='line_1_22' title="bbox 782 3059 1116 3152; baseline 0 -22"><span class='ocrx_word' id='word_1_186' title='bbox 782 3059 944 3152; x_wconf 79' lang='lat' dir='ltr'><strong>Populos.</strong></span> <span class='ocrx_word' id='word_1_187' title='bbox 996 3063 1116 3133; x_wconf 84' lang='lat' dir='ltr'><strong>Amen.</strong></span> 
     </span>
    </p>

    <p class='ocr_par' dir='ltr' id='par_1_5' title="bbox 780 3174 2043 3271">
     <span class='ocr_line' id='line_1_23' title="bbox 780 3174 2043 3271; baseline 0 -25"><span class='ocrx_word' id='word_1_188' title='bbox 780 3174 966 3248; x_wconf 78' lang='lat' dir='ltr'><strong>Sacerdos.</strong></span> <span class='ocrx_word' id='word_1_189' title='bbox 1019 3175 1177 3248; x_wconf 85' lang='lat' dir='ltr'><strong>Sirniliter</strong></span> <span class='ocrx_word' id='word_1_190' title='bbox 1209 3186 1243 3247; x_wconf 93' lang='lat' dir='ltr'><strong>et</strong></span> <span class='ocrx_word' id='word_1_191' title='bbox 1274 3175 1412 3247; x_wconf 91' lang='lat' dir='ltr'><strong>calicem</strong></span> <span class='ocrx_word' id='word_1_192' title='bbox 1447 3178 1527 3247; x_wconf 87' lang='lat' dir='ltr'><strong>vina</strong></span> <span class='ocrx_word' id='word_1_193' title='bbox 1565 3185 1599 3247; x_wconf 90' lang='lat' dir='ltr'><strong>ot</strong></span> <span class='ocrx_word' id='word_1_194' title='bbox 1631 3198 1717 3271; x_wconf 87' lang='lat' dir='ltr'><strong>aqua</strong></span> <span class='ocrx_word' id='word_1_195' title='bbox 1751 3198 1825 3247; x_wconf 87' lang='lat' dir='ltr'><strong>cmn</strong></span> <span class='ocrx_word' id='word_1_196' title='bbox 1852 3178 2043 3261; x_wconf 80' lang='lat' dir='ltr'><strong>miscuisset</strong></span> 
     </span>
    </p>
   </div>
   <div class='ocr_carea' id='block_1_3' title="bbox 419 3287 2044 3386">
    <p class='ocr_par' dir='ltr' id='par_1_6' title="bbox 419 3287 2044 3386">
     <span class='ocr_line' id='line_1_24' title="bbox 419 3287 2044 3386; baseline -0.005 -21"><span class='ocrx_word' id='word_1_197' title='bbox 419 3307 424 3314; x_wconf 83' lang='lat'>&#39;</span> <span class='ocrx_word' id='word_1_198' title='bbox 547 3287 549 3290; x_wconf 67' lang='grc'><strong>’</strong></span> <span class='ocrx_word' id='word_1_199' title='bbox 677 3289 860 3379; x_wconf 83' lang='lat' dir='ltr'><strong>benedixit,</strong></span> <span class='ocrx_word' id='word_1_200' title='bbox 887 3298 908 3373; x_wconf 90' lang='lat'>†</span> <span class='ocrx_word' id='word_1_201' title='bbox 934 3292 1170 3379; x_wconf 82' lang='lat' dir='ltr'><strong>sanctificavit,</strong></span> <span class='ocrx_word' id='word_1_202' title='bbox 1198 3297 1218 3374; x_wconf 89' lang='lat'>†</span> <span class='ocrx_word' id='word_1_203' title='bbox 1245 3301 1279 3362; x_wconf 91' lang='lat' dir='ltr'><strong>et</strong></span> <span class='ocrx_word' id='word_1_204' title='bbox 1304 3291 1417 3364; x_wconf 85' lang='lat' dir='ltr'><strong>divisit</strong></span> <span class='ocrx_word' id='word_1_205' title='bbox 1443 3289 1612 3386; x_wconf 86' lang='lat' dir='ltr'><strong>discipulis</strong></span> <span class='ocrx_word' id='word_1_206' title='bbox 1638 3294 1707 3365; x_wconf 89' lang='lat' dir='ltr'><strong>suis</strong></span> <span class='ocrx_word' id='word_1_207' title='bbox 1735 3291 1867 3364; x_wconf 90' lang='lat' dir='ltr'><strong>dicens:</strong></span> <span class='ocrx_word' id='word_1_208' title='bbox 1903 3291 2044 3384; x_wconf 84' lang='lat' dir='ltr'><strong>Accipite</strong></span> 
     </span>
    </p>
   </div>
   <div class='ocr_carea' id='block_1_4' title="bbox 676 3405 2047 5115">
    <p class='ocr_par' dir='ltr' id='par_1_7' title="bbox 676 3405 2045 3728">
     <span class='ocr_line' id='line_1_25' title="bbox 676 3405 2045 3498; baseline -0.002 -20"><span class='ocrx_word' id='word_1_209' title='bbox 676 3406 779 3478; x_wconf 92' lang='lat' dir='ltr'><strong>bibite</strong></span> <span class='ocrx_word' id='word_1_210' title='bbox 806 3429 853 3478; x_wconf 87' lang='lat' dir='ltr'><strong>ex</strong></span> <span class='ocrx_word' id='word_1_211' title='bbox 879 3430 921 3479; x_wconf 90' lang='lat' dir='ltr'><strong>eo</strong></span> <span class='ocrx_word' id='word_1_212' title='bbox 950 3429 1014 3480; x_wconf 86' lang='lat' dir='ltr'><strong>vos</strong></span> <span class='ocrx_word' id='word_1_213' title='bbox 1042 3428 1176 3496; x_wconf 84' lang='lat' dir='ltr'><strong>omnes3</strong></span> <span class='ocrx_word' id='word_1_214' title='bbox 1202 3405 1266 3478; x_wconf 91' lang='lat' dir='ltr'><strong>Hic</strong></span> <span class='ocrx_word' id='word_1_215' title='bbox 1293 3417 1345 3479; x_wconf 91' lang='lat' dir='ltr'><strong>est</strong></span> <span class='ocrx_word' id='word_1_216' title='bbox 1371 3409 1509 3497; x_wconf 85' lang='lat' dir='ltr'><strong>sangnis</strong></span> <span class='ocrx_word' id='word_1_217' title='bbox 1532 3428 1626 3478; x_wconf 88' lang='lat' dir='ltr'><strong>meus</strong></span> <span class='ocrx_word' id='word_1_218' title='bbox 1656 3406 1748 3479; x_wconf 90' lang='lat' dir='ltr'><strong>Novi</strong></span> <span class='ocrx_word' id='word_1_219' title='bbox 1768 3407 1978 3479; x_wconf 83' lang='lat' dir='ltr'><strong>Testamenti</strong></span> <span class='ocrx_word' id='word_1_220' title='bbox 1998 3405 2045 3498; x_wconf 86' lang='lat' dir='ltr'><strong>qui</strong></span> 
     </span>
     <span class='ocr_line' id='line_1_26' title="bbox 677 3521 2043 3619; baseline 0 -27"><span class='ocrx_word' id='word_1_221' title='bbox 677 3544 739 3618; x_wconf 93' lang='lat' dir='ltr'><strong>pro</strong></span> <span class='ocrx_word' id='word_1_222' title='bbox 766 3523 865 3595; x_wconf 85' lang='lat' dir='ltr'><strong>vobis</strong></span> <span class='ocrx_word' id='word_1_223' title='bbox 878 3534 926 3604; x_wconf 70' lang='lat' dir='ltr'><strong>,et</strong></span> <span class='ocrx_word' id='word_1_224' title='bbox 951 3546 1014 3619; x_wconf 92' lang='lat' dir='ltr'><strong>pro</strong></span> <span class='ocrx_word' id='word_1_225' title='bbox 1041 3521 1151 3595; x_wconf 84' lang='lat' dir='ltr'><strong>mrdtis</strong></span> <span class='ocrx_word' id='word_1_226' title='bbox 1179 3521 1352 3594; x_wconf 82' lang='lat' dir='ltr'><strong>effunditur</strong></span> <span class='ocrx_word' id='word_1_227' title='bbox 1384 3531 1418 3593; x_wconf 92' lang='lat' dir='ltr'><strong>et</strong></span> <span class='ocrx_word' id='word_1_228' title='bbox 1448 3521 1602 3594; x_wconf 91' lang='lat' dir='ltr'><strong>daturin</strong></span> <span class='ocrx_word' id='word_1_229' title='bbox 1628 3525 1860 3595; x_wconf 91' lang='lat' dir='ltr'><strong>remissionem</strong></span> <span class='ocrx_word' id='word_1_230' title='bbox 1888 3532 2043 3618; x_wconf 88' lang='lat' dir='ltr'><strong>peccato-</strong></span> 
     </span>
     <span class='ocr_line' id='line_1_27' title="bbox 676 3641 1159 3728; baseline -0.002 -20"><span class='ocrx_word' id='word_1_231' title='bbox 676 3659 762 3728; x_wconf 88' lang='lat' dir='ltr'><strong>rum,</strong></span> <span class='ocrx_word' id='word_1_232' title='bbox 790 3650 824 3710; x_wconf 90' lang='lat' dir='ltr'><strong>et</strong></span> <span class='ocrx_word' id='word_1_233' title='bbox 850 3641 951 3710; x_wconf 87' lang='lat' dir='ltr'><strong>vitam</strong></span> <span class='ocrx_word' id='word_1_234' title='bbox 979 3647 1159 3710; x_wconf 88' lang='lat' dir='ltr'><strong>aeternam.</strong></span> 
     </span>
    </p>

    <p class='ocr_par' dir='ltr' id='par_1_8' title="bbox 782 3753 1226 3846">
     <span class='ocr_line' id='line_1_28' title="bbox 782 3753 1226 3846; baseline -0.005 -22"><span class='ocrx_word' id='word_1_235' title='bbox 782 3753 943 3846; x_wconf 76' lang='lat' dir='ltr'><strong>Papulas.</strong></span> <span class='ocrx_word' id='word_1_236' title='bbox 997 3755 1116 3826; x_wconf 88' lang='lat' dir='ltr'><strong>Amen.</strong></span> <span class='ocrx_word' id='word_1_237' title='bbox 1213 3782 1226 3797; x_wconf 54' lang='grc'><strong>«</strong></span> 
     </span>
    </p>

    <p class='ocr_par' dir='ltr' id='par_1_9' title="bbox 676 3866 2047 5115">
     <span class='ocr_line' id='line_1_29' title="bbox 781 3866 2043 3961; baseline 0.002 -23"><span class='ocrx_word' id='word_1_238' title='bbox 781 3867 966 3939; x_wconf 79' lang='lat' dir='ltr'><strong>Sacerdos.</strong></span> <span class='ocrx_word' id='word_1_239' title='bbox 1020 3869 1093 3940; x_wconf 92' lang='lat' dir='ltr'><strong>Hoc</strong></span> <span class='ocrx_word' id='word_1_240' title='bbox 1120 3866 1232 3945; x_wconf 76' lang='lat' dir='ltr'><strong>facite,</strong></span> <span class='ocrx_word' id='word_1_241' title='bbox 1259 3870 1374 3961; x_wconf 89' lang='lat' dir='ltr'><strong>inquit,</strong></span> <span class='ocrx_word' id='word_1_242' title='bbox 1401 3870 1435 3938; x_wconf 93' lang='lat' dir='ltr'><strong>in</strong></span> <span class='ocrx_word' id='word_1_243' title='bbox 1461 3889 1569 3938; x_wconf 89' lang='lat' dir='ltr'><strong>meam</strong></span> <span class='ocrx_word' id='word_1_244' title='bbox 1596 3868 1967 3958; x_wconf 85' lang='lat' dir='ltr'><strong>commemorationem,</strong></span> <span class='ocrx_word' id='word_1_245' title='bbox 1987 3889 2043 3959; x_wconf 83' lang='lat' dir='ltr'><strong>ego</strong></span> 
     </span>
     <span class='ocr_line' id='line_1_30' title="bbox 678 3981 2043 4079; baseline -0.001 -24"><span class='ocrx_word' id='word_1_246' title='bbox 678 3986 764 4055; x_wconf 89' lang='lat' dir='ltr'><strong>enim</strong></span> <span class='ocrx_word' id='word_1_247' title='bbox 793 3983 868 4056; x_wconf 93' lang='lat' dir='ltr'><strong>dica</strong></span> <span class='ocrx_word' id='word_1_248' title='bbox 894 3982 995 4057; x_wconf 85' lang='lat' dir='ltr'><strong>vobis</strong></span> <span class='ocrx_word' id='word_1_249' title='bbox 1023 3982 1112 4079; x_wconf 90' lang='lat' dir='ltr'><strong>quod</strong></span> <span class='ocrx_word' id='word_1_250' title='bbox 1138 3983 1266 4055; x_wconf 90' lang='lat' dir='ltr'><strong>iuturus</strong></span> <span class='ocrx_word' id='word_1_251' title='bbox 1300 4006 1372 4056; x_wconf 91' lang='lat' dir='ltr'><strong>sum</strong></span> <span class='ocrx_word' id='word_1_252' title='bbox 1406 3987 1440 4053; x_wconf 92' lang='lat' dir='ltr'><strong>in</strong></span> <span class='ocrx_word' id='word_1_253' title='bbox 1472 3981 1581 4054; x_wconf 91' lang='lat' dir='ltr'><strong>medio</strong></span> <span class='ocrx_word' id='word_1_254' title='bbox 1614 3985 1738 4071; x_wconf 81' lang='lat' dir='ltr'><strong>vestri,</strong></span> <span class='ocrx_word' id='word_1_255' title='bbox 1773 3992 1807 4054; x_wconf 92' lang='lat' dir='ltr'><strong>ct</strong></span> <span class='ocrx_word' id='word_1_256' title='bbox 1842 3987 2043 4056; x_wconf 87' lang='lat' dir='ltr'><strong>sanctitatem</strong></span> 
     </span>
     <span class='ocr_line' id='line_1_31' title="bbox 677 4097 2045 4194; baseline 0.001 -28"><span class='ocrx_word' id='word_1_257' title='bbox 677 4097 741 4170; x_wconf 90' lang='lat' dir='ltr'><strong>illis</strong></span> <span class='ocrx_word' id='word_1_258' title='bbox 773 4121 859 4192; x_wconf 88' lang='lat' dir='ltr'><strong>quae</strong></span> <span class='ocrx_word' id='word_1_259' title='bbox 889 4099 1102 4194; x_wconf 87' lang='lat' dir='ltr'><strong>perficientur</strong></span> <span class='ocrx_word' id='word_1_260' title='bbox 1134 4097 1241 4186; x_wconf 88' lang='lat' dir='ltr'><strong>dabo;</strong></span> <span class='ocrx_word' id='word_1_261' title='bbox 1276 4102 1332 4192; x_wconf 91' lang='lat' dir='ltr'><strong>qui</strong></span> <span class='ocrx_word' id='word_1_262' title='bbox 1366 4101 1451 4169; x_wconf 90' lang='lat' dir='ltr'><strong>enim</strong></span> <span class='ocrx_word' id='word_1_263' title='bbox 1485 4097 1661 4170; x_wconf 89' lang='lat' dir='ltr'><strong>manducat</strong></span> <span class='ocrx_word' id='word_1_264' title='bbox 1695 4120 1817 4193; x_wconf 89' lang='lat' dir='ltr'><strong>corpus</strong></span> <span class='ocrx_word' id='word_1_265' title='bbox 1856 4123 1986 4190; x_wconf 90' lang='lat' dir='ltr'><strong>meum,</strong></span> <span class='ocrx_word' id='word_1_266' title='bbox 2016 4106 2045 4169; x_wconf 90' lang='lat' dir='ltr'><strong>et</strong></span> 
     </span>
     <span class='ocr_line' id='line_1_32' title="bbox 676 4211 2043 4316; baseline -0.001 -31"><span class='ocrx_word' id='word_1_267' title='bbox 676 4211 759 4285; x_wconf 93' lang='lat' dir='ltr'><strong>bibit</strong></span> <span class='ocrx_word' id='word_1_268' title='bbox 785 4236 894 4285; x_wconf 91' lang='lat' dir='ltr'><strong>meum</strong></span> <span class='ocrx_word' id='word_1_269' title='bbox 922 4218 1118 4306; x_wconf 79' lang='lat' dir='ltr'><strong>sanguinem</strong></span> <span class='ocrx_word' id='word_1_270' title='bbox 1145 4217 1178 4316; x_wconf 80' lang='lat' dir='ltr'><strong>iu</strong></span> <span class='ocrx_word' id='word_1_271' title='bbox 1205 4236 1259 4285; x_wconf 91' lang='lat' dir='ltr'><strong>me</strong></span> <span class='ocrx_word' id='word_1_272' title='bbox 1286 4223 1408 4304; x_wconf 87' lang='lat' dir='ltr'><strong>manet,</strong></span> <span class='ocrx_word' id='word_1_273' title='bbox 1436 4222 1469 4285; x_wconf 90' lang='lat' dir='ltr'><strong>et</strong></span> <span class='ocrx_word' id='word_1_274' title='bbox 1495 4236 1562 4305; x_wconf 82' lang='lat' dir='ltr'><strong>ega</strong></span> <span class='ocrx_word' id='word_1_275' title='bbox 1589 4216 1622 4284; x_wconf 94' lang='lat' dir='ltr'><strong>in</strong></span> <span class='ocrx_word' id='word_1_276' title='bbox 1650 4236 1708 4288; x_wconf 86' lang='lat' dir='ltr'><strong>co:</strong></span> <span class='ocrx_word' id='word_1_277' title='bbox 1737 4223 1771 4285; x_wconf 92' lang='lat' dir='ltr'><strong>et</strong></span> <span class='ocrx_word' id='word_1_278' title='bbox 1787 4217 1876 4287; x_wconf 90' lang='lat' dir='ltr'><strong>sicut</strong></span> <span class='ocrx_word' id='word_1_279' title='bbox 1891 4218 2043 4308; x_wconf 66' lang='lat' dir='ltr'><strong>agarico</strong></span> 
     </span>
     <span class='ocr_line' id='line_1_33' title="bbox 677 4328 2044 4425; baseline 0 -26"><span class='ocrx_word' id='word_1_280' title='bbox 677 4338 816 4423; x_wconf 92' lang='lat' dir='ltr'><strong>propter</strong></span> <span class='ocrx_word' id='word_1_281' title='bbox 842 4329 987 4416; x_wconf 89' lang='lat' dir='ltr'><strong>Patrem,</strong></span> <span class='ocrx_word' id='word_1_282' title='bbox 1014 4332 1060 4400; x_wconf 91' lang='lat' dir='ltr'><strong>ita</strong></span> <span class='ocrx_word' id='word_1_283' title='bbox 1087 4332 1186 4401; x_wconf 89' lang='lat' dir='ltr'><strong>etiam</strong></span> <span class='ocrx_word' id='word_1_284' title='bbox 1214 4332 1269 4423; x_wconf 91' lang='lat' dir='ltr'><strong>qui</strong></span> <span class='ocrx_word' id='word_1_285' title='bbox 1294 4328 1471 4400; x_wconf 90' lang='lat' dir='ltr'><strong>manducat</strong></span> <span class='ocrx_word' id='word_1_286' title='bbox 1497 4353 1563 4416; x_wconf 92' lang='lat' dir='ltr'><strong>me,</strong></span> <span class='ocrx_word' id='word_1_287' title='bbox 1590 4333 1685 4401; x_wconf 90' lang='lat' dir='ltr'><strong>vivet</strong></span> <span class='ocrx_word' id='word_1_288' title='bbox 1701 4341 1841 4425; x_wconf 87' lang='lat' dir='ltr'><strong>propter</strong></span> <span class='ocrx_word' id='word_1_289' title='bbox 1859 4354 1926 4403; x_wconf 87' lang='lat' dir='ltr'><strong>mc.</strong></span> <span class='ocrx_word' id='word_1_290' title='bbox 1960 4331 2044 4402; x_wconf 90' lang='lat' dir='ltr'><strong>Hanc</strong></span> 
     </span>
     <span class='ocr_line' id='line_1_34' title="bbox 677 4443 2043 4538; baseline 0.003 -29"><span class='ocrx_word' id='word_1_291' title='bbox 677 4443 778 4532; x_wconf 80' lang='lat' dir='ltr'><strong>igitur</strong></span> <span class='ocrx_word' id='word_1_292' title='bbox 810 4445 984 4537; x_wconf 78' lang='lat' dir='ltr'><strong>mysticam</strong></span> <span class='ocrx_word' id='word_1_293' title='bbox 1018 4446 1255 4515; x_wconf 78' lang='lat' dir='ltr'><strong>institutionem</strong></span> <span class='ocrx_word' id='word_1_294' title='bbox 1289 4445 1529 4538; x_wconf 86' lang='lat' dir='ltr'><strong>suscipientes,</strong></span> <span class='ocrx_word' id='word_1_295' title='bbox 1564 4443 1746 4516; x_wconf 91' lang='lat' dir='ltr'><strong>secundum</strong></span> <span class='ocrx_word' id='word_1_296' title='bbox 1781 4445 1897 4538; x_wconf 84' lang='lat' dir='ltr'><strong>legum</strong></span> <span class='ocrx_word' id='word_1_297' title='bbox 1931 4454 2043 4515; x_wconf 79' lang='lat' dir='ltr'><strong>mamm</strong></span> 
     </span>
     <span class='ocr_line' id='line_1_35' title="bbox 678 4554 2044 4654; baseline 0.001 -28"><span class='ocrx_word' id='word_1_298' title='bbox 678 4554 947 4653; x_wconf 85' lang='lat' dir='ltr'><strong>dispositionem,</strong></span> <span class='ocrx_word' id='word_1_299' title='bbox 984 4581 1005 4631; x_wconf 97' lang='lat' dir='ltr'><strong>o</strong></span> <span class='ocrx_word' id='word_1_300' title='bbox 1037 4557 1185 4630; x_wconf 89' lang='lat' dir='ltr'><strong>Verbum</strong></span> <span class='ocrx_word' id='word_1_301' title='bbox 1217 4558 1327 4648; x_wconf 89' lang='lat' dir='ltr'><strong>Dens,</strong></span> <span class='ocrx_word' id='word_1_302' title='bbox 1362 4580 1480 4652; x_wconf 86' lang='lat' dir='ltr'><strong>panem</strong></span> <span class='ocrx_word' id='word_1_303' title='bbox 1514 4562 1808 4654; x_wconf 87' lang='lat' dir='ltr'><strong>praeparavimus,</strong></span> <span class='ocrx_word' id='word_1_304' title='bbox 1844 4568 1882 4629; x_wconf 88' lang='lat' dir='ltr'><strong>et</strong></span> <span class='ocrx_word' id='word_1_305' title='bbox 1918 4559 2044 4631; x_wconf 87' lang='lat' dir='ltr'><strong>calicem</strong></span> 
     </span>
     <span class='ocr_line' id='line_1_36' title="bbox 677 4673 2043 4769; baseline 0 -28"><span class='ocrx_word' id='word_1_306' title='bbox 677 4674 885 4760; x_wconf 90' lang='lat' dir='ltr'><strong>miscuimus,</strong></span> <span class='ocrx_word' id='word_1_307' title='bbox 921 4673 1154 4768; x_wconf 89' lang='lat' dir='ltr'><strong>praedicantes</strong></span> <span class='ocrx_word' id='word_1_308' title='bbox 1187 4696 1289 4769; x_wconf 89' lang='lat' dir='ltr'><strong>super</strong></span> <span class='ocrx_word' id='word_1_309' title='bbox 1321 4673 1406 4745; x_wconf 90' lang='lat' dir='ltr'><strong>baec</strong></span> <span class='ocrx_word' id='word_1_310' title='bbox 1441 4684 1542 4746; x_wconf 93' lang='lat' dir='ltr'><strong>totam</strong></span> <span class='ocrx_word' id='word_1_311' title='bbox 1574 4673 1858 4768; x_wconf 88' lang='lat' dir='ltr'><strong>dispensationem</strong></span> <span class='ocrx_word' id='word_1_312' title='bbox 1895 4684 2043 4762; x_wconf 88' lang='lat' dir='ltr'><strong>tuam,a</strong></span> 
     </span>
     <span class='ocr_line' id='line_1_37' title="bbox 677 4787 2047 4882; baseline 0.001 -27"><span class='ocrx_word' id='word_1_313' title='bbox 677 4788 801 4880; x_wconf 91' lang='lat' dir='ltr'><strong>prima,</strong></span> <span class='ocrx_word' id='word_1_314' title='bbox 835 4798 869 4859; x_wconf 89' lang='lat' dir='ltr'><strong>ct</strong></span> <span class='ocrx_word' id='word_1_315' title='bbox 900 4798 1069 4861; x_wconf 92' lang='lat' dir='ltr'><strong>momento</strong></span> <span class='ocrx_word' id='word_1_316' title='bbox 1098 4800 1197 4882; x_wconf 88' lang='lat' dir='ltr'><strong>atque</strong></span> <span class='ocrx_word' id='word_1_317' title='bbox 1218 4791 1308 4860; x_wconf 91' lang='lat' dir='ltr'><strong>nictu</strong></span> <span class='ocrx_word' id='word_1_318' title='bbox 1329 4789 1416 4862; x_wconf 91' lang='lat' dir='ltr'><strong>oculi</strong></span> <span class='ocrx_word' id='word_1_319' title='bbox 1440 4787 1531 4860; x_wconf 88' lang='lat' dir='ltr'><strong>iacta</strong></span> <span class='ocrx_word' id='word_1_320' title='bbox 1560 4793 1671 4862; x_wconf 90' lang='lat' dir='ltr'><strong>carnis</strong></span> <span class='ocrx_word' id='word_1_321' title='bbox 1695 4792 1924 4878; x_wconf 88' lang='lat' dir='ltr'><strong>assumtione,</strong></span> <span class='ocrx_word' id='word_1_322' title='bbox 1950 4807 2047 4881; x_wconf 87' lang='lat' dir='ltr'><strong>usquc</strong></span> 
     </span>
     <span class='ocr_line' id='line_1_38' title="bbox 676 4898 2041 4998; baseline 0.003 -29"><span class='ocrx_word' id='word_1_323' title='bbox 676 4898 719 4969; x_wconf 88' lang='lat' dir='ltr'><strong>ad</strong></span> <span class='ocrx_word' id='word_1_324' title='bbox 740 4905 942 4995; x_wconf 91' lang='lat' dir='ltr'><strong>passionem,</strong></span> <span class='ocrx_word' id='word_1_325' title='bbox 971 4914 1122 4998; x_wconf 88' lang='lat' dir='ltr'><strong>mortem,</strong></span> <span class='ocrx_word' id='word_1_326' title='bbox 1148 4926 1292 4992; x_wconf 88' lang='lat' dir='ltr'><strong>crucem,</strong></span> <span class='ocrx_word' id='word_1_327' title='bbox 1320 4914 1352 4976; x_wconf 91' lang='lat' dir='ltr'><strong>et</strong></span> <span class='ocrx_word' id='word_1_328' title='bbox 1372 4907 1652 4977; x_wconf 88' lang='lat' dir='ltr'><strong>resurrectionem</strong></span> <span class='ocrx_word' id='word_1_329' title='bbox 1670 4903 1746 4975; x_wconf 90' lang='lat' dir='ltr'><strong>Deo</strong></span> <span class='ocrx_word' id='word_1_330' title='bbox 1770 4903 1925 4995; x_wconf 83' lang='lat' dir='ltr'><strong>dignam:</strong></span> <span class='ocrx_word' id='word_1_331' title='bbox 1951 4901 2041 4974; x_wconf 82' lang='lat' dir='ltr'><strong>corde</strong></span> 
     </span>
     <span class='ocr_line' id='line_1_39' title="bbox 676 5017 2040 5115; baseline 0.004 -33"><span class='ocrx_word' id='word_1_332' title='bbox 676 5021 776 5107; x_wconf 78' lang='lat' dir='ltr'><strong>p&#39;uro,</strong></span> <span class='ocrx_word' id='word_1_333' title='bbox 806 5039 872 5089; x_wconf 91' lang='lat' dir='ltr'><strong>una</strong></span> <span class='ocrx_word' id='word_1_334' title='bbox 905 5040 995 5091; x_wconf 85' lang='lat' dir='ltr'><strong>voce</strong></span> <span class='ocrx_word' id='word_1_335' title='bbox 1021 5018 1202 5094; x_wconf 88' lang='lat' dir='ltr'><strong>secundom</strong></span> <span class='ocrx_word' id='word_1_336' title='bbox 1235 5019 1380 5092; x_wconf 87' lang='lat' dir='ltr'><strong>divinum</strong></span> <span class='ocrx_word' id='word_1_337' title='bbox 1415 5017 1493 5090; x_wconf 91' lang='lat' dir='ltr'><strong>illud</strong></span> <span class='ocrx_word' id='word_1_338' title='bbox 1521 5029 1739 5115; x_wconf 90' lang='lat' dir='ltr'><strong>praeceptum</strong></span> <span class='ocrx_word' id='word_1_339' title='bbox 1773 5029 1877 5106; x_wconf 90' lang='lat' dir='ltr'><strong>tuum,</strong></span> <span class='ocrx_word' id='word_1_340' title='bbox 1913 5028 2040 5091; x_wconf 89' lang='lat' dir='ltr'><strong>mortem</strong></span> 
     </span>
    </p>
   </div>
   <div class='ocr_carea' id='block_1_5' title="bbox 0 0 2271 6034">
    <p class='ocr_par' dir='ltr' id='par_1_10' title="bbox 0 0 2271 6034">
     <span class='ocr_line' id='line_1_40' title="bbox 0 0 2271 6034; baseline 0 0"><span class='ocrx_word' id='word_1_341' title='bbox 0 0 2271 6034; x_wconf 95' lang='lat' dir='ltr'><strong> </strong></span> 
     </span>
    </p>
   </div>
  </div>
 </body>
</html>
