4525 6034
640 551 1176 630 ALEXANDRINO.
1516 552 1595 628 439

220 737 317 809 etiam
343 739 408 808 uisi
434 736 552 811 eadem
579 749 635 811 aut
661 741 767 831 major
802 763 823 811 a
846 741 917 831 Jam
949 740 1133 812 constitutis
1160 738 1362 815 Patriarcbis
1388 753 1593 832 numeretur,

220 852 317 945 dejici
343 875 404 926 eos
430 854 638 927 consuetudo
665 865 727 927 cst
780 856 896 949 ltaque
928 853 1007 926 nihil
1032 854 1258 951 frequentius,
1287 880 1384 952 qnam
1411 856 1497 932 tales
1525 859 1593 932 de-

219 972 415 1065 positiones,
442 992 529 1064 quae
554 981 591 1043 ιιι
616 970 796 1068 plurimum
815 992 939 1063 magno
965 969 1199 1045 Ecclesiarum
1234 971 1431 1047 detrimento
1463 978 1498 1046 in
1531 996 1593 1049 eos

220 1086 354 1176 cadunt,
381 1088 436 1180 qui
462 1086 610 1159 moribus
637 1097 672 1159 et
697 1087 849 1159 doctrina
874 1086 1023 1182 reliquos
1050 1087 1260 1160 antecellunt.
1314 1088 1487 1187 Coptitae,
1515 1093 1592 1186 quia

221 1200 360 1273 Graecis
385 1207 617 1298 pauperiores,
644 1205 752 1275 minus
778 1202 854 1275 buic
874 1201 1052 1275 calamitati
1078 1204 1264 1296 subjacent,
1292 1227 1368 1277 eam
1385 1216 1495 1278 tamen
1523 1207 1591 1279 uli-
1676 1283 1679 1288 ,

220 1317 352 1413 quando
382 1339 450 1390 non
476 1317 644 1412 effugiunt.
696 1319 815 1414 Neque
842 1322 928 1392 enim
966 1319 1053 1414 apud
1084 1319 1214 1393 Tmcas
1240 1320 1449 1415 praefectos,
1476 1322 1593 1396 valent

220 1435 328 1524 magis
355 1437 563 1531 antiquorum
589 1434 769 1508 Calidorum
797 1443 853 1506 ant
886 1434 1099 1508 Sultanorum
1132 1436 1341 1532 Diplomata,
1373 1461 1459 1534 quae
1486 1438 1591 1512 Chri-

220 1550 339 1621 stianis-
359 1550 455 1643 leges
484 1574 562 1625 suas
587 1551 846 1624 Ecclesiasticus
872 1550 1122 1642 confirmabant,
1150 1552 1237 1625 adeo
1265 1563 1300 1625 nt
1326 1556 1381 1649 qui
1408 1555 1590 1628 secundum

220 1686 279 1736 eas
306 1665 404 1738 electi
432 1667 474 1739 ad
500 1690 690 1763 supremam
724 1668 916 1761 dignitatem
951 1666 1081 1756 lorent,
1106 1678 1180 1740 rata
1207 1677 1301 1741 esset
1329 1693 1445 1743 eorum
1472 1671 1592 1744 electio

219 1790 253 1852 ct
280 1782 424 1855 stabilita
451 1787 628 1858 autoritas:
668 1808 766 1880 qnam
793 1787 886 1881 ipsae
912 1782 989 1867 illae
1016 1783 1112 1878 leges
1138 1784 1418 1876 Ecclesiasticus,
1454 1809 1592 1883 quarum

218 1896 416 1970 beneficium
442 1881 619 1973 Christiani
653 1923 721 1973 non
757 1903 864 1972 minus
901 1899 1050 1973 Arabum
1084 1901 1278 1997 tyrannide,
1314 1925 1413 1998 quam
1446 1907 1591 1999 propriis

220 2018 288 2087 suis
316 2020 464 2110 peccatis
492 2021 681 2089 amiserunt

325 2129 442 2203 CLXI.
487 2134 539 2205 Dc
565 2133 724 2206 reditibus
750 2131 999 2205 Ecclesiasticis
1026 2135 1081 2229 qui
1107 2133 1151 2205 ad
1176 2132 1402 2206 Patriarcbam
1428 2142 1592 2230 spectant,

219 2248 333 2319 dicere
360 2248 473 2321 inutile
500 2259 567 2322 est:
601 2272 700 2324 omne
735 2251 822 2321 enim
850 2251 1016 2344 antiquum
1042 2248 1221 2323 Ecclesiae
1246 2248 1498 2323 Alexandrinae
1523 2272 1591 2346 pa-

219 2365 425 2452 trimonium,
458 2376 494 2437 ut
525 2376 560 2437 et
593 2366 720 2461 reliqua
751 2365 978 2443 Ecclesiarum
1014 2364 1104 2438 bona
1131 2364 1364 2438 Mnbamedani
1393 2365 1592 2440 devorave-

217 2489 304 2552 runt
358 2481 526 2567 Quasdam
564 2481 697 2570 domos,
732 2481 848 2554 hortos
884 2495 918 2555 et
949 2480 1069 2555 brndos
1102 2485 1157 2577 qui
1191 2482 1232 2554 ad
1264 2482 1455 2555 Ecclesiam
1487 2485 1594 2555 sancti

217 2595 325 2669 blanci
351 2597 557 2697 spectabant,
585 2595 679 2670 Cbnil
704 2599 780 2671 11⁰³.
808 2602 864 2693 qui
890 2602 976 2670 inter
990 2596 1201 2671 Patriarcbas
1218 2599 1340 2673 LVl¹¹¹.
1366 2597 1439 2694 luit,
1463 2610 1500 2671 ut
1526 2622 1593 2672 au-

217 2736 353 2790 reorum
373 2717 493 2809 viginti
512 2714 613 2787 millia
630 2723 902 2812 repraesentaret
926 2715 1022 2805 fisco,
1049 2714 1216 2786 distraxit:
1242 2715 1330 2787 unde
1357 2737 1499 2788 annuam
1525 2739 1593 2789 au-

216 2853 353 2905 reorum
379 2832 468 2904 mille
495 2832 689 2926 pensionem
715 2830 954 2903 Alexandrinis
987 2852 1026 2903 se
1060 2840 1095 2903 et
1127 2852 1345 2905 successores
1381 2854 1462 2905 suos
1493 2832 1593 2905 solu-

215 2958 312 3022 turos
339 2951 510 3045 promisit,
547 2969 634 3042 qnae
665 2956 785 3043 postea
821 2948 863 3019 ad
889 2947 1031 3019 mediam
1060 2958 1190 3043 partem
1215 2947 1352 3020 redacta
1378 2959 1440 3020 est.
1494 2947 1542 3019 lta
1573 2971 1594 3018 a

215 3066 329 3137 multis
356 3063 501 3138 saeculis
527 3062 604 3135 nibil
630 3045 753 3136 babent
778 3062 991 3136 Patriarcbae
1017 3073 1154 3158 praeter
1180 3061 1367 3136 oblationes
1394 3073 1428 3135 et
1454 3084 1592 3135 censum

214 3179 308 3252 illum
329 3202 426 3277 quern
450 3177 682 3252 aCbristianis
709 3180 772 3252 sibi
798 3179 957 3272 subjectis
976 3181 1179 3275 percipiunt:
1206 3182 1295 3253 etsi
1322 3202 1408 3275 qnae
1434 3182 1592 3252 necessi-

215 3305 270 3369 tas
282 3301 426 3389 ingrnat,
441 3295 483 3368 ad
494 3298 668 3368 simoniam
681 3296 897 3370 decessorum
911 3318 1047 3368 sucrum
1065 3294 1222 3391 exemplo
1242 3294 1447 3388 confugiunt.
1480 3296 1593 3368 Joan-

213 3436 280 3486 nes
301 3412 444 3485 blicbacl
468 3410 699 3501 Wanslebius,
726 3415 780 3508 qni
809 3421 887 3485 ante
911 3433 1017 3485 annos
1039 3411 1165 3506 aliquot
1195 3412 1237 3484 de
1260 3409 1467 3508 Coptitarnm
1492 3409 1593 3484 rebus

215 3529 486 3603 Commentarios
508 3528 663 3601 diversos
694 3528 806 3618 edidit,
827 3532 859 3601 in
882 3550 924 3600 eo
952 3529 1082 3623 quiesi
1112 3527 1156 3600 de
1181 3537 1268 3602 statu
1290 3527 1452 3600 hodierno
1481 3549 1594 3599 rerum

216 3647 371 3743 Aegypti
389 3669 435 3718 ex
451 3644 635 3741 aliquorum
649 3644 824 3732 relatione,
845 3643 960 3716 scribit
976 3644 1204 3718 Patriarcbam
1219 3647 1395 3743 percipere
1411 3668 1457 3717 ex
1475 3647 1593 3717 annuis

221 3760 386 3834 fructihm
410 3763 528 3854 viginti
551 3765 685 3833 circiter
705 3761 902 3833 'l'alerorum
923 3760 1035 3851 millia,
1060 3761 1148 3858 quod
1172 3773 1283 3834 tamen
1305 3760 1499 3834 incredibile
1529 3761 1593 3834 sibi

215 3877 326 3950 videri
357 3899 424 3949 non
452 3876 652 3968 dissimulat,
678 3900 743 3949 nec
769 3878 949 3949 immerito:
981 3881 1205 3972 nequeenim
1236 3903 1310 3951 cnm
1336 3876 1592 3951 florentissimae

215 3992 352 4065 fuerunt
376 3993 603 4066 Jaccbitarum
629 4014 702 4080 res,
730 4014 771 4063 ea
797 3992 952 4065 videntur
978 3993 1145 4089 opulentia
1172 3993 1289 4084 luisse,
1315 4005 1351 4066 ut
1377 4017 1493 4067 eorum
1519 3992 1592 4065 Pa-

215 4109 364 4189 triarcha
391 4119 515 4182 uniam
541 4112 642 4182 etiarn
668 4107 763 4181 malis
791 4107 916 4181 artibus
942 4115 1118 4205 pecuniam
1145 4110 1330 4204 colligeret
1423 4169 1429 4178 .

322 4225 486 4319 AdJungit
518 4234 616 4298 autor
641 4225 741 4315 idem,
767 4224 992 4298 Patriarcbam
1021 4224 1164 4299 Cabirae
1187 4229 1257 4319 jam
1284 4227 1405 4299 dudum
1430 4225 1592 4315 babitare,

216 4365 293 4415 cum
320 4342 552 4415 Alexandriae
580 4342 736 4439 Coptitae
767 4345 958 4439 paucissimi
985 4346 1171 4440 supersint,
1199 4366 1382 4439 corumque
1407 4340 1590 4413 habitatio-

215 4481 281 4531 nes
307 4458 415 4532 lerme
441 4458 630 4532 destructae
656 4462 729 4532 sint.
781 4459 925 4532 Domum
958 4463 1030 4553 ejus
1064 4457 1206 4532 Gabinae
1232 4482 1311 4534 esse
1337 4462 1370 4531 in
1395 4460 1475 4530 vico
1502 4456 1591 4530 dicto

216 4574 326 4648 Haret
350 4575 494 4666 Zodilet,
520 4579 613 4667 cujus
640 4574 798 4670 frequens
826 4575 913 4672 apud
940 4586 1074 4648 autores
1100 4579 1261 4650 memoria
1289 4585 1356 4664 est,
1382 4596 1490 4671 prope
1514 4571 1591 4645 Ec-

217 4692 357 4766 clesiam
385 4692 422 4763 B.
450 4692 578 4765 Mariae
608 4694 741 4764 nomine
774 4692 929 4764 dicatam:
966 4703 1022 4764 aut
1056 4692 1199 4766 Misrae
1215 4715 1301 4787 quae
1334 4701 1432 4765 vetus
1468 4687 1591 4762 Cabira

218 4818 274 4880 est
300 4808 448 4900 degere,
489 4811 522 4880 in
554 4811 632 4881 vico
667 4811 722 4902 qui
754 4808 829 4880 binc
862 4808 1047 4906 appellatur
1081 4808 1422 4896 Horat-el-Butrulr,
1447 4808 1512 4880 boc
1539 4817 1592 4878 cst

217 4928 317 4998 vicus
353 4923 601 4998 Patriarcbalis:
636 4924 693 4997 ubi
728 4935 781 4999 est
811 4925 966 4998 Ecclesia
1001 4928 1106 4998 sancti
1140 4925 1314 4998 Mercurii:
1350 4920 1526 5017 aliquando
1557 4924 1591 5016 in

218 5037 426 5114 Monasterio
451 5041 493 5113 l).
521 5041 662 5135 Georgii
687 5045 721 5113 in
746 5041 872 5115 Misrae
905 5041 1084 5131 suburbio,
1120 5054 1176 5116 aut
1207 5040 1311 5114 Gizae
1351 5041 1436 5115 ultra
1469 5038 1590 5113 Nilum.
