4525 6034
778 579 828 656 or
846 578 988 657 rutra
1014 579 1186 657 corriti.
1549 579 1675 653 CXVII

301 770 492 863 gyptiaeas,
518 789 587 839 non
614 791 635 840 a
661 764 802 840 Graecis
829 766 871 839 ad
898 790 981 841 suae
1005 767 1287 862 linguaegenium
1313 793 1375 867 per
1397 769 1568 863 adjunctas
1596 780 1674 843 ter-

301 887 515 976 minationeS,
529 889 598 959 τοῦ
623 913 654 968 ις
672 882 834 975 inflexas,
869 906 951 979 quas
983 895 1106 974 tamen,
1141 895 1176 956 ut
1207 886 1389 978 radicatas,
1429 897 1527 959 autor
1567 889 1674 982 accipi

300 1000 428 1091 voluit,
461 1000 537 1073 dum
569 1004 604 1072 in
637 999 842 1096 etymologia
883 1000 1007 1094 aliquot
1045 1003 1213 1074 nominum
1251 1002 1383 1094 Regum
1417 1006 1568 1100 Aegypti
1601 1027 1671 1076 ve-

302 1130 412 1191 terum
436 1116 515 1190 lusit
540 1121 620 1191 satis
645 1115 829 1189 infeliciter.
882 1116 969 1188 Nam
996 1139 1070 1188 cum
1097 1102 1211 1190 omnia
1232 1117 1339 1191 ferme
1364 1122 1398 1190 in
1430 1149 1484 1218 ρις
1509 1121 1671 1211 desinant,

302 1265 350 1333 ρη
377 1245 494 1306 autem·
513 1234 618 1306 solem
652 1232 834 1326 significet,
867 1256 965 1329 quem
998 1242 1159 1306 summum
1193 1233 1302 1306 Deum
1336 1234 1396 1308 sub
1432 1239 1536 1309 variis
1572 1236 1672 1309 titulis

301 1354 469 1447 Aegyptii
481 1348 650 1440 colebant,
663 1352 840 1446 perspicua
866 1348 998 1421 illorum
1026 1354 1123 1442 origo
1152 1361 1219 1423 est:
1247 1351 1302 1422 ille
1327 1374 1413 1425 vcro
1440 1381 1471 1436 ις
1496 1352 1568 1425 vult
1594 1375 1672 1426 esse

301 1465 507 1540 Hebraicnm
534 1468 634 1558 wilt,
675 1466 764 1561 quod
791 1475 900 1537 tamen
931 1464 1026 1537 litera
1062 1465 1187 1557 finitur,
1223 1490 1310 1562 quac
1347 1467 1486 1542 Graecis
1521 1472 1674 1541 inusitata

303 1606 439 1681 semper
465 1582 532 1655 brit.

408 1701 536 1772 Vamm
569 1699 742 1795 Copticam
782 1699 1029 1794 quaHscunrque
1069 1701 1129 1789 sit,
1170 1699 1316 1791 linguam
1358 1713 1434 1774 ante
1474 1704 1672 1797 quingentos
1703 1736 1810 1806 Copae„
1828 1736 1911 1806 ,aaa
1926 1753 1995 1793 auae

303 1840 411 1891 armos
439 1821 473 1889 in
498 1838 561 1889 usu
588 1818 673 1888 inter
700 1813 906 1888 Christianos
923 1816 1114 1913 Aegyptios
1133 1814 1249 1903 fuisse,
1276 1815 1421 1913 probant
1444 1818 1535 1890 multi
1561 1818 1889 1895 histo-eointecmo
1903 1826 1995 1894 viguit

302 1938 377 2009 riae
401 1932 655 2009 Alexandrinae
680 1930 756 2004 loci.
797 1932 947 2005 Sevems
982 1935 1037 2026 qui
1069 1935 1194 2027 primus
1225 1930 1270 2002 illi
1303 1934 1500 2008 scribendae
1536 1957 1672 2032 operam

305 2051 408 2141 dedit,
433 2058 574 2123 testatur
601 2048 745 2141 adjutum
771 2070 809 2120 se
837 2072 857 2119 a
884 2047 1027 2143 quodam
1051 2045 1205 2121 Diacono
1231 2047 1427 2140 Abuhabib,
1455 2050 1497 2121 ad
1524 2052 1673 2125 transla-

303 2173 430 2241 tionem
455 2170 546 2238 vitae
573 2164 787 2262 quorumdam
822 2163 1104 2237 Patriarcharum:
1139 2172 1174 2235 at
1206 2165 1346 2238 vivebat
1377 2165 1433 2238 ille
1466 2167 1602 2240 saeculo
1629 2168 1672 2242 X.

303 2285 399 2358 Vara
426 2283 511 2355 filius
536 2282 635 2373 Reja,
671 2281 713 2352 de
739 2303 811 2377 quo
832 2279 925 2371 alibi,
953 2302 1015 2377 per
1039 2279 1233 2354 miraculum
1260 2281 1302 2352 ad
1328 2279 1547 2355 Christianam
1573 2282 1672 2357 fidem

303 2421 509 2490 conversus,
539 2402 573 2470 in
599 2421 641 2470 ea
666 2401 789 2470 institui
816 2402 927 2504 coepit
962 2421 982 2468 a
1009 2394 1194 2469 Sacerdote
1228 2396 1403 2472 Ecclesiae
1436 2404 1542 2471 sancti
1575 2399 1674 2472 Mer-

302 2522 399 2608 curii,
426 2520 482 2611 qui
508 2515 697 2610 Scripturas
723 2513 768 2585 illi
808 2538 854 2586 ex
888 2511 1029 2615 Coptico
1064 2513 1212 2587 Arabica
1245 2514 1531 2611 interpretabatur.
1585 2518 1674 2589 Ante

303 2639 505 2732 quingentos
539 2631 739 2726 etamplius
776 2653 881 2705 annos
914 2629 1030 2725 Yupab
1064 2629 1256 2703 Patriarcba
1289 2655 1403 2704 coram
1430 2631 1672 2707 Muhamedano

302 2749 481 2825 Praefecto
509 2744 649 2842 Coptica
675 2747 815 2843 loquens
842 2746 885 2819 ad
910 2745 1111 2842 Episcopus,
1139 2749 1288 2841 proditus
1319 2759 1371 2822 est
1397 2772 1416 2819 a
1445 2749 1588 2843 quodam
1615 2755 1672 2822 in-

303 2866 406 2956 fideli,
432 2865 566 2957 linguae
591 2863 678 2935 illius
705 2868 822 2958 perito.
849 2863 983 2935 Marcus
1010 2861 1093 2934 filius
1119 2861 1302 2937 Elkorbari
1328 2866 1484 2937 infinitam
1506 2865 1672 2937 hominmu

305 2981 562 3085 multitudinem
583 2980 625 3051 ad
660 3003 699 3052 se
740 2984 842 3052 traxit
876 2979 1071 3052 duodecimo
1108 2978 1263 3069 sacculo,
1302 2983 1378 3075 quia
1405 2981 1594 3077 Scripturas
1628 3004 1673 3052 ex

307 3101 457 3195 Copticis
483 3095 575 3169 libris
603 3097 803 3192 exponebat.
855 3099 943 3169 Acta
975 3106 1009 3167 et
1042 3099 1257 3168 instrumenta
1285 3098 1358 3168 talis
1386 3101 1516 3187 aetatis,
1543 3108 1577 3168 et
1602 3119 1672 3169 ve·
1797 3192 1804 3199 ι

305 3222 446 3289 tustiora
474 3218 571 3285 etiam
607 3216 815 3307 reperiuntur
845 3217 969 3310 scripta
987 3212 1139 3311 Coptica,
1165 3223 1299 3306 praeter
1316 3212 1498 3306 Liturgias,
1526 3223 1558 3284 et
1586 3210 1671 3284 Olli-

306 3338 360 3406 cia
386 3329 650 3404 Sacramentalia
676 3332 790 3418 varia,
817 3318 955 3424 qubrum
982 3331 1126 3401 omnium
1153 3332 1326 3423 antiquitas
1351 3327 1524 3427 Epocham
1550 3354 1570 3401 a
1596 3334 1670 3401 viro

306 3450 502 3523 doctissimo
529 3449 738 3519 constitutam
764 3443 888 3540 aliquot
914 3467 1075 3517 annorum
1102 3449 1258 3519 centuriis
1275 3451 1458 3519 antevertit.
1486 3445 1555 3519 Sed
1583 3446 1671 3542 quod

304 3566 457 3657 negavit,
485 3560 658 3657 Copticam
683 3560 828 3654 linguam
853 3584 991 3656 usquam
1018 3572 1178 3632 terrarum
1206 3564 1239 3633 in
1265 3586 1327 3635 usu
1350 3562 1467 3652 fuisse,
1494 3566 1671 3659 perspicue

306 3679 468 3753 refellitur
495 3680 671 3749 autoritate
697 3676 849 3750 hlalrririi
883 3680 1022 3769 insignis
1050 3675 1264 3773 Geographi,
1297 3682 1351 3773 qui
1379 3679 1420 3751 da
1445 3678 1584 3751 Osiouta
1611 3676 1670 3749 lo-

308 3817 425 3891 quens,
450 3798 572 3886 vigere
600 3816 661 3865 suo
688 3803 838 3889 tempore
864 3792 929 3864 illic
949 3816 1044 3865 usum
1068 3791 1203 3884 linguae
1217 3791 1377 3891 Copticaa
1393 3798 1545 3890 purioris,
1574 3817 1672 3890 quam

306 3912 506 3984 Sabidienus
531 3919 668 3997 vocant,
694 3919 843 3997 testatur,
870 3918 904 3980 et
930 3908 1015 3980 idem
1043 3907 1084 3980 ab
1112 3909 1184 3981 aliis
1219 3932 1286 3982 non
1312 3912 1495 4004 nugacibus
1522 3915 1671 4007 scripto-

307 4027 399 4100 ribus
413 4029 595 4098 memoriae
613 4025 776 4120 proditum
797 4035 858 4098 est.
894 4023 1043 4095 'landem
1070 4048 1114 4096 ne
1139 4027 1233 4122 plura
1262 4031 1446 4099 testimonia
1473 4026 1672 4118 referantur,

309 4142 397 4238 quod
422 4146 457 4214 in
483 4142 549 4214 alio
576 4141 653 4214 loco
681 4167 701 4214 a
727 4141 824 4215 nobis
850 4140 1083 4237 praestabitur,
1111 4140 1266 4217 discimus
1293 4167 1339 4216 ex
1360 4144 1529 4238 Opusculo
1545 4143 1672 4215 Gram-

308 4263 429 4333 matico
455 4256 630 4331 Athanasii
656 4257 815 4353 Episcopi
839 4257 910 4328 Kus
936 4259 969 4328 in
995 4257 1185 4349 Thebaide,
1219 4260 1295 4332 olim
1323 4260 1511 4356 Scripturas
1539 4263 1571 4330 in
1598 4258 1672 4330 Ec-

232 4440 235 4453 ,
309 4374 412 4446 clesia
439 4372 571 4445 Graece
597 4373 702 4446 lectas
727 4372 844 4463 fuisse,
871 4383 905 4444 et
930 4383 1048 4468 postca
1076 4373 1217 4470 Coptice
1244 4401 1264 4448 a
1286 4374 1522 4449 Sacerdotibus
1549 4376 1672 4471 populo

309 4494 559 4586 interpretatas:
587 4501 621 4561 at
646 4512 721 4561 cum
749 4489 901 4561 Graecae
927 4487 1060 4582 linguae
1085 4491 1236 4584 vulgaris
1263 4516 1344 4566 usus
1370 4495 1498 4588 penitus
1533 4495 1673 4563 interci-

310 4606 424 4697 disset,
448 4606 525 4678 illas
551 4605 655 4679 lectas
681 4604 785 4679 fuisse
811 4601 968 4700 Coptice:
996 4609 1299 4704 interpretationem
1325 4608 1414 4703 plebi
1440 4607 1552 4700 lingua
1576 4610 1673 4683 Ara-

311 4721 385 4794 bica
410 4721 545 4794 factam.
597 4722 690 4794 Haec
717 4732 751 4794 et
777 4722 895 4795 similia
921 4745 1007 4817 quac
1033 4728 1132 4796 certis
1145 4735 1294 4796 autorum
1322 4716 1515 4797 testimoniis
1544 4726 1672 4798 confu-

311 4848 450 4931 mantur,
478 4840 508 4909 si
533 4838 668 4930 Vossio,
695 4849 728 4911 et
755 4838 827 4910 aliis
855 4842 909 4933 qui
942 4841 1014 4930 ejus
1048 4843 1257 4932 conjecturas
1294 4843 1398 4913 secuti
1429 4851 1523 4930 sunt,
1558 4844 1672 4935 ignota

312 4952 422 5045 hiere,
452 4976 519 5025 non
551 4964 660 5026 umen
696 4959 802 5029 minus
834 4977 918 5028 vera
953 4966 1036 5028 sunt.
1088 4956 1175 5030 Naru
1210 4980 1285 5029 cnm
1320 4957 1467 5049 linguam
1500 4954 1671 5054 Copticam

314 5073 406 5141 annis
440 5072 627 5166 quingentis
670 5074 887 5145 vetustiorem
920 5095 998 5146 esse
1037 5095 1230 5166 negavere,
1265 5074 1459 5149 nesciebant
1496 5074 1600 5149 libros
1638 5079 1673 5148 in
