4525 6034
552 594 603 671 tu
636 591 921 670 tttuttstls
955 590 1229 720 titillent.
1506 591 1569 709 et

209 781 282 866 gelii
303 779 404 843 Lucae
426 798 493 860 cap.
517 776 569 841 22.
592 798 622 840 v.
646 777 697 842 20.
719 774 820 841 τοῦτο
847 764 886 839 τὸ
915 767 1089 862 ποτήριον,
1122 766 1144 861 ἦ
1172 764 1267 862 καινὴ
1295 763 1441 862 διαθήκη
1467 767 1501 839 ἐν
1529 773 1576 859 arf

210 873 327 958 αἵματί
347 897 414 958 μου
435 869 475 940 τό
497 868 581 963 ὑπὲρ
603 866 694 956 ὐμῶν
715 863 932 955 ἐκχυνόμεναν.
974 877 1032 939 Hic
1053 877 1140 939 colio
1160 896 1270 939 nocam
1292 884 1498 939 testamentum
1519 885 1575 954 est,

208 982 241 1042 io
262 998 329 1042 meo
349 979 516 1059 maguam
536 979 590 1059 gui
610 976 723 1052 (calix)
734 996 796 1056 pro
810 975 898 1037 nebu
911 973 1072 1056 effundite
1092 978 1124 1038 ia
1146 978 1351 1038 remissionem
1368 985 1575 1055 peccatorum.

208 1079 253 1141 Ea
276 1079 369 1141 verba
392 1077 430 1140 ad
452 1078 577 1140 calicem
598 1076 708 1139 reterri
729 1074 914 1138 manifestum
938 1083 1004 1153 est,
1032 1093 1132 1157 neque
1164 1075 1193 1138 id
1223 1094 1337 1158 negare
1366 1076 1447 1139 Beza
1468 1079 1576 1158 potuit,

208 1179 264 1242 sed
278 1178 519 1260 soloecophanes
531 1177 596 1240 vult
607 1195 687 1254 esse,
711 1184 743 1238 ut
764 1175 802 1238 ad
824 1174 1004 1259 sanguinem
1025 1175 1186 1254 referatur,
1210 1183 1260 1238 aut
1282 1176 1436 1239 emendari
1457 1194 1577 1239 sacrum

208 1276 362 1355 codicem,
385 1285 491 1342 contra
513 1276 728 1358 exemplarium
750 1275 879 1337 omnium
901 1274 1004 1337 fidem:
1028 1282 1109 1337 muta
1123 1275 1445 1357 estscripturariorum
1458 1276 1578 1340 illorum

208 1379 331 1461 religio.
375 1377 531 1455 atvero,
560 1384 593 1439 ut
622 1377 661 1440 de
688 1375 799 1438 Latinis
828 1371 1013 1456 Graecisque
1036 1373 1201 1458 Theologis
1223 1383 1389 1453 taceamus,
1420 1378 1470 1459 qui
1501 1376 1577 1440 haec

207 1478 305 1540 uerba
328 1476 365 1539 ad
387 1476 511 1539 calicem
533 1475 687 1553 referunt,
718 1474 887 1538 Orientales
909 1474 1018 1536 rituum
1039 1473 1242 1555 lnterpretes,
1265 1475 1440 1539 effusionem
1463 1476 1577 1555 calicis,

208 1596 269 1658 qua
292 1575 485 1640 adumbretur
506 1583 539 1638 et
560 1582 807 1657 repraesentetur
829 1572 1046 1655 quodammodo
1062 1573 1169 1636 effusio
1181 1577 1335 1657 sanguinis
1347 1574 1468 1656 Christi,
1480 1579 1579 1661 signi·

207 1677 295 1740 liceri
317 1683 474 1739 testantur.
519 1674 604 1737 Unde
626 1681 747 1737 monent
769 1672 890 1736 Gabriel
912 1672 1137 1736 Alexandrinus
1160 1674 1330 1738 Patriarcha
1353 1677 1465 1753 etalii,
1487 1685 1520 1739 ut
1543 1698 1579 1741 eo

207 1776 278 1838 loeo
300 1775 454 1837 Socmdos
476 1776 600 1837 colicam
621 1775 727 1836 leviter
746 1774 882 1849 maleas,
912 1775 954 1835 od
975 1771 1148 1854 effudortem
1169 1776 1326 1855 εαιῳαίιιίε
1348 1774 1461 1838 Christi
1481 1779 1580 1858 dorni-

206 1876 372 1955 ticoudom,
416 1874 520 1955 ltaque
550 1893 590 1936 ex
620 1873 738 1935 illorum
767 1873 930 1951 sententia,
960 1890 1071 1955 eorpus
1094 1871 1206 1935 Christi
1229 1874 1309 1955 quod
1331 1875 1361 1936 in
1384 1874 1580 1939 Sacramenta

207 1974 379 2055 frangitur,
411 1982 457 2036 est
479 1973 581 2054 panis,
612 1990 684 2036 mox
706 1973 822 2035 tuturus
846 1989 957 2054 eorpus
981 1971 1106 2036 Christi:
1143 1971 1272 2059 Sanguis
1300 1975 1370 2037 novi
1399 1974 1582 2038 Testamenti

208 2075 264 2154 qui
278 2073 449 2148 effunditur,
461 2074 560 2135 vinum
576 2080 622 2134 est
637 2072 723 2135 calici
735 2072 875 2151 inlusum,
890 2090 962 2135 mox
971 2071 1209 2135 convertendum
1222 2072 1252 2133 in
1268 2075 1445 2157 sanguinem
1460 2072 1581 2137 Christi.

208 2175 272 2248 Qui
294 2174 387 2255 igitur
408 2159 503 2236 rerba
525 2173 581 2234 ista
603 2161 642 2234 cd
666 2160 749 2257 ὑπὲρ
771 2162 861 2257 ἡμῶν
882 2157 1057 2250 κλώμενοι,
1090 2178 1142 2234 aut
1163 2178 1196 2233 ut
1218 2170 1285 2234 aliis
1306 2172 1337 2236 in
1359 2172 1501 2256 liturgiis
1524 2175 1581 2237 ha-

208 2275 304 2337 betur
324 2261 569 2350 besardescos,
594 2271 725 2334 tollenda
748 2279 818 2334 sunt
847 2272 999 2351 arbitrati,
1022 2289 1081 2334 non
1104 2271 1193 2335 modo
1216 2271 1378 2336 hodiernos
1395 2272 1581 2341 Christianos

116 2414 120 2421 ·
208 2372 396 2448 Orientales,
418 2370 473 2434 sed
495 2378 587 2435 tcum
609 2371 778 2434 Ecclesiam
789 2370 974 2434 Orientalem
988 2378 1019 2434 et
1032 2370 1253 2437 occidentalem
1269 2372 1479 2452 condemnant,
1503 2393 1581 2455 quae

209 2473 272 2536 illis
294 2489 350 2535 usa
372 2480 429 2548 est,
452 2478 560 2534 autore
581 2469 673 2533 Paulo
696 2470 847 2552 Apostolo
870 2472 921 2552 qui
942 2470 1049 2534 eadem
1070 2470 1183 2550 refert,
1205 2479 1237 2535 et
1259 2471 1420 2535 Corinthiis
1443 2474 1582 2539 inculcat.

207 2574 289 2636 Nam
302 2573 351 2652 qui
374 2590 410 2633 ea
432 2570 528 2633 forma
551 2570 713 2633 verborum
734 2589 794 2634 non
817 2569 1093 2649 utebanturLatini,
1116 2569 1242 2634 Graecis
1265 2573 1378 2635 crimen
1400 2590 1460 2636 raon
1481 2574 1583 2655 impe-

209 2681 343 2756 gerunt,
366 2672 454 2733 etiam
477 2689 544 2733 cum
565 2669 638 2732 nihil
661 2688 757 2753 prope
781 2672 810 2733 in
833 2670 990 2753 disciplina
1014 2688 1139 2752 eorum,
1161 2671 1252 2755 rigidi
1274 2689 1418 2735 censores
1440 2672 1583 2737 intactum

208 2772 425 2855 praeterirent.
464 2817 472 2827 .

303 2869 445 2949 Sequitur
466 2868 561 2931 forma
582 2867 784 2932 benedicendi
806 2869 926 2944 calicis,
950 2887 1037 2951 mam
1059 2869 1197 2931 similiter
1219 2869 1381 2932 immutavit
1404 2869 1494 2934 editio
1517 2869 1583 2934 llo-
1629 2870 1723 2923 Forma
1733 2869 1907 2925 benedicendi

209 2987 302 3032 mana
326 2967 455 3031 hlissalis
478 2967 639 3048 Chaldaici,
662 2976 696 3031 ut
716 2968 841 3031 Latinae
864 2967 1009 3032 formulae
1033 2967 1201 3050 syllabatim
1222 2968 1434 3050 responderet,
1457 2970 1582 3052 adjectis
1595 2957 1691 3010 coticis.

209 3067 273 3129 illis
297 3069 411 3146 verbis,
433 3068 607 3151 Mysterr‘um
626 3069 709 3148 fidei,
731 3086 809 3149 quae
831 3086 891 3130 non
913 3067 1003 3131 modo
1026 3069 1056 3129 in
1070 3066 1196 3131 Graecis
1218 3076 1269 3130 aut
1291 3067 1492 3133 Orientalibus
1514 3069 1583 3133 ullis

209 3168 359 3249 Liturgiis
380 3185 442 3230 non
464 3167 621 3247 habentur,
644 3166 699 3230 sed
722 3186 821 3248 neque
844 3169 872 3228 in
887 3168 980 3230 Missa
995 3168 1183 3231 llosarabioa
1205 3167 1457 3232 etAmbrosiana.
1480 3168 1584 3231 Lectio

211 3285 306 3348 quam
328 3269 533 3349 expressimus
556 3268 750 3331 confinnatur
769 3269 929 3330 autoritate
942 3268 1015 3330 blss.
1030 3266 1176 3331 Codicum
1198 3268 1250 3349 qui
1272 3267 1344 3329 illud
1365 3260 1488 3331 ἔδωκεν
1510 3258 1586 3352 ἡμῖν

209 3368 287 3440 τοῖς
309 3354 413 3429 αὐτοῦ
433 3366 613 3451 μαθηταῖς.
649 3366 743 3428 Dedit
762 3367 850 3429 nohis
871 3368 1027 3447 discipulis
1048 3368 1127 3443 usia,
1157 3366 1237 3448 quod
1267 3365 1379 3449 legitur
1408 3369 1438 3429 in
1467 3367 1586 3431 Graeco

211 3474 314 3544 textu,
336 3484 396 3528 non
419 3474 594 3548 agnoscunt
634 3465 735 3528 Verba
757 3475 857 3529 autem
879 3465 941 3545 illa,
964 3465 1002 3529 ad
1024 3467 1343 3548 mayoremtiturgiae
1366 3466 1586 3550 Hierosolymi-

210 3575 306 3629 tanae
331 3565 504 3649 dignitatem
527 3565 765 3647 comparandam,
789 3586 829 3629 ex
851 3565 1119 3631 Constitutionibus
1134 3564 1327 3630 Clementinis
1350 3566 1494 3630 translata
1516 3586 1587 3631 esse

210 3667 381 3733 verisimile
404 3667 523 3729 videtur
530 3687 539 3743 3
562 3667 733 3749 factumque
755 3666 785 3730 id
807 3668 905 3730 serius
928 3666 1121 3750 intelligitur,
1149 3684 1215 3730 cum
1244 3666 1360 3749 Syriaci
1384 3665 1512 3731 Codices
1539 3669 1587 3730 si·

210 3767 287 3830 mile
310 3766 380 3829 nihil
403 3768 587 3830 contineant.

305 3865 434 3930 Codices
459 3865 656 3950 Aegyptiaci,
686 3865 767 3948 quod
796 3866 866 3929 abbi
895 3872 1027 3928 notatum
1050 3874 1113 3945 est,
1141 3873 1174 3928 ut
1203 3867 1293 3929 etiam
1314 3867 1486 3932 Nestoriani
1508 3868 1587 3953 adji-

211 3969 300 4031 ciunt
314 3967 471 4028 Grutooit:
494 3975 525 4029 et
540 3966 674 4049 quamvis
688 3964 757 4047 Syri
769 3966 925 4030 Jacobitae
949 3967 979 4028 in
1001 3966 1075 4045 suis,
1097 3965 1192 4048 vulgo
1214 3965 1265 4029 illa
1286 3967 1381 4031 verba
1403 3987 1465 4033 non
1487 3986 1588 4051 agno-

212 4073 320 4142 scant,
349 4082 408 4128 nec
435 4066 514 4129 enim
543 4073 646 4129 extant
673 4067 730 4128 nisi
764 4066 795 4127 in
824 4065 958 4147 Liturgia
987 4064 1125 4129 Dioscori
1162 4063 1393 4148 Gordiaeensis,
1424 4075 1455 4131 et
1483 4070 1587 4150 paucis

134 4182 138 4207 ¹
212 4167 296 4245 aliis,
321 4173 419 4228 tamen
442 4163 592 4229 Christum
614 4165 715 4229 edisse
738 4173 768 4228 et
789 4165 903 4229 bibisse
926 4183 1119 4247 excerpere
1143 4171 1174 4227 et
1195 4167 1343 4250 sanguine
1365 4186 1421 4231 suo
1444 4168 1588 4231 adlnnant

214 4265 402 4329 orientales.
444 4265 580 4328 videnda
602 4283 679 4346 quae
702 4265 857 4329 retulimus
880 4285 920 4328 ex
941 4264 1106 4329 Barsalibio
1129 4273 1160 4328 et
1187 4265 1271 4346 aliis,
1301 4265 1520 4331 Commentario
1549 4268 1586 4331 ad
1633 4269 1664 4322 P·
1682 4270 1745 4324 2¹5·

212 4365 322 4429 Basilii
343 4364 517 4446 Liturgiam.

307 4464 408 4527 Verba
431 4462 541 4527 Christi
562 4465 798 4544 sacramentalia,
822 4481 883 4527 uno
905 4473 1012 4527 tenore
1033 4465 1266 4544 pronuntiantur
1296 4482 1313 4525 a
1344 4463 1509 4528 Sacerdote
1532 4484 1589 4529 ce-

215 4567 376 4641 lebrante,
399 4582 457 4627 nec
479 4564 509 4626 in
531 4565 660 4646 antiquis
683 4562 844 4627 Codieibus
866 4571 916 4627 aut
937 4563 1158 4627 recentioribus
1179 4564 1278 4628 bonae
1299 4573 1407 4642 notae,
1428 4565 1589 4629 dilllnditur

214 4667 343 4730 illorum
357 4664 494 4728 recitatio
505 4682 562 4745 per
568 4664 674 4740 Amen,
692 4671 743 4727 aut
755 4662 1049 4745 perConlessionem
1060 4663 1140 4742 fidei,
1153 4664 1231 4726 sieut
1245 4664 1275 4726 in
1288 4663 1421 4744 Copticis
1433 4664 1588 4748 Liturgiis.

216 4766 350 4828 Tantum
373 4771 443 4845 post
466 4764 565 4826 ultima
589 4781 666 4845 quae
688 4781 782 4844 super
808 4763 932 4826 calicem
959 4762 1086 4826 dicenda
1112 4771 1197 4842 sunt,
1227 4763 1357 4845 populus
1386 4762 1457 4826 dicit
1482 4764 1587 4845 men,

214 4874 253 4928 ut
278 4865 308 4926 in
332 4866 448 4926 Graeca
470 4862 604 4946 Liturgia
626 4861 741 4941 iacobi,
765 4870 795 4924 et
818 4862 883 4924 aliis
905 4861 1039 4944 ejusdem
1061 4862 1197 4946 linguae.

309 4963 495 5027 Elevationis
517 4961 722 5026 Eucharistiae
745 4960 803 5024 hoc
826 4961 893 5025 loco
917 4963 1026 5025 mentio
1052 4960 1132 5023 nulla
1163 4970 1227 5038 est,
1256 4981 1323 5025 cum
1352 4964 1411 5026 ritu
1443 4963 1589 5027 Orientali
1635 4976 1754 5030 Elevauo
1778 4977 1911 5031 hocloco

215 5082 283 5127 non
307 5064 368 5140 liat,
390 5063 447 5126 nisi
470 5080 538 5125 curn
560 5061 679 5142 dicitur,
702 5061 817 5125 Sancta
838 5062 967 5140 coneda,
991 5060 1080 5142 paulo
1103 5070 1174 5125 ante
1187 5061 1451 5145 'Communionem
1473 5071 1507 5126 ut
1529 5064 1588 5126 ob-
1601 5077 1653 5117 non
1670 5064 1697 5116 tlt
1714 5065 1741 5117 in
1759 5060 1873 5119 oriente
