4525 6034
528 562 581 637 Ab
603 556 901 637 bumoldnolns
916 561 1098 639 VASORUM
1116 560 1327 639 sudantur.
1536 564 1613 638 303

235 746 322 809 Actis
337 743 515 825 Martyrum,
539 743 639 807 Gestis
654 741 924 807 Proconsularibus
948 743 1096 807 adversus
1117 744 1303 826 Donatistae,
1327 746 1501 827 Prudentio,
1526 747 1613 810 aliis·

232 862 292 924 que
315 844 471 906 autoribus
493 843 551 905 viri
574 842 738 906 doctissimi
760 838 982 922 probaverunt;
1005 850 1036 905 et
1050 861 1112 909 non
1127 843 1169 906 ita
1184 844 1301 924 pridem
1323 844 1492 908 Cardinalis
1517 845 1611 909 Bona.
1676 867 1738 919 lter.
1756 866 1850 937 uturp.
1875 867 1891 920 ι
1911 870 1937 922 1.

230 944 275 1006 Ea
297 960 375 1005 vero
398 960 472 1004 rasa
494 960 583 1005 sacra
606 941 742 1014 conflari,
765 949 817 1003 aut
839 941 940 1018 vendi,
964 959 1026 1003 non
1044 942 1138 1018 licuit,
1161 950 1289 1024 excepta
1314 960 1406 1007 causa
1429 945 1610 1024 captivitatis
1624 969 1647 1004 ο.
1665 953 1710 1003 25.

231 1050 281 1103 aut
303 1039 402 1118 lamis,
424 1048 458 1103 nt
479 1040 607 1104 babetur
628 1042 660 1103 in
683 1040 796 1104 Codice
811 1039 1018 1115 iustinianeo;
1041 1041 1123 1122 quod
1139 1042 1235 1103 sancti
1257 1042 1342 1105 multi
1364 1041 1513 1121 iecerunt,
1536 1061 1608 1124 per·
1642 1035 1701 1089 Μ
1713 1038 1729 1091 l·
1740 1038 1846 1091 ΛΜ
1854 1039 1884 1100 d·
1893 1040 1939 1092 21.

230 1141 373 1220 misitque
395 1138 564 1222 Gregorius
586 1139 726 1221 llagous.
771 1138 812 1200 At
839 1140 870 1200 in
898 1156 971 1202 usus
994 1138 1140 1220 proianos
1171 1141 1327 1219 converti,
1357 1141 1551 1224 sacrilegium
1582 1122 1937 1205 qureq.Ep.l.6.Ep.13.

231 1238 351 1318 quidem
376 1239 587 1319 gravissimum
606 1236 771 1319 Judicatum
794 1253 917 1316 semper
945 1236 1018 1316 luit,
1052 1244 1085 1300 ut
1115 1237 1244 1301 babetur
1272 1239 1304 1300 in
1331 1238 1468 1319 Epistola
1497 1210 1781 1347 Synodigo3⁵ff⁰5⁶⁸
1795 1211 1811 1263 L
1824 1211 1938 1267 Μ’·

230 1336 458 1399 Alexandrinae
486 1339 568 1400 inter
595 1354 691 1416 opera
722 1335 896 1410 Athanasii,
933 1338 985 1417 qui
1014 1343 1175 1399 accusatus
1207 1337 1245 1399 ab
1274 1336 1397 1400 Arianis
1426 1338 1612 1403 calumniose
1656 1313 1679 1347 ι’
1706 1334 1713 1348 ’
1750 1334 1758 1348 ’

231 1434 340 1513 luerat,
364 1435 445 1516 quod
468 1435 594 1498 calicem
617 1433 830 1516 confregisset
875 1433 1019 1515 Quisquis
1039 1434 1193 1497 bominum
1214 1436 1330 1511 colens,
1352 1437 1512 1517 mysticum
1531 1440 1612 1500 coii-

231 1553 296 1595 csm
315 1533 464 1615 srmtqere
485 1536 576 1608 nand,
606 1534 770 1613 inpietatis
796 1552 881 1595 ream
907 1522 940 1595 se
959 1532 1048 1611 facit.
1081 1532 1120 1594 Et
1144 1531 1388 1613 Chrysostomus.
1433 1533 1539 1599 Nonne
1560 1539 1613 1598 oi-
1659 1549 1720 1619 οῠχ
1742 1548 1802 1621 ὁρᾶς
1824 1548 1858 1602 τὰ
1878 1551 1938 1619 ἅγια

231 1633 287 1693 des
308 1651 404 1694 sacro
425 1634 487 1694 istc
508 1634 611 1693 casn?
632 1650 731 1692 omme
752 1632 796 1693 od
817 1650 907 1693 mum
929 1633 1020 1694 modo
1039 1650 1240 1711 scriperem
1254 1633 1373 1694 iliorum
1387 1635 1455 1694 est?
1475 1634 1709 1696 Andetnewiw
1744 1635 1839 1700 assir.-
1876 1635 1939 1705 οὖκὶ

231 1731 345 1810 aliquis
363 1732 407 1793 od
428 1731 507 1792 ulios
527 1749 602 1792 osus
624 1731 677 1792 illa
698 1729 868 1791 adbibere?
889 1729 968 1792 Nihil
991 1731 1020 1791 in
1043 1740 1183 1793 veterum
1204 1730 1390 1794 Graecorum
1413 1740 1464 1794 aut
1485 1732 1612 1795 Latino-
1625 1718 1690 1790 πρὸς
1714 1720 1741 1771 ἲν
1764 1720 1834 1772 ³⁰²¹*
1852 1719 1939 1773 «ὗτῶν

230 1847 296 1890 rum
319 1829 444 1909 scriptis
467 1827 667 1908 frequentius,
690 1843 779 1907 quam
809 1828 955 1908 ejusmodi
986 1829 1166 1906 testimonia,
1189 1828 1298 1911 quibus
1322 1829 1421 1892 honor
1442 1832 1539 1893 sacris
1561 1803 1670 1894 10-δώ
1685 1804 1937 1913 παπέςῖρῗὼχμῆ

231 1929 286 2005 cis,
310 1927 467 2005 altoribus,
490 1934 521 1989 et
542 1928 625 1989 vasis
648 1924 805 1988 habendus
828 1927 938 1988 eximie
954 1926 1197 2003 commendatur;
1221 1944 1325 1989 eorum
1348 1929 1518 2009 profanatio
1542 1910 1664 1991 tan·nc
1681 1894 1851 2029 wfmsffl
1865 1897 1937 1997 ,ᾧ

233 2045 322 2106 quam
345 2026 550 2109 sacrilegium,
580 2024 766 2104 deplorator.
816 2023 889 2087 lnde
917 2033 1016 2088 ortum
1045 2026 1149 2089 babuit
1177 2028 1383 2108 antiquissima
1412 1992 1767 2114 consuetudossfflff
1788 1999 1940 2136 (3ἴῖῖὶ

231 2126 504 2201 benedictionibus,
527 2126 615 2205 signo
639 2125 751 2201 crucis,
775 2121 955 2203 Cbrismate,
978 2131 1009 2187 et
1037 2126 1244 2203 orationibus,
1276 2127 1381 2189 altaria
1410 2135 1441 2190 et
1462 2144 1536 2190 vasa
1558 2145 1612 2189 sa·
1625 2149 1716 2219 ψη..

232 2241 284 2285 ora
305 2222 372 2286 Deo
396 2222 613 2301 consecrandi,
637 2221 739 2303 qnod,
761 2230 794 2284 ut
823 2224 853 2285 in
883 2222 1021 2286 Ecclesia
1044 2223 1242 2303 Occidentali,
1266 2225 1307 2287 ita
1336 2226 1366 2287 in
1395 2224 1611 2303 Orientalibus,

232 2329 381 2403 perpetua
404 2321 566 2385 traditione
589 2320 783 2385 observatum
806 2328 863 2385 est.

318 2420 438 2483 Dictum
460 2429 507 2484 est
530 2421 562 2483 in
584 2420 775 2484 Praefatione
799 2421 837 2483 ad
859 2422 932 2483 istas
947 2419 1137 2502 Coptitarum
1158 2421 1400 2501 benedictiones,
1423 2421 1490 2486 illas
1504 2420 1612 2484 Latine
1656 2441 1683 2493 r·
1701 2423 1763 2475 256.

232 2538 349 2594 versas,
371 2519 468 2582 editas
490 2519 586 2583 luisse
608 2537 626 2582 a
648 2519 753 2583 Leone
776 2519 888 2582 Allatio
917 2521 948 2581 in
970 2519 1159 2602 Sqmmictis,
1189 2539 1230 2583 cr
1260 2521 1403 2583 versione
1432 2523 1612 2584 inconcinna

232 2637 359 2700 prorsus
382 2625 414 2680 et
434 2617 575 2695 absurda,
598 2636 677 2699 quae
699 2618 771 2680 nibil
799 2618 907 2696 minus,
930 2634 1020 2699 quam
1048 2616 1218 2698 Copticum,
1242 2638 1283 2681 ex
1306 2637 1366 2701 quo
1390 2638 1539 2701 expressa
1562 2620 1613 2682 di-

232 2719 320 2793 oitur,
341 2717 500 2796 exemplar
522 2723 742 2798 repraesentat
793 2714 899 2798 ltaque
921 2733 1030 2779 novam
1048 2716 1127 2781 ,dare
1150 2734 1280 2780 necesse
1303 2716 1367 2781 luit
1415 2719 1511 2792 Quam
1535 2734 1610 2781 vero

232 2814 460 2878 benedictiones
485 2815 572 2893 ibae,
602 2817 663 2878 sint
691 2816 915 2896 antiquissimae
944 2814 1120 2895 disciplinae
1145 2813 1339 2893 conformes,
1371 2815 1541 2880 ostenditur
1570 2834 1611 2878 ex

233 2914 378 2978 similibus
401 2912 594 2977 Orationibus
617 2931 694 2996 quae
718 2914 861 2998 leguntur
881 2916 912 2977 in
941 2914 1025 2976 libris
1048 2912 1216 2976 Ritualibus
1240 2914 1365 2978 aliarum
1394 2913 1609 2977 Ecclesiamm.

405 3175 464 3245 Ad
491 3160 784 3248 consecrationem
811 3177 955 3246 omnium
980 3173 1105 3246 aitaris
1131 3178 1434 3245 instrumentorum.
1659 3177 1690 3229 P·
1708 3181 1753 3233 ⁵3·

316 3384 426 3462 Fossa
449 3397 570 3458 omnino
592 3403 640 3458 est
662 3394 870 3474 interpretatio
893 3394 960 3455 isto.
982 3392 1117 3474 Lorqire
1138 3396 1330 3457 sanctitatem
1350 3396 1436 3458 cosi
1457 3396 1550 3470 bisce,
1573 3414 1614 3457 ec

230 3508 322 3579 poste
342 3499 476 3578 Spiritus
497 3500 598 3561 secreti
619 3500 672 3573 tui,
695 3506 725 3559 et
745 3499 885 3577 emersio
914 3498 1072 3578 conquiris
1094 3501 1140 3560 tui
1160 3496 1302 3578 (afflant)
1325 3516 1417 3578 super
1438 3516 1485 3561 eo.
1531 3498 1614 3560 Ver-

233 3599 302 3660 bum
327 3597 406 3661 istud
428 3597 466 3659 de
489 3614 546 3659 suo
569 3597 679 3678 adjecit
701 3598 864 3678 interpres,
886 3604 920 3658 ut
936 3596 1117 3658 sententiam
1140 3596 1284 3676 ediceret,
1307 3593 1363 3659 sed
1385 3597 1423 3658 ab
1447 3596 1612 3677 exemplari

233 3698 389 3777 primaevo
412 3695 574 3759 diversam.
596 3695 744 3775 Aspersio
767 3697 926 3775 sanquinis
948 3693 1071 3771 Christi,
1095 3694 1135 3757 de
1157 3712 1216 3775 qua
1238 3695 1286 3757 bie
1309 3697 1420 3778 agitur,
1443 3713 1500 3777 per
1517 3714 1611 3776 quam

234 3814 307 3858 vasa
331 3804 485 3875 totumque
509 3812 629 3857 sacrum
652 3796 847 3857 ministerium
870 3802 1105 3872 consecrantur,
1136 3803 1168 3857 et
1196 3812 1253 3875 per
1281 3812 1369 3876 quarn
1397 3804 1502 3858 sancta
1529 3801 1610 3871 sunt,

234 3912 270 3956 ea
295 3902 343 3957 est
365 3912 443 3976 qnae
465 3893 498 3955 lit
519 3895 550 3955 in
572 3894 779 3956 celebratione
802 3891 855 3957 SS.
878 3894 1100 3974 mysteriorum.
1142 3892 1196 3956 llla
1219 3911 1340 3974 quoque
1363 3894 1475 3958 verba:
1497 3903 1531 3956 nt
1551 3896 1612 3957 sim

233 4013 311 4055 cosa
339 3994 452 4054 nocido
477 3993 521 4054 od
548 3992 748 4055 ministerium
778 4011 883 4054 certon
911 3999 941 4052 et
967 3993 1109 4053 mnndum
1138 3992 1318 4073 beneplaciti
1345 3995 1390 4055 tui
1417 3994 1611 4073 vivificantis,

234 4092 314 4170 qnod
346 4099 393 4152 est
421 4110 541 4171 coepas,
570 4099 600 4153 et
626 4093 752 4172 sospitis
774 4091 945 4153 monendos
972 4089 1086 4153 Cisisti
1113 4093 1179 4164 tui;
1207 4108 1298 4154 sensu
1326 4098 1447 4164 carent3
1478 4091 1610 4173 nihilque

235 4191 332 4251 minos
354 4189 525 4272 significant
548 4190 641 4253 rerba
665 4189 791 4270 Coptica
815 4189 863 4252 vel
880 4188 1023 4265 Arabica,
1046 4189 1102 4252 sed
1123 4189 1313 4267 vertendum,
1336 4198 1369 4252 ut
1392 4189 1526 4270 lecimus,
1549 4195 1611 4253 mi-

234 4289 356 4349 nisterii
375 4290 476 4350 sancti
495 4297 526 4350 et
545 4292 622 4364 ceri,
645 4296 904 4351 sacromentum
930 4289 1023 4349 oitom
1050 4287 1281 4366 meorumue,
1309 4290 1374 4351 sice
1395 4289 1611 4368 vivificantium

147 4458 152 4463 ,
237 4405 314 4466 quoe
335 4394 406 4448 mot
426 4405 537 4466 corpus
558 4395 588 4449 et
609 4389 734 4468 scopam
756 4385 871 4450 Christi
891 4387 944 4448 toi.
995 4386 1075 4449 Sane
1103 4387 1283 4467 quicumque
1311 4386 1362 4448 illa
1390 4386 1468 4449 hunc
1491 4389 1521 4450 in
1542 4404 1612 4449 mo·

238 4484 306 4545 dnm
329 4485 545 4565 interpretatus
567 4493 625 4563 est,
648 4493 805 4566 unamque
834 4483 984 4567 linguam,
1015 4492 1046 4547 et
1075 4485 1259 4547 Orientalem
1289 4485 1486 4568 Theologiam
1514 4502 1611 4566 aeque

238 4581 407 4665 igrtorabat.

325 4680 435 4744 Similis
459 4681 528 4744 bnic
551 4684 665 4765 primae
686 4682 858 4746 benedictio
881 4684 1015 4745 occurrit
1040 4683 1071 4746 in
1094 4683 1172 4746 libro
1195 4682 1458 4746 Sacramentorum
1489 4680 1613 4771 Grego-

237 4780 331 4842 riano.
377 4779 505 4843 hoedi
535 4802 602 4860 nos,
624 4783 762 4856 Domine,
783 4800 973 4863 quassantes,
994 4791 1028 4845 ut
1055 4784 1132 4846 ltoec
1161 4784 1337 4845 linteamino
1366 4784 1487 4864 aliaque
1517 4774 1612 4845 sitdo-

238 4887 346 4953 nento,
368 4898 425 4940 nec
446 4889 658 4943 nemetense
686 4887 793 4942 sancto
815 4880 910 4942 altori
936 4888 1003 4955 tuo,
1031 4889 1120 4962 otqaae
1146 4881 1305 4944 Ecclesiae
1332 4888 1419 4956 tune,
1448 4888 1612 4962 cunctoque

238 4980 336 5040 suncti
356 4980 519 5042 ministerii
539 4984 610 5043 osui
627 4987 824 5061 praeparato,
847 4979 1023 5042 benedicere
1045 4988 1075 5043 et
1096 4982 1289 5060 sanctificare
1310 4980 1459 5061 diqoetnr.
1482 4981 1515 5043 ln
1536 4980 1612 5044 llis-
