4525 6034
709 547 756 620 12
1212 548 1572 625 LITURGlh

702 735 881 808 adventurn
906 735 1130 809 vivificantem
1164 735 1221 807 lilii
1250 738 1297 806 tui
1327 739 1487 829 unigeniti
1520 738 1602 810 lesu
1637 737 1759 812 Christi
1791 737 1925 811 Domini
1952 738 2014 811 Dei
2040 749 2071 812 et

701 852 889 926 Salvatoris
916 856 1021 924 nostri
1053 851 1264 940 destruxisti,
1300 853 1540 949 replevistique
1573 866 1696 926 terram
1730 855 1871 928 coelesti
1902 880 2005 953 paee:
2039 868 2071 929 tu

703 994 801 1065 quem
828 969 999 1042 celebrant
1023 969 1232 1061 Angelorum
1260 974 1442 1060 exereitus,
1469 971 1627 1059 dicendo;
1655 971 1770 1044 Gloria
1791 973 1988 1044 inexcelsis
2000 974 2070 1045 Deo

703 1097 737 1159 et
748 1110 818 1183 pax
833 1109 933 1183 super
950 1098 1083 1175 terram,
1111 1095 1145 1156 et
1159 1088 1191 1156 in
1208 1084 1393 1157 hominihus
1407 1085 1495 1159 hona
1515 1087 1689 1179 voluntas,
1717 1089 1816 1185 imple
1834 1112 1894 1185 per
1905 1090 2071 1186 henepla-

703 1208 802 1275 citum
816 1214 916 1293 tuum,
929 1203 1083 1293 Domine,
1100 1202 1204 1273 corda
1216 1214 1332 1274 nostra
1348 1227 1433 1299 pace
1445 1215 1512 1293 tua,
1527 1215 1561 1276 et
1574 1204 1695 1276 munda
1712 1227 1775 1276 nos
1788 1205 1828 1277 ah
1845 1211 1934 1278 omni
1946 1207 2071 1277 macula

703 1324 858 1415 omnique
874 1318 1056 1410 simultate,
1084 1320 1174 1391 omni
1188 1317 1316 1409 fraude,
1338 1323 1426 1392 omni
1444 1320 1544 1410 malo,
1563 1324 1717 1416 omnique
1736 1324 1928 1413 injuriarum
1951 1346 2071 1395 reeor-

703 1438 835 1510 datione
850 1437 1030 1510 mortifera.
1049 1435 1119 1509 Fac
1139 1437 1284 1509 Domine
1299 1446 1335 1508 ut
1346 1459 1461 1509 omnes
1477 1437 1568 1529 digni
1587 1440 1688 1509 simus
1701 1438 1920 1534 amplectendi
1932 1444 2070 1511 invicem

701 1558 735 1626 in
745 1555 860 1627 osculo
871 1565 998 1645 sancto,
1009 1566 1042 1626 et
1051 1558 1096 1625 ita
1110 1552 1197 1626 illius
1211 1557 1389 1651 participes
1403 1557 1517 1643 simuS,
1531 1564 1567 1626 ut
1579 1577 1647 1626 non
1662 1556 1695 1624 in
1706 1555 1830 1645 judicio
1841 1555 1987 1650 repellas
2001 1578 2071 1646 nos,

702 1670 743 1743 ah
762 1671 937 1744 immortali
953 1670 1135 1744 etcoelesti
1152 1670 1240 1742 dono
1258 1680 1327 1761 tuo,
1344 1694 1407 1767 per
1420 1670 1586 1744 Christum
1596 1671 1711 1742 lesum
1723 1671 1899 1743 Dominum
1916 1684 2070 1745 nostrum.

1138 1879 1259 1949 orara
1286 1878 1359 1948 nra
1386 1879 1500 1950 osane
1522 1881 1631 1972 paors.

803 2034 987 2108 Sacerdos.
1041 2033 1210 2130 Superant
1236 2057 1366 2106 omnem
1395 2040 1556 2109 semronis
1573 2035 1775 2126 facultatem,
1802 2044 1836 2107 et
1853 2057 1988 2107 omnem
2007 2040 2071 2107 nim

699 2153 831 2240 mentis,
858 2151 994 2224 divitiae
1020 2174 1192 2223 munemm
1218 2159 1361 2241 tuorum,
1387 2151 1548 2243 Domine,
1576 2156 1652 2247 quia
1679 2151 1882 2225 abscondisti
1909 2155 2069 2248 sapienti-

699 2263 763 2339 hus
792 2278 825 2339 et
849 2266 1084 2365 prudentibus,
1120 2278 1154 2339 et
1187 2266 1285 2339 nohis
1317 2269 1467 2362 parvulis
1503 2269 1662 2342 revelasti
1689 2292 1751 2357 ea,
1785 2291 1871 2365 quae
1899 2270 2068 2363 cupiemnt

699 2383 888 2480 Prophetae
915 2395 949 2457 et
973 2384 1090 2477 Reges
1126 2386 1266 2476 videre,
1298 2395 1332 2456 et
1363 2408 1430 2458 non
1456 2385 1619 2457 viderunt.
1672 2385 1765 2457 Haec
1792 2389 1825 2457 in
1850 2408 1915 2459 nos
1942 2407 2067 2480 pecca-

698 2509 792 2574 tores
819 2504 968 2594 gratiose
995 2500 1172 2592 contulisti,
1198 2512 1234 2572 ut
1261 2525 1302 2573 ea
1329 2502 1644 2589 administraremus,
1673 2513 1706 2574 et
1732 2525 1793 2598 per
1820 2525 1860 2573 ea
1876 2502 2066 2575 sanctitica-

699 2638 823 2707 rcmur,
851 2641 924 2688 curn
950 2618 1007 2690 lilii
1033 2621 1079 2690 tui
1107 2619 1387 2715 dispensationem
1415 2617 1511 2691 nohis
1540 2618 1728 2709 exhibuisti,
1756 2627 1790 2690 et
1815 2641 1949 2691 sacrum
1976 2622 2066 2689 ritum

699 2736 793 2806 istius
820 2734 972 2808 sacrificii
1004 2739 1182 2807 incruenti:
1218 2758 1282 2807 nee
1316 2740 1403 2808 enim
1437 2736 1516 2815 illud
1549 2746 1601 2807 est
1633 2738 1804 2828 sanguinis
1838 2735 1980 2828 legahs,
2015 2743 2067 2806 aut

697 2853 842 2940 justitiae
869 2875 1075 2950 corporeae,
1115 2851 1177 2924 sed
1204 2873 1310 2944 agnus
1338 2862 1390 2924 est
1416 2851 1588 2947 spiritahs,
1615 2851 1813 2946 gladiusque
1840 2852 2011 2924 rationahs
2035 2860 2066 2923 et

698 2970 927 3063 incorporeus,
954 2973 987 3041 in
1013 2970 1077 3041 hoc
1103 2969 1279 3059 sacrificio,
1307 2967 1394 3064 quod
1421 2968 1479 3040 tihi
1506 2968 1682 3041 offerimus.
1735 2968 1909 3061 Rogamus
1943 2978 1977 3038 et
2002 2965 2065 3038 oh-

698 3108 869 3160 secramus
894 3085 1076 3160 honitatem
1101 3098 1212 3180 tuam,
1246 3087 1459 3159 ohominum
1485 3095 1632 3178 amator,
1664 3086 1800 3182 purifica
1827 3084 1917 3157 lahia
1944 3093 2064 3169 nostra,

698 3212 732 3273 et
756 3202 861 3275 hhera
887 3214 1015 3276 mentes
1041 3213 1176 3279 nostras
1210 3204 1252 3276 ah
1288 3206 1377 3275 omni
1410 3204 1609 3295 contagione
1636 3201 1813 3274 materiali:
1853 3204 1947 3274 mitte
1973 3200 2063 3273 nohis

697 3323 837 3411 gratiam
864 3320 1006 3416 Spiritus
1033 3325 1080 3394 tui
1106 3324 1212 3395 sancti
1238 3330 1273 3392 et
1299 3321 1419 3412 dignos
1437 3319 1530 3391 effice
1557 3318 1720 3391 salutandi
1741 3323 1884 3390 invicem
1903 3321 1939 3389 in
1955 3314 2062 3390 osculo

698 3446 826 3525 sancto,
853 3447 982 3531 utnon
1008 3438 1192 3510 incidentes
1217 3439 1252 3508 in
1275 3437 1452 3529 judicium,
1487 3439 1709 3532 percipiamus
1736 3435 1858 3507 donum
1884 3443 1975 3505 tuum
2000 3437 2063 3503 im·

697 3552 837 3625 mortale
864 3556 898 3625 et
923 3554 1082 3645 coeleste,
1108 3576 1171 3650 per
1195 3553 1310 3627 lesum
1337 3552 1502 3627 Christum
1529 3551 1705 3625 Dominum
1731 3563 1890 3625 nostrum.

1082 3775 1203 3847 Oratio
1229 3775 1338 3845 Pacis
1361 3772 1489 3846 derebi
1514 3772 1683 3866 Apostoli.

800 3931 984 4006 Sacerdos.
1006 4006 1010 4011 ,
1036 3929 1142 4024 Deus,
1169 3933 1312 4002 omnium
1329 3929 1485 4018 Domine,
1513 3927 1632 4020 dignos
1659 3928 1753 4025 effice
1769 3925 1833 3999 hac
1859 3925 1979 4018 salute,
2003 3946 2060 3997 nos

696 4058 895 4143 peccatores
921 4047 1181 4141 indignissimos
1207 4057 1243 4119 ut
1269 4044 1310 4118 ab
1339 4050 1428 4118 omni
1454 4044 1531 4117 labe
1558 4046 1711 4138 omnique
1736 4043 1906 4140 hypocrisi
1933 4064 2059 4139 purge·

696 4189 785 4257 mur,
819 4165 1120 4262 amplectamurque
1159 4166 1303 4237 invicem
1341 4167 1375 4235 in
1415 4162 1531 4236 oscado
1572 4169 1689 4234 sancto
1725 4170 1759 4232 et
1796 4183 1896 4232 unum
1930 4178 2058 4254 corpus,

696 4305 848 4377 unusque
874 4285 1008 4379 spiritus
1030 4283 1209 4355 efficiamur
1228 4284 1262 4352 in
1294 4279 1427 4353 vinculo
1453 4282 1600 4351 caritatis
1627 4288 1662 4350 et
1682 4280 1775 4372 pacis
1799 4276 1933 4348 Domini
1959 4275 2057 4347 nostri

694 4399 778 4473 Jesu
805 4399 945 4491 Christi,
972 4423 1047 4473 cum
1074 4423 1140 4495 quo
1164 4398 1357 4471 benedictus
1385 4420 1441 4487 es,
1469 4405 1601 4468 etcum
1629 4394 1752 4491 Spiritu
1778 4404 1834 4465 tuo
1863 4392 2057 4475 vivificante,

693 4517 817 4613 tihique
843 4515 1129 4607 consubstantiah,
1155 4539 1243 4589 nuno
1269 4527 1303 4587 et
1329 4536 1462 4609 semper
1488 4516 1581 4584 etin
1607 4515 1718 4583 omnia
1743 4510 1878 4584 saecula
1901 4506 2056 4582 saeculo-

588 4680 602 4699 ι
694 4657 777 4707 rum.
815 4636 934 4710 Amen.

1029 4788 1062 4855 ·.·
1102 4796 1319 4900 nnnruoau
1342 4776 1484 4859 snncn
1506 4793 1655 4859 nnsnu.

228 4966 234 4977 “
298 4978 307 4987 ’
422 4996 583 5065 ,pompm
612 4989 679 5046 κατὰ
798 4934 984 5005 Diaconos.
1035 4930 1210 5020 Accedite,
1238 4927 1377 5016 adstate,
1404 4946 1425 4997 o
1452 4928 1529 5016 viri,
1556 4934 1803 5013 cumtremore,
1830 4919 1920 4992 etad
1937 4919 2054 4991 Orien-

369 5079 479 5151 τρόπον,
505 5079 640 5147 arom.
695 5061 762 5122 tem
788 5053 934 5146 aspicite.
968 5046 1195 5126 Attendamus.
