4525 6034
339 1445 656 1566 Puttuxuttt
692 1439 715 1505 ¹·
750 1445 1009 1566 EPISCOPI
1044 1448 1461 1572 indoluimus,

633 1753 754 1825 &atio
781 1758 862 1824 ante
889 1752 1037 1825 ormrlurn
1062 1752 1179 1827 Pacis.

287 1949 405 2054 Deus
432 1978 488 2072 qui
515 1998 554 2048 es
580 1995 674 2047 mure
699 1976 806 2069 pacis,
833 1972 952 2047 fluvius
978 1959 1134 2071 perennis
1161 1977 1330 2068 canatis,
1356 1986 1389 2050 et
1413 1977 1490 2052 fons
1515 2002 1586 2075 pu-

215 2097 334 2185 ritatis,
361 2096 417 2189 qui
443 2112 559 2164 ornnes
586 2090 786 2163 aecedentes
814 2090 857 2162 ad
882 2101 926 2179 te,
952 2114 1039 2188 pace
1065 2114 1152 2187 quae
1182 2116 1202 2164 a
1238 2104 1272 2166 te
1304 2104 1357 2166 est
1389 2093 1583 2190 nanquillos

127 2241 129 2246 ·
218 2210 341 2300 reddis,
369 2219 402 2282 et
428 2211 604 2281 sanctitate
631 2229 717 2301 quae
743 2210 869 2303 puriter
895 2231 915 2279 a
943 2217 976 2280 te
1002 2218 1055 2281 est
1081 2207 1283 2282 sanctificas:
1310 2209 1352 2282 da
1379 2209 1475 2283 nobis
1502 2232 1583 2283 ser-

194 2330 269 2399 ·vis
296 2337 329 2399 et
356 2326 548 2398 domesticis
574 2325 659 2412 tuis,
684 2325 844 2411 Domine,
881 2335 915 2397 et
945 2333 1082 2420 praesta
1113 2324 1211 2398 nobis
1246 2323 1418 2417 omnibus,
1443 2336 1479 2398 ut
1510 2350 1584 2400 cum

215 2443 355 2515 caritate
381 2441 450 2516 odii
477 2449 634 2536 experte,
669 2450 703 2511 et
728 2437 906 2514 dilectione
932 2444 1081 2529 sincera,
1115 2440 1352 2538 amplectamur
1381 2444 1524 2515 invicem
1551 2445 1585 2515 in

215 2562 355 2631 caritate
381 2580 480 2647 vera,
507 2566 542 2627 et
567 2556 745 2629 dilectione
772 2555 1000 2646 immaculate,
1033 2556 1276 2652 efficiamurque
1307 2556 1365 2629 tibi
1400 2556 1456 2629 filii
1489 2563 1583 2654 pacis

215 2686 376 2764 amantes,
401 2673 678 2769 perficientesque
704 2671 908 2745 voluntatem
934 2681 1043 2745 tuam:
1068 2670 1323 2768 referemusque
1356 2674 1415 2748 tibi
1441 2672 1583 2767 gloriam

215 2798 249 2861 et
285 2788 434 2878 laudem,
473 2788 635 2883 simulque
669 2791 838 2880 unigenito
877 2786 964 2861 Filio
1003 2796 1081 2878 tuo,
1123 2798 1158 2860 et
1192 2786 1327 2885 Spiritui
1368 2799 1425 2862 tuo
1465 2801 1582 2864 sancto

214 2926 315 2995 nuuc,
342 2913 405 2977 etc.

319 3021 479 3115 Papulae.
532 3020 652 3091 Amen.

316 3137 496 3208 Diuorum
521 3137 607 3207 dicit
630 3135 783 3206 mediam.
836 3132 970 3207 Stemus
996 3132 1164 3208 decenter.

317 3252 500 3325 Sacerdos.
555 3251 679 3325 Corum
712 3259 765 3338 te,
804 3250 948 3322 Domine
981 3271 1104 3343 magne
1144 3259 1179 3323 et
1216 3250 1390 3342 terribilis,
1424 3253 1582 3328 inclinant

215 3371 308 3442 servi
334 3372 381 3442 tui
407 3367 495 3442 calla
528 3371 710 3441 animarum
744 3375 778 3438 et
809 3387 986 3461 corpomm
1022 3386 1176 3455 suornm3
1208 3377 1242 3439 et
1274 3390 1349 3439 cum
1383 3373 1581 3444 contritione

213 3484 325 3556 cordis
352 3483 573 3579 deprecantur
598 3492 649 3554 te:
682 3481 804 3554 exaudi
838 3503 898 3555 eos
924 3504 986 3579 per
1012 3484 1243 3555 miserationes
1268 3496 1357 3574 tuus,
1394 3496 1428 3559 et
1458 3487 1580 3579 adjuva

213 3598 289 3671 illos
315 3622 377 3695 per
404 3599 609 3671 clementiam
636 3606 735 3688 mam,
761 3597 940 3672 secundum
969 3599 1210 3693 promissiones
1231 3603 1390 3693 unigeniti
1416 3601 1490 3674 Filii
1516 3606 1581 3675 tui:

212 3737 396 3812 perquem
423 3725 556 3787 etcum
583 3735 662 3810 quo,
688 3723 722 3785 te
749 3713 845 3785 decet
870 3713 979 3806 gloria
1007 3723 1040 3785 et
1066 3713 1184 3806 honor,
1211 3725 1274 3788 etc.

317 3831 480 3924 Populea.
532 3832 652 3903 Amen.

316 3947 501 4020 Sacerdos.
554 3948 697 4019 Domine
731 3943 862 4034 lactor,
897 3957 932 4019 et
965 3946 1118 4020 conditor
1152 3951 1317 4040 omnium,
1350 3954 1407 4047 qui
1441 3955 1581 4050 primum

217 4062 384 4136 hominem
418 4085 464 4134 ex
495 4060 595 4134 nihilo
622 4060 789 4149 formasti,
829 4071 864 4132 et
906 4061 948 4133 ad
974 4065 1185 4136 existentiam
1219 4064 1401 4140 adduxisti:
1441 4091 1580 4164 cumque

212 4189 401 4276 peccasset,
428 4188 462 4251 et
486 4177 675 4250 mandatum
702 4186 790 4249 tuum
818 4186 1049 4270 uuusgressus
1075 4178 1209 4268 fuisset,
1236 4181 1392 4272 salvasti,
1419 4181 1580 4277 doumque

212 4299 277 4368 tuis
305 4297 437 4389 dignum
465 4293 593 4368 fecisti:
620 4293 728 4386 dirige
753 4297 852 4367 ctiam
878 4315 965 4367 nunc
992 4316 1135 4390 corpora
1161 4306 1276 4370 nostra
1304 4306 1338 4368 et
1355 4301 1482 4371 animas
1508 4320 1579 4371 no-

212 4421 318 4484 stras:
345 4421 379 4484 et
405 4434 425 4482 a
451 4409 553 4483 lovea
580 4412 814 4505 corruptionis,
841 4410 883 4482 ad
910 4410 1082 4484 excelsum
1109 4421 1198 4485 tuum
1232 4412 1372 4486 sublime
1399 4414 1516 4487 eleva:
1545 4423 1578 4486 et

211 4540 345 4622 praesta
371 4526 468 4600 nobis
494 4537 531 4598 ut
557 4527 647 4619 digni
674 4529 776 4600 simus
802 4526 993 4600 muneribus
1019 4532 1102 4603 tuis:
1128 4528 1379 4625 referemusque
1411 4528 1469 4602 tibi
1495 4521 1578 4624 glo-

211 4646 295 4717 riam
323 4653 356 4715 et
381 4642 524 4733 laudern,
551 4646 786 4738 unigenitoque
812 4642 899 4715 Filio
927 4653 995 4736 uuo,
1023 4654 1085 4719 ete.

314 4759 476 4854 Popalar.
527 4760 648 4833 Amen.

315 4877 502 4948 Diaconos.
555 4876 688 4948 Stemus
714 4874 880 4949 decenter.

315 4991 477 5086 Populus.
529 4989 765 5065 Miserationes
790 4993 864 5065 Dei.

317 5107 501 5180 Sacerdos.
555 5104 686 5182 Caritas
712 5109 777 5181 Dei
802 5109 922 5183 Putris
