4525 6034
770 548 1081 667 rn'rrrrrro.
1190 582 1195 593 ’

236 808 276 863 se
299 786 524 886 susciperet,
555 805 710 887 quorum
743 781 863 859 levem
888 784 1032 860 omnino
1060 785 1241 885 notitiam,
1275 788 1389 862 ¹etiam
1418 784 1613 863 doctissimi

234 916 480 995 Protestantes
514 914 648 993 habere
683 913 1009 1017 deprehenduntur.
1072 915 1208 996 lnutilis
1240 943 1386 1022 quoque
1420 918 1521 996 labor
1555 919 1614 997 ille

234 1052 377 1129 hrturus
407 1049 554 1151 luisset,
600 1074 683 1126 cum
711 1060 873 1127 extarent
903 1046 1041 1127 Graece
1071 1051 1151 1128 illae
1184 1050 1389 1155 liturgiae,
1435 1053 1559 1156 quales
1593 1079 1613 1129 a

234 1183 339 1261 nobis
373 1184 517 1261 tandem
546 1193 711 1285 repertae
745 1193 829 1261 sunt
857 1186 893 1260 in
930 1181 1067 1262 Codice
1094 1184 1224 1289 Regio.
1289 1184 1396 1278 Quod
1429 1190 1459 1264 si
1492 1212 1613 1265 rerum

234 1317 590 1418 Ecclesiasticarum,
626 1340 743 1420 aeque
777 1342 819 1394 ac
846 1316 1094 1397 humaniorum
1117 1320 1297 1398 literarum
1323 1324 1459 1424 peritus
1487 1320 1613 1398 suisset

235 1450 427 1553 Scaliger,
475 1453 705 1553 agnovisset,
755 1475 857 1553 eam
879 1477 971 1556 quae
1021 1450 1131 1531 hlarci
1173 1458 1328 1533 nomine.
1364 1455 1457 1532 edita
1496 1454 1613 1532 iuerat
1661 1497 1663 1500 >

232 1584 452 1687 liturgiam,
491 1586 591 1661 annis
617 1607 689 1661 uno
713 1594 749 1662 et
776 1587 922 1687 viginti,
954 1597 1143 1690 antequam
1168 1587 1213 1665 ad
1236 1587 1397 1666 hlarcum
1419 1586 1610 1666 Velserum

234 1717 427 1819 scriberet,
467 1742 513 1795 ex
545 1716 678 1818 tribus,
713 1741 802 1820 quas
835 1715 962 1796 Codex
997 1745 1085 1798 suus
1120 1721 1345 1823 continebat,
1376 1746 1482 1799 unam
1516 1746 1610 1801 esse.

354 1851 476 1930 hlultis
521 1851 651 1929 deinde
690 1855 790 1930 annis
829 1853 959 1955 elapsis
1003 1852 1174 1932 Claudius
1217 1854 1413 1933 Salmasius
1455 1880 1538 1933 curn
1576 1859 1612 1932 in
1643 1886 1768 1941 ruricium
1786 1888 1909 1940 salmosa.

236 1986 418 2088 exemplar
455 1985 549 2063 aliud
585 1985 792 2064 earumdem
834 1986 1035 2089 incidisset,
1080 1988 1229 2066 mirifico
1264 1992 1520 2066 commentario
1566 2013 1612 2065 ex

236 2119 385 2221 eadem,
426 2116 644 2197 Catholicam
675 2118 722 2196 de
753 2117 1140 2199 l'ransubstantiatione
1174 2120 1369 2201 doctrinam
1400 2125 1612 2224 impugnare

236 2262 437 2357 aggressus
469 2263 546 2354 est,
592 2276 662 2355 qua
696 2251 743 2329 de
777 2277 817 2330 re
845 2253 983 2332 dicetur
1016 2257 1050 2332 in
1084 2258 1177 2333 notis
1210 2255 1253 2333 ad
1281 2256 1373 2333 illam
1405 2254 1611 2359 liturgiam.

234 2387 413 2466 Versione
441 2410 587 2490 quoque
613 2386 884 2465 mendosissime
912 2413 997 2488 sua,
1029 2413 1122 2492 quae
1148 2393 1257 2467 textui
1280 2388 1430 2492 Coptico
1456 2400 1491 2466 et
1512 2386 1612 2465 Ara-

233 2518 315 2600 bico
348 2544 464 2623 aeque
497 2523 672 2598 contraria
701 2530 797 2621 erat,
834 2519 967 2599 abusus
998 2532 1052 2600 est
1083 2526 1119 2599 in
1154 2521 1319 2601 Tractatu
1351 2522 1398 2600 de
1422 2520 1611 2599 'lransub-

235 2658 467 2735 stantiatione.
506 2653 714 2733 Albertinus
732 2654 851 2732 locum
875 2680 986 2733 unum
1006 2658 1124 2733 citavit
1148 2681 1195 2733 ex
1211 2655 1422 2758 Aethiopica
1440 2655 1611 2758 Liturgia,

149 2874 157 2886 ‚
235 2814 307 2892 quo
338 2787 573 2867 insulsissime
605 2787 813 2890 triumphat,
850 2792 949 2892 quasi
975 2792 1082 2868 totius
1110 2787 1297 2869 Christiani
1321 2790 1418 2869 orbis
1451 2814 1612 2869 consen-

235 2948 318 3024 sus,
353 2946 436 2998 curn
462 2920 664 2999 Calvinistis
695 2946 740 2999 eo
773 2920 1087 3000 demonstraretur.

355 3053 448 3132 Cum
474 3058 584 3158 igitur
612 3052 782 3132 Claudius
812 3056 908 3133 illurn
938 3053 1218 3135 Christianorum
1258 3054 1487 3133 Orientalium
1516 3078 1611 3133 con·
1658 3089 1687 3141 1„
1706 3106 1750 3143 e„
1767 3093 1875 3160 2quOE
1892 3095 1936 3145 in.

236 3214 380 3269 sensum
410 3213 493 3266 cum
522 3187 687 3267 Ecclesia
718 3187 899 3266 Catholica
935 3192 1029 3267 circa
1060 3189 1168 3269 iidem
1201 3187 1609 3289 Tmnsubstantiationis,
1641 3179 1935 3332 gssfflnhffl'ffl‘

236 3336 271 3402 et
300 3322 404 3400 realis
432 3326 656 3425 praesentiae
681 3322 984 3402 confidentissime
1014 3334 1206 3427 negasset,
1242 3348 1311 3401 nec
1339 3322 1405 3400 alia
1434 3347 1540 3426 quam
1563 3346 1610 3399 ex
1641 3356 1719 3416 petuo
1738 3364 1878 3402 consensu.-

236 3454 388 3535 sordidis
425 3455 607 3533 autoribus
646 3468 856 3559 argumenta
893 3458 1119 3560 protulisset3
1164 3456 1211 3534 de
1246 3456 1415 3560 liturgiis
1440 3456 1607 3558 siluisset,

235 3594 269 3668 in
297 3591 365 3668 illis
395 3589 637 3693 quaerendam
657 3589 887 3668 Orientalium
915 3595 1125 3670 sententiam
1152 3590 1199 3668 de
1224 3589 1447 3669 Eucharistia
1488 3593 1606 3667 visum

236 3734 289 3802 est
320 3726 460 3826 potius,
507 3748 613 3827 quam
650 3749 697 3802 ex
727 3727 871 3805 incertis
908 3737 1014 3828 atque
1050 3726 1176 3803 secum
1209 3748 1319 3826 saepe
1355 3723 1609 3827 pugnantibus,

234 3860 429 3958 viatorum,
463 3868 523 3935 aut
556 3860 769 3959 scriptorum
801 3858 895 3936 aliud
927 3862 1108 3963 agentium
1143 3861 1363 3936 testimoniis.

354 3988 542 4069 Prodierat
575 4001 659 4068 tunc
694 3994 846 4093 primum
874 3993 1065 4094 volumen,
1103 4016 1175 4095 quo
1206 3990 1328 4069 brevis
1351 3989 1537 4071 Tractatus
1562 3989 1609 4067 de
1655 4017 1755 4079 onam
1756 4036 1842 4072 eeeee
1853 4018 1934 4072 crau-

233 4123 414 4226 Perpetuo
446 4124 530 4203 hdei
558 4149 738 4204 consensu
769 4100 1933 4245 circaEuchanstramvindicahaturadversus}{2‡,},2}¹¹¹⁵³1tt⁰¹¹¹¹¹¹·

236 4254 442 4361 Claudium,
481 4262 541 4362 qui
569 4263 684 4366 primo
714 4263 838 4362 operi,
871 4260 968 4365 quod
997 4260 1108 4339 tribus
1138 4258 1331 4363 maioribus
1355 4259 1607 4362 voluminibus,

235 4402 269 4469 et
295 4391 489 4495 Responso
517 4393 679 4496 generali
707 4398 934 4472 occasionem
957 4394 1074 4495 dedit,
1106 4404 1326 4496 opposuerat
1344 4391 1607 4471 Reiutationem

233 4529 389 4627 priorem
417 4552 529 4605 suam.
591 4526 754 4605 Habebat
787 4527 846 4605 ille
881 4528 1040 4607 colorem
1079 4526 1268 4631 quemdam
1302 4525 1480 4609 scribendi
1517 4551 1608 4629 pro-

234 4664 368 4764 prium,
412 4662 607 4764 simplicem
650 4672 689 4740 ut
728 4660 935 4764 videbatur,
980 4674 1015 4739 et
1061 4660 1318 4760 inallectatum,
1360 4683 1432 4762 quo
1474 4671 1607 4769 tanturn

235 4793 370 4896 effecit,
400 4806 440 4872 nt
466 4819 539 4873 non
564 4794 672 4873 modo
701 4798 851 4899 insignis
879 4795 973 4898 apud
998 4820 1085 4874 suos
1107 4793 1284 4896 Theologi
1310 4791 1451 4871 laudem
1475 4793 1606 4895 tulerit,

233 4929 295 5007 sed
329 4926 481 5007 sordere
504 4931 618 5006 statim
649 4932 834 5037 coeperint
864 4929 1041 5008 laboriosa
1072 4927 1247 5006 Albertini
1278 4937 1314 5003 et
1345 4906 1494 5006 aliorum
1526 4928 1606 5029 ejus

234 5074 506 5166 symmystamm
539 5062 741 5165 volumina,
782 5066 853 5142 imo
886 5076 921 5142 et
955 5062 1071 5141 multis
1103 5059 1294 5139 Catholicis
1322 5060 1444 5139 sucum
1470 5061 1605 5139 lecerit.

1370 5192 1392 5264 b
