4525 6034
720 579 797 655 430
1225 580 1584 659 litoteta

826 768 1003 841 Sacerdos
1035 767 1228 841 inclinatas.
1285 766 1454 843 Memento
1487 769 1628 842 Domine
1660 774 1760 842 edam
1792 768 1915 842 illenim
1943 774 1988 868 qui
2012 796 2047 848 ex

719 881 786 957 boc
812 884 933 958 mundo
961 882 1019 957 tibi
1045 883 1258 980 placuerunt,
1283 885 1481 980 praesertim
1507 907 1593 958 vero
1620 894 1756 958 sanctae
1782 896 1816 958 et
1831 886 2047 983 gloriosaege-

718 1003 845 1072 nitricis
870 1000 935 1073 Dei
960 999 1110 1092 Virginis
1136 998 1282 1088 Mariae,
1310 1008 1344 1071 et
1370 1002 1515 1074 omnium
1541 1012 1730 1076 sanctorum
1744 1014 1885 1094 morum,
1909 1005 1947 1079 ab
1964 1006 2051 1080 ltm-

719 1120 846 1211 primo‚
873 1117 915 1189 ad
941 1116 1025 1188 banc
1051 1138 1157 1211 usque
1183 1115 1281 1188 diem.

824 1233 986 1326 Populos.
1038 1232 1146 1330 Kyrie
1172 1231 1311 1306 eleison.

821 1349 997 1421 Sacerdos
1028 1350 1167 1421 alaeam
1197 1371 1323 1421 aecem.
1376 1348 1442 1420 Per
1475 1351 1645 1422 arationes
1679 1372 1794 1423 eorum
1832 1363 1974 1443 sancus,
1993 1351 2050 1450 'per

719 1464 974 1561 deprecationes
1009 1487 1126 1538 eorum
1162 1465 1314 1537 exaudiri
1349 1463 1487 1558 (liguas,
1522 1474 1556 1536 et
1589 1488 1650 1562 per
1684 1465 1930 1541 obsecrationes
1960 1493 2051 1543 carun

719 1582 957 1677 acceptabiles,
983 1583 1138 1670 Domine,
1164 1585 1326 1678 propitius
1353 1590 1427 1655 asto
1458 1585 1605 1677 peccatis
1631 1586 1776 1675 nostris,
1800 1597 1934 1682 propter
1956 1608 2053 1661 neuen

719 1707 1003 1786 transuectum,
1031 1696 1120 1794 quod
1146 1700 1336 1771 invocatum
1364 1707 1544 1794 estsuper
1577 1719 1658 1790 nos,
1694 1697 1816 1795 tibiam
1849 1701 1999 1794 gloriam,
2028 1712 2052 1773 et

719 1814 850 1886 laudem
877 1812 1063 1887 referimus.

824 1931 1013 2002 Diacoaas.
1065 1931 1165 2002 Ante.

822 2046 999 2120 Sacerdos
1023 2046 1216 2118 inclinatus.
1268 2046 1438 2120 Memento
1464 2049 1563 2119 etium
1588 2045 1731 2120 Domine
1756 2045 1929 2120 beatorum
1947 2048 2054 2121 Pamin

722 2174 931 2256 nestrorum,
964 2166 1149 2260 principum
1184 2172 1218 2235 et
1248 2162 1432 2236 Doctorum
1468 2162 1643 2235 Ecclesiae
1674 2173 1749 2235 tuae
1783 2175 1936 2255 sanctae,
1966 2187 2056 2238 eamn

719 2283 775 2374 qui
802 2284 1024 2352 testimonium
1050 2277 1286 2374 perhibuerunt
1311 2278 1390 2371 titt,
1425 2291 1459 2353 et
1492 2279 1684 2351 direxerunt
1708 2280 1750 2351 ad
1783 2278 1894 2353 lumen
1927 2286 2056 2354 scientiae

719 2418 859 2489 gregem
886 2405 976 2468 tuum
1003 2403 1163 2468 sanetum.

821 2512 973 2585 Eteonos
997 2533 1125 2583 aecem.
1177 2513 1244 2584 Per
1270 2515 1441 2587 oratones
1467 2522 1502 2583 et
1527 2509 1780 2607 deprecationes
1806 2534 1925 2585 eorum
1949 2521 2058 2585 sanda

719 2627 868 2700 concede
894 2631 993 2700 etiarn
1020 2626 1135 2718 nobis,
1162 2635 1198 2699 ut
1223 2630 1387 2702 intuentes
1413 2629 1539 2700 exitum
1565 2630 1829 2700 conversationis
1859 2650 1972 2701 eorum
1986 2631 2058 2699 asa‘-

718 2744 869 2816 milemur
902 2743 966 2816 illis
1002 2743 1183 2816 secundum
1221 2743 1318 2817 fldem
1352 2742 1601 2836 Drtbodoxam,
1639 2755 1673 2816 et
1707 2766 1768 2839 per
1801 2743 1913 2816 zelum
1943 2745 2058 2840 pietatis.

719 2860 896 2954 Conjunge
922 2862 1031 2932 etiam·
1046 2882 1110 2934 uos
1138 2871 1172 2933 et
1197 2882 1314 2933 omnes
1341 2860 1512 2957 dispersos
1537 2859 1672 2934 Israelis
1700 2861 1897 2958 spiritualis,
1923 2863 1955 2931 in
1982 2883 2059 2932 anan

719 2976 953 3064 concordiam,
987 2986 1022 3048 et
1056 2975 1206 3048 eamdem
1239 2986 1403 3067 manum,
1436 2997 1602 3072 unumque
1637 2976 1803 3051 duculum
1846 2980 2001 3049 caritatis:
2034 2978 2060 3044 in

718 3113 815 3162 unam
843 3089 1025 3164 doctrinam
1059 3094 1224 3167 sinceram
1254 3092 1429 3166 Ecclesiae
1464 3101 1601 3167 sauctae
1634 3092 1830 3166 Catholicae
1864 3105 1900 3166 et
1928 3095 2059 3189 Apestnf

717 3206 820 3295 liene,
848 3211 924 3303 quia
951 3218 985 3279 tu
1011 3210 1085 3305 ipse
1112 3230 1151 3282 es
1179 3212 1234 3304 qui
1260 3218 1393 3281 terrena
1420 3207 1623 3283 coelestibus
1657 3212 1880 3303 conjunxisti,
1913 3208 1968 3281 tibi
1996 3208 2060 3300 glo-

717 3326 799 3395 riam
828 3335 861 3395 et
887 3323 1019 3396 laudem
1044 3322 1231 3398 referimus.

821 3440 982 3533 Papulas.
1034 3440 1155 3511 Amen.

819 3555 994 3630 Sacerdos
1019 3555 1210 3627 inclinatas.
1262 3555 1432 3630 Memento
1458 3556 1602 3630 Domine
1628 3556 1847 3629 Sacerdotem
1864 3558 2061 3631 Ortbodoxo-

718 3693 805 3760 rum,
832 3672 1073 3764 Diaconorum,
1100 3671 1402 3760 subdiaconorum,
1428 3671 1622 3762 Lecturam,
1655 3674 1860 3762 Psaltarum‚
1896 3673 2062 3749 Monacbo-

718 3811 810 3876 rum,
845 3797 1039 3884 perpetuam
1072 3790 1296 3882 virginitatem
1329 3787 1564 3885 profitentium:
1600 3791 1819 3865 saeculariam
1854 3795 1912 3886 qui
1942 3792 2062 3865 obuia

719 3902 852 3978 Christo
879 3907 1068 3997 consignati
1094 3914 1188 3995 suut,
1215 3914 1390 3979 eteorum
1416 3909 1560 3978 omniurn
1586 3910 1641 4001 qni
1666 3909 1938 4002 inpersuasione
1958 3905 2063 3980 Orbo-

681 4104 686 4112 Ι
719 4019 828 4110 doxa,
856 4044 903 4092 ex
928 4019 993 4092 hoc
1020 4021 1141 4093 mundo
1169 4024 1301 4114 egressi
1327 4030 1411 4095 sunt

820 4136 996 4209 Sacerdos
1022 4136 1160 4208 cloacas
1183 4160 1310 4209 aecem.
1361 4136 1405 4210 la
1430 4139 1660 4211 remissionem
1691 4150 1908 4236 peccatorum
1939 4139 2063 4210 tribuam

717 4260 857 4324 naturae
883 4263 1019 4326 nostrae
1045 4253 1204 4342 Domine,
1231 4255 1335 4326 vitam
1362 4252 1490 4349 absque
1509 4251 1623 4342 senio,
1648 4253 1805 4328 laetitiam
1832 4256 2064 4338 indeficientem,

717 4365 807 4474 bonu
832 4368 1043 4441 immutabilia
1069 4368 1220 4443 concede
1255 4368 1415 4459 Domine,
1449 4372 1477 4443 si
1508 4371 1595 4442 enim
1620 4371 1805 4467 iniquitates
1839 4369 2063 4445 observavere

717 4481 881 4573 Domine,
908 4486 1051 4557 Domine
1078 4488 1151 4580 quis
1178 4482 1351 4560 sustinebit
1377 4485 1437 4557 te?
1464 4484 1550 4573 Quia
1569 4490 1675 4559 omnis
1697 4490 1822 4579 justitia
1849 4500 1966 4562 nostra
1984 4497 2064 4579 aare

716 4597 880 4694 perfectio
906 4603 1062 4672 virtutum
1087 4612 1286 4691 nostrarum,
1313 4612 1389 4675 sunt
1405 4611 1557 4697 tauquam
1575 4624 1703 4697 pannus
1722 4603 1871 4676 mulieris
1893 4614 2065 4677 menstrua-

718 4722 796 4801 tae‚'
818 4718 846 4786 si
874 4726 1108 4812 comparentur
1134 4740 1207 4789 cum
1231 4719 1357 4809 justitia
1382 4728 1455 4806 tua,
1484 4742 1505 4789 ο
1534 4727 1662 4792 amator
1687 4717 1864 4793 bominum.
1920 4722 1959 4793 Si
1975 4727 2063 4791 auten

717 4834 750 4901 in
776 4829 918 4924 Angelis
944 4831 1040 4906 iidem
1067 4855 1133 4905 non
1160 4836 1333 4924 invenisti,
1361 4856 1500 4930 quorum
1526 4844 1634 4908 tamen
1661 4833 1789 4910 indoles
1816 4846 1852 4908 et
1866 4849 1985 4911 natura
1997 4856 2063 4906 cor·

718 4968 822 5042 porea
849 4970 916 5020 nen
943 4959 1012 5040 ιιι,
1048 4959 1170 5045 quanto
1204 4954 1310 5043 magis
1341 4953 1374 5021 in
1408 4948 1506 5024 uobis
1542 4954 1596 5047 qui
1628 4974 1712 5025 vase
1743 4953 1959 5047 passionibus
1983 4949 2063 5046 plane

716 5063 820 5135 irrduti
848 5086 981 5156 sumus,
1007 5074 1042 5136 et
1068 5064 1238 5140 affectibus
1264 5066 1488 5141 materialibus
1515 5071 1673 5165 cooperti.
1726 5067 1819 5140 Unus
1846 5071 1938 5140 euim
1952 5069 2062 5142 emunt
