4525 6034
1424 578 1576 654 236
2429 578 3141 657 LITURGIA

1421 768 1614 858 regni
1667 769 1761 839 tui
1812 769 2146 862 impingua
2197 789 2346 841 nos.
2451 765 2539 839 Et
2588 776 2863 864 propter
2914 766 3081 839 baec
3135 771 3352 840 omnia
3401 770 3784 865 praecipue,
3831 767 4086 844 Ecclesia

1419 893 1531 954 tua
1601 893 1668 955 et
1732 905 1908 976 grex
1975 894 2125 956 tuus
2195 883 2592 979 deprecatur
2660 894 2765 974 te,
2831 894 2901 956 et
2961 906 3086 980 per
3152 892 3260 976 te,
3331 893 3528 979 atque
3594 893 3810 957 tecum
3869 887 4090 959 Patrem

1418 1008 1600 1071 tuum
1613 1052 1636 1087 ,
1693 998 1940 1071 dicens

1629 1116 1952 1208 Populus.
2057 1114 2406 1187 Miserere.

1627 1232 1994 1304 Sacerdos.
2100 1231 2243 1305 Nos
2302 1253 2584 1326 quoque.

1632 1347 1953 1440 Populus.
2060 1348 2161 1419 Te
2212 1347 2572 1421 laudamus.

1630 1461 1997 1533 Sacerdos.
2104 1464 2492 1558 Praecipue.

1630 1578 2003 1651 Diaconus.
2113 1581 2325 1665 Quam
2381 1579 2664 1652 timenda
2720 1589 2823 1652 est
2873 1578 3039 1652 haec
3089 1579 3270 1651 hora.

1631 1695 1981 1767 Sacerdos
2033 1698 2203 1767 dicit
2252 1698 2760 1767 Invocationem
2808 1695 3109 1790 Spiritus
3157 1699 3400 1767 sancti.

1627 1811 2154 1884 Misericordiam
2208 1824 2386 1884 tuam
2440 1810 2739 1885 obtestor
2791 1822 2860 1883 et
2909 1812 3267 1908 deprecor,
3321 1815 3607 1885 Domine
3656 1813 3874 1883 Deus:
3923 1813 4103 1883 mise-

1423 1949 1577 1999 rere
1629 1931 1801 2015 mei,
1857 1938 1923 1999 et
1975 1928 2235 2000 effunde
2289 1951 2489 2023 super
2541 1951 2649 2001 me
2700 1938 2769 2000 et
2821 1950 3020 2023 super
3082 1928 3450 2002 oblationes
3520 1932 3681 2001 istas
3745 1932 4104 2025 propositas,

1424 2046 1703 2136 gratiam
1759 2044 2042 2140 Spiritus
2094 2047 2188 2117 tui
2240 2047 2486 2118 sancti:
2540 2055 2608 2117 et
2656 2045 2896 2118 munda
2948 2067 3057 2117 me
3086 2043 3168 2116 ab
3221 2042 3524 2118 omnibus
3562 2044 3835 2117 maculis
3863 2048 4106 2140 peccati,

1428 2170 1497 2231 et
1551 2159 1853 2232 conforta
1905 2184 2011 2234 me
2067 2160 2151 2232 ad
2202 2164 2628 2234 ministerium
2683 2160 2811 2234 hoc
2861 2184 3094 2256 purum
3147 2171 3216 2233 et
3265 2171 3579 2236 sanctum.

1632 2276 2002 2348 Sacerdos.
2106 2276 2373 2348 Exaudi
2424 2300 2569 2365 me,
2621 2278 2924 2351 Domine.

1633 2392 1952 2487 Populus.
2058 2393 2269 2490 Kyrie
2328 2392 2601 2467 eleison.

1631 2510 2000 2581 Sacerdos.
2115 2509 2203 2581 Ut
2268 2533 2390 2606 per
2451 2507 2481 2549 ³
2532 2509 2833 2607 illapsum
2908 2532 3095 2583 suum
3160 2509 3512 2600 exhibeat,
3578 2531 3822 2604 panem
3885 2506 4108 2602 quidem

1423 2629 1651 2714 istum,
1707 2633 1749 2709 †
1804 2649 2046 2723 corpus
2101 2636 2404 2699 sanctum
2454 2627 2511 2715 -1-
2565 2625 2805 2699 Christi
2859 2629 2986 2699 Dei
3036 2631 3247 2699 nostri
3298 2627 3372 2715 -1-.

1631 2743 1949 2837 Populus.
2001 2744 2240 2815 Amen.
2975 2742 2985 2752 '

1632 2858 2000 2930 Sacerdos.
2106 2859 2192 2930 Et
2245 2864 2505 2933 mistum
2558 2859 2731 2955 quod
2785 2868 2889 2932 est
2938 2862 3007 2930 in
3058 2859 3186 2931 hoc
3224 2858 3469 2948 calice,
3520 2858 3729 2931 faciat
3763 2858 4111 2949 sanguinem

1430 2974 1671 3049 Christi
1722 2974 1851 3047 Dei
1905 2979 2131 3048 nostri.

1634 3091 1954 3185 Populus.
2058 3093 2298 3164 Amen.

1633 3207 1999 3279 Sacerdos.
2106 3208 2169 3279 N
2172 3205 2321 3280 obis
2375 3216 2593 3278 autem
2646 3229 2768 3301 per
2818 3206 3074 3278 illorum
3129 3209 3653 3301 susceptionem,
3711 3205 3828 3276 det
3888 3205 4112 3276 veniam

1431 3325 1856 3412 delictorum,
1922 3327 2379 3397 remissionem
2451 3333 2917 3419 peccatorum,
2972 3326 3309 3396 scientiam
3362 3345 3597 3393 veram
3647 3321 3842 3410 fidei,
3895 3320 4117 3392 zelum-

1430 3466 1559 3537 que
1609 3440 2001 3514 laudabilem
2056 3441 2436 3532 religioniS,
2490 3450 2558 3512 et
2608 3442 3171 3536 participationem
3223 3445 3403 3513 vitae
3457 3448 3796 3511 aeternae.

1636 3557 1954 3650 Populus.
2060 3557 2298 3628 Amen.

1638 3672 1989 3743 Sacerdos
2040 3672 2419 3744 inclinatus.
2526 3673 2628 3742 Da
2669 3672 2976 3763 Domine,
3025 3671 3374 3745 Ecclesiae
3406 3681 3559 3742 tuae
3611 3683 3677 3743 et
3734 3668 4113 3767 praesulibus

1436 3793 1623 3881 ejuS,
1672 3801 1744 3860 ut
1786 3794 1979 3883 juxta
2032 3794 2518 3885 praescriptum
2564 3789 2788 3881 legum
2840 3799 3095 3861 tuarum
3149 3812 3226 3862 se
3251 3799 3509 3881 gerant,
3564 3787 3875 3860 omnibus
3925 3784 4118 3857 diebus

1434 3908 1616 3977 vitae
1670 3927 1852 3978 suae.
3282 3979 3288 3984 .

1642 4021 1941 4092 Eleeans
1989 4044 2239 4092 vocem.
2345 4020 2433 4091 Et
2485 4019 2718 4094 oculos
2770 4019 3243 4092 intellectuales
3276 4021 3512 4092 mentis
3538 4030 3819 4092 nostrae
3870 4017 4120 4091 illumina

1436 4138 1759 4227 Domine,
1828 4147 1899 4209 ut
1967 4135 2485 4234 contemplemur
2561 4136 2873 4209 miracula
2937 4136 3158 4229 legum
3229 4146 3483 4208 tuarum
3545 4135 3944 4207 divinarum:
3991 4141 4120 4203 eta

1434 4254 1607 4350 lupis
1660 4253 2104 4349 spiritualibus
2156 4255 2542 4326 universum
2593 4274 2871 4345 gregem
2925 4263 3102 4325 tuum
3139 4275 3502 4327 conserva:
3556 4263 3625 4324 et
3660 4252 3860 4325 simul
3886 4249 4118 4323 referc—

1435 4392 1581 4442 mus
1633 4370 1751 4443 tibi
1801 4370 2084 4462 gloriam
2136 4380 2206 4441 et
2253 4367 2515 4442 laudem
2534 4422 2556 4458 ,
2608 4380 2736 4442 etc.
2812 4431 2818 4436 .

1643 4487 1962 4581 Populus.
2065 4488 2304 4559 Amen.

1644 4602 1995 4675 Sacerdos
2044 4602 2428 4673 inclinatas.
2532 4603 2868 4675 Memento
2919 4602 3205 4674 Domine
3258 4622 3487 4673 eorum
3555 4602 3665 4695 qui
3718 4602 4027 4673 invocant
4067 4605 4121 4667 te

1439 4741 1588 4792 cum
1638 4717 1768 4790 fide
1819 4740 2024 4807 vera,
2078 4728 2147 4791 et
2195 4718 2373 4793 bona
2427 4728 2784 4814 operantur
2831 4728 3106 4814 propter
3153 4738 3394 4789 nomen
3445 4727 3626 4789 tuum
3676 4727 3994 4789 sanctum.

1644 4834 1946 4905 Eleoans
1993 4856 2243 4906 vocem.
2353 4833 2602 4907 Omnes
2684 4857 2949 4929 quoque
3025 4833 3317 4929 reliquos
3396 4830 3834 4906 Orthodoxos
3906 4830 4121 4905 auxilio

1437 4960 1553 5023 tuo
1607 4949 1933 5043 adjuvans
1986 4951 2307 5040 Domine,
2356 4949 2639 5024 benedic
2690 4972 2814 5024 eos
2867 4953 2978 5044 qui,
3019 4953 3255 5044 juvant
3302 4946 3672 5022 Ecclesiam
3740 4960 3922 5023 tuam
3981 4966 4121 5019 san-
