4525 6034
565 592 618 668 AD
640 590 848 669 LHURGIAM
869 589 1063 670 COPTICAM
1083 592 1114 670 S.
1134 592 1279 670 BASILII.
1533 596 1610 672 223

242 772 1119 861 Wwwffitfirwssoemejwmpuim,
1156 778 1612 844 otoouresillisoomonrni-

239 885 340 940 oonoes
369 876 546 955 percipiunt
576 875 784 937 rescissionem
807 883 1020 954 poccatorem,
1042 877 1311 956 smmifleatiorsem
1333 885 1363 939 et
1391 879 1485 941 oitom
1506 890 1611 943 αεεεν-

237 995 314 1039 rosr.
359 973 474 1056 Effugit
495 980 595 1035 umen
617 972 723 1035 oculos
746 989 850 1035 eorum
864 976 915 1055 qui
928 972 1053 1037 editioni
1066 973 1274 1055 praefuerunt,
1296 974 1499 1041 luvocationia
1513 978 1610 1043 torma

237 1094 322 1156 quam
346 1074 480 1136 continet
500 1070 607 1134 lacobi
629 1071 706 1152 Syra
729 1070 879 1155 liturgia:
910 1073 941 1134 in
968 1091 1005 1136 ea
1035 1074 1114 1135 enim
1139 1074 1260 1155 integre
1282 1074 1410 1158 legitur,
1438 1094 1509 1159 pag.
1535 1075 1610 1143 193.

234 1169 1610 1254 mmmmumposerormtposeaffsmtoempernoe,ermpertoeot-
1688 1241 1692 1248 ,

233 1272 362 1333 latim
385 1272 576 1350 propositos,
605 1269 750 1349 Spisiosrn
777 1277 859 1331 tantm
885 1279 1022 1333 sonemus
1051 1279 1082 1332 ct
1101 1272 1319 1350 oios’ficootem,
1342 1262 1524 1360 σύνθρονον
1544 1275 1610 1351 tibi,

232 1371 315 1434 Peos
332 1379 441 1451 poter,
464 1389 531 1431 crass
550 1371 614 1449 filio
636 1377 884 1449 omrreprroatem,
906 1368 1192 1431 consubstorm'alem
1213 1376 1464 1434 etcooetemam:
1487 1374 1540 1453 pai
1559 1373 1609 1435 lo-

231 1477 319 1533 eutus
340 1477 387 1531 est
407 1470 440 1530 irs
460 1467 557 1549 lege,
579 1467 739 1548 Prophetis
767 1476 797 1530 et
819 1467 1003 1530 Testamenta
1031 1477 1083 1529 tuo
1110 1487 1207 1530 rrooo:
1236 1471 1288 1549 put
1316 1470 1471 1532 columboe
1497 1474 1609 1551 specie,

230 1588 324 1648 super
348 1567 454 1630 Jesrsrrs
481 1566 633 1629 Clrristusn
664 1566 825 1628 Domimsrrs
851 1574 1002 1641 nostram,
1031 1568 1064 1628 irs
1091 1566 1231 1629 Jordorro
1256 1565 1349 1645 fluvio
1376 1569 1547 1645 ἀονοωιιίίν,
1580 1578 1612 1631 et

229 1663 502 1751 superldpostolos
522 1672 647 1728 smctos
667 1666 824 1745 ignearum
845 1665 1016 1744 mquam
1034 1664 1140 1743 [orosa
1161 1673 1208 1726 est
1222 1666 1367 1745 iltopsus:
1389 1674 1424 1728 ot
1443 1668 1609 1731 advertens

229 1765 347 1847 efficior
363 1783 475 1844 possem
495 1765 587 1826 &aar
608 1782 718 1843 corpas
738 1764 905 1842 vivificans,
928 1782 1040 1843 corpus
1062 1764 1213 1845 solotpre,
1236 1781 1348 1843 corpus
1369 1765 1512 1842 coeleste,
1535 1785 1609 1830 cor-

226 1883 286 1946 pus
307 1863 470 1926 oedmobos
491 1871 521 1924 et
542 1862 721 1942 corporibus
741 1862 868 1922 mutere
883 1869 1066 1941 praestares,
1088 1879 1201 1941 corpus
1220 1862 1345 1924 Domini
1363 1861 1424 1925 Dei
1444 1871 1475 1925 et
1493 1863 1609 1928 Solou-

227 1966 305 2026 tors‘s
325 1964 426 2025 reostn'
445 1961 521 2023 Jesrs
533 1960 661 2035 Chris&
683 1963 715 2022 irs
736 1962 944 2022 remissiorem
962 1968 1161 2040 peccotorrrm
1183 1969 1213 2022 et
1225 1962 1320 2022 citam
1332 1970 1497 2037 oetemom,
1519 1967 1609 2026 occi-

227 2062 382 2144 pients‘lros
403 2061 486 2123 tad.
532 2059 666 2140 Populus
687 2058 792 2121 Arsen.
837 2058 880 2121 Et
899 2061 1019 2121 mistum
1039 2059 1121 2139 quod
1142 2060 1174 2120 in
1195 2058 1254 2122 boo
1283 2059 1379 2121 colice
1408 2067 1473 2136 est,
1494 2060 1610 2142 efficiat

228 2162 407 2242 sargadnem
432 2159 612 2221 Testamenti
631 2161 720 2232 noct,
742 2160 919 2238 magrones
941 2157 1122 2232 solutorem
1145 2159 1323 2237 smegabrerr
1345 2158 1511 2238 moifiwrn,
1530 2177 1608 2220 sore·

227 2260 350 2340 ςνίνιενι
375 2258 547 2332 coelem,
577 2257 754 2336 conparere
781 2257 834 2336 qui
859 2255 1019 2317 manebas
1048 2262 1079 2317 et
1104 2255 1285 2336 corporibus
1312 2256 1438 2319 aduren
1459 2265 1607 2337 praestet,

228 2359 408 2437 mgrdrrem
434 2356 574 2430 Domini,
602 2355 662 2417 Dei
694 2361 726 2415 et
750 2353 924 2417 Solootoris
949 2356 1049 2416 nostri
1075 2353 1152 2416 Jesu
1181 2352 1309 2430 Christi,
1338 2356 1371 2416 in
1399 2358 1609 2418 remrsss'oneno

225 2463 425 2536 peccosrms
453 2462 484 2516 et
510 2456 605 2516 atum
632 2459 788 2515 odonem
818 2452 1050 2532 accipientibus
1077 2454 1177 2528 Wam,
1208 2459 1266 2516 etc.
1309 2453 1410 2535 Atque
1439 2453 1510 2517 illae
1537 2463 1608 2518 sunt

227 2555 414 2635 praecipuae
436 2552 596 2615 invocandi
618 2550 747 2633 Spiritus
770 2552 866 2614 sancti
889 2549 1053 2628 formulae,
1077 2570 1152 2633 quas
1176 2550 1348 2615 Orientales
1374 2552 1530 2636 liturgiae
1551 2571 1609 2616 no·

227 2653 275 2718 bis
297 2652 541 2728 subministrant,
564 2650 733 2732 dequibus
756 2668 817 2712 non
838 2652 1074 2732 praecipitanter
1097 2650 1175 2713 adeo
1199 2650 1394 2732 judicandum
1424 2661 1488 2731 est,
1519 2669 1608 2733 quam

228 2751 370 2815 amultis
392 2751 544 2832 superiori
566 2759 598 2813 et
620 2758 725 2814 nostro
748 2750 871 2814 saeculo
893 2750 1093 2832 scriptoribus
1107 2749 1218 2812 lactum
1231 2750 1378 2829 dolemus,
1401 2769 1469 2813 cum
1483 2748 1609 2812 danma-

227 2858 338 2914 veruut
360 2852 478 2932 privato
501 2867 557 2913 suo
576 2849 707 2932 judicio,
730 2868 808 2931 quae
830 2851 955 2930 vigente
977 2850 1058 2912 inter
1080 2847 1276 2912 Occidentem
1296 2848 1511 2931 Orientemque
1529 2867 1609 2912 con-

227 2949 352 3028 cordia,
375 2950 406 3011 in
429 2949 569 3025 Graecis,
593 2947 680 3030 Syris
704 2955 736 3011 et
758 2948 839 3024 aliis,
869 2948 1007 3011 Ecclesia
1034 2948 1177 3010 universa
1208 2956 1239 3009 et
1267 2948 1332 3028 ipsa
1360 2949 1493 3011 Romana
1521 2965 1608 3010 com-

226 3048 381 3128 probavit.
425 3047 520 3129 lgitur
542 3067 582 3110 ex
605 3048 830 3128 comparatione
853 3047 1040 3110 diversarum
1062 3044 1256 3108 formularum
1278 3064 1353 3128 quas
1381 3047 1553 3125 retulimuS,
1577 3054 1608 3110 et

227 3147 355 3209 slianmr
375 3147 588 3227 plurimarum,
614 3165 690 3227 quas
713 3153 825 3208 tantum
848 3144 1087 3226 designavimus,
1118 3154 1179 3207 tum
1203 3163 1243 3206 ex
1271 3147 1420 3208 immutata
1450 3163 1508 3226 per
1538 3145 1607 3209 edi·

226 3253 312 3309 tores
334 3246 577 3308 Maroniticarum
599 3245 749 3320 lectione,
772 3252 805 3307 ut
827 3252 860 3306 ct
881 3244 1075 3325 quarumdam
1097 3243 1239 3319 alianum,
1263 3262 1340 3325 quae
1355 3245 1480 3307 mutatio
1505 3251 1604 3306 tamen

161 3361 167 3368 ’
225 3345 306 3407 intra
328 3344 449 3407 Latinas
472 3346 630 3407 versiones
653 3345 804 3420 constitit,
826 3345 944 3406 intactis
967 3344 1129 3425 primaevis
1153 3343 1395 3422 exemplaribus,
1424 3344 1483 3407 duo
1507 3344 1605 3405 rnani-

226 3444 306 3507 festa
333 3451 415 3506 sunt.
466 3445 594 3506 Primum
625 3453 688 3518 est,
717 3444 943 3506 luvocationem
973 3441 1182 3523 Aegyptiacae
1210 3440 1383 3522 Liturgiae,
1414 3443 1605 3523 omniumque

226 3544 430 3624 niquarum,
453 3542 578 3606 Graecis
600 3561 727 3625 prorsus
748 3542 885 3606 turmulis
907 3559 978 3604 esse
1002 3540 1145 3603 similem:
1169 3538 1295 3603 alterum
1315 3540 1396 3621 quod
1412 3542 1604 3623 interpolatio

226 3641 323 3718 facta,
347 3643 466 3704 sivein
490 3640 650 3705 Codicibua
672 3644 836 3726 peregrina
859 3641 960 3721 lingua
983 3641 1122 3720 scriptis,
1146 3640 1212 3702 sive
1233 3640 1263 3702 in
1281 3657 1387 3702 eorum
1404 3639 1517 3703 Latinis
1529 3658 1606 3703 ver·

225 3741 381 3816 sionibus,
415 3742 592 3805 sententiam
622 3743 737 3823 primae
770 3741 910 3804 lectionis
945 3743 986 3802 ita
1013 3747 1191 3814 commutet,
1226 3746 1257 3801 ut
1287 3738 1381 3802 altera
1411 3759 1479 3803 cum
1509 3740 1605 3804 altera

227 3840 384 3904 conciliari
406 3839 487 3901 nulla
510 3840 627 3902 ratione
649 3841 756 3921 possit
800 3838 875 3901 Nam
898 3837 1065 3901 secundum
1088 3838 1169 3900 illam
1207 3846 1323 3908 oratur,
1339 3838 1421 3901 Deus
1451 3847 1483 3902 ut
1510 3840 1606 3902 mittat

227 3939 371 4020 Spiritum
393 3946 548 4014 sanctum,
571 3940 622 4019 qui
645 3956 701 4001 suo
723 3938 754 3999 in
778 3938 855 4001 dona
877 3939 1033 4020 proposita
1056 3937 1180 4017 illapsu,
1204 3935 1467 4018 efficacissimaque
1490 3955 1604 4018 opera-

223 4039 326 4112 tione,
349 4036 440 4099 iaciat
461 4056 497 4100 ea
520 4055 631 4118 corpus
654 4046 685 4101 et
707 4039 884 4121 sanguinem
907 4036 1036 4112 Christi,
1059 4035 1206 4115 simulque
1221 4034 1359 4098 fidelibus
1383 4055 1419 4099 ea
1432 4038 1605 4118 suscipien-
1733 4045 1737 4060 ·

225 4137 308 4199 tibus
336 4139 377 4198 ita
406 4154 463 4217 per
489 4137 617 4220 gratiam
639 4155 724 4199 suam
746 4137 959 4218 superveniat,
983 4142 1014 4196 et
1035 4134 1175 4197 illabatur
1197 4135 1227 4195 in
1250 4152 1355 4196 eorum
1383 4134 1542 4212 cordibus,
1572 4146 1605 4199 ut

225 4234 335 4297 eadem
356 4237 498 4316 mysteria
521 4235 640 4316 prosint
668 4236 726 4298 illis
750 4235 787 4298 ad
809 4236 1017 4298 remissionem
1036 4242 1240 4317 pcccatorum,
1262 4236 1378 4318 gratiae
1402 4242 1603 4319 augmentum,

224 4341 259 4396 et
282 4335 373 4395 vitam
395 4342 560 4398 aeternam
604 4333 766 4398 Conciliari
788 4351 864 4397 vero
888 4334 972 4397 visae
994 4342 1064 4397 sunt
1080 4335 1153 4416 ipsis
1167 4333 1324 4396 commode
1340 4332 1418 4395 duae
1441 4332 1510 4396 illae
1529 4350 1604 4396 sen-

223 4433 355 4509 tentiae,
386 4432 412 4494 si
440 4433 480 4495 itu
502 4434 597 4512 prima
619 4432 710 4496 lectio
734 4432 952 4515 refingeretur,
975 4440 1007 4495 ut
1029 4433 1098 4495 loco
1121 4433 1255 4507 illorum,
1282 4441 1333 4494 aut
1362 4431 1500 4494 similium
1528 4449 1605 4495 ver·

224 4532 336 4594 borum
357 4530 490 4610 Spiritus
509 4539 635 4594 sorenes
653 4532 756 4610 fociot
784 4552 825 4595 eo
854 4552 967 4613 corpses
988 4542 1018 4595 et
1047 4534 1224 4612 conponere
1253 4529 1384 4606 Christi,
1415 4549 1509 4610 eoque
1535 4532 1605 4610 spru

222 4631 316 4692 nobas
332 4631 482 4710 prodesse
504 4632 548 4692 ad
567 4634 776 4694 rememorem
793 4639 1005 4714 peccatoram,
1028 4633 1068 4694 ita
1098 4630 1232 4712 legatur:
1259 4637 1294 4691 ut
1321 4629 1454 4709 Spiritus
1482 4635 1606 4689 sanctas

220 4729 326 4808 sorim
346 4728 423 4790 taec
444 4731 607 4811 mysterio,
628 4731 770 4793 videlicet
790 4750 903 4811 corpus
931 4739 962 4793 et
981 4732 1158 4811 respuerem
1185 4727 1314 4804 Christi,
1347 4726 1435 4789 nobb
1456 4727 1605 4806 prodesse
1703 4811 1710 4817 ι

224 4828 270 4888 od
291 4829 387 4888 citum
408 4834 585 4889 aemam:
606 4830 658 4910 qui
679 4847 789 4892 sensus
812 4830 934 4893 omnino
946 4838 978 4893 et
993 4828 1031 4891 ab
1047 4829 1169 4909 antiqua
1182 4825 1356 4902 traditione,
1380 4833 1410 4887 et
1425 4824 1462 4886 ab
1475 4824 1604 4887 omnium

225 4924 366 4987 codicum
389 4924 542 5001 lectione,
565 4934 596 4990 et
618 4927 655 4989 ab
679 4927 825 4991 Orientali
848 4928 1036 5010 Theologia,
1063 4934 1094 4990 et
1116 4927 1155 4991 ab
1176 4927 1274 5007 ipsius
1303 4924 1458 5007 Liturgiae
1488 4923 1605 4999 ordine,

222 5022 315 5086 abest
336 5042 424 5104 qnam
448 5024 633 5107 longissime.
