4525 6034
471 589 502 665 S.
553 590 756 666 Jllbll
806 591 1037 667 PAPAE
1088 590 1375 672 litanti.
1532 595 1609 670 229

340 773 502 868 Populus.
528 776 648 849 Amen.

339 888 515 963 Socerum
540 891 732 963 inclinatus.
787 889 964 966 otuinus
997 896 1097 986 igitar
1136 893 1197 966 tibi
1230 896 1374 967 Domine
1409 894 1611 969 sacrificium

232 1003 299 1076 boc
324 1026 385 1101 pro
412 1006 566 1079 omnibns
593 1006 764 1081 ordinibus
791 1007 1051 1098 Ecclesiasticis,
1077 1020 1113 1081 ot
1138 1030 1201 1105 pro
1228 1020 1428 1107 paupertate
1454 1032 1547 1099 mea,
1576 1020 1611 1083 ct

232 1122 410 1216 unicuique
437 1121 594 1193 auxilium
622 1120 738 1196 tribua.

338 1236 489 1307 Eteonos
518 1259 645 1308 coccm.
697 1240 859 1313 Pastores
900 1250 935 1311 et
971 1239 1140 1312 Doctores
1179 1238 1398 1316 Ortbodoxos
1431 1240 1610 1315 Ecclesiae

231 1361 311 1424 tuae
338 1363 486 1440 sanctae,
513 1356 676 1448 sapientia
704 1365 737 1426 et
763 1353 890 1426 viribus
916 1357 1041 1428 instruc
1075 1356 1240 1446 nonne,
1272 1367 1307 1428 ut
1343 1367 1496 1453 qnantum
1523 1379 1609 1453 opus

232 1476 288 1539 est
313 1477 400 1539 stent
426 1489 529 1563 super
554 1490 681 1560 greges
709 1479 784 1542 tuos
811 1470 1059 1558 sacerdotales,
1090 1473 1124 1541 in
1156 1474 1261 1566 pratis
1294 1470 1359 1554 illis
1393 1470 1609 1564 coelestibus,

230 1581 442 1674 Evangeliee
473 1594 651 1677 pascentes
687 1607 797 1678 agnos
831 1590 984 1678 signatas
1016 1589 1151 1658 nomine
1181 1595 1239 1659 tuo
1273 1595 1411 1677 sancto,
1447 1609 1535 1659 nune
1575 1599 1610 1660 et

232 1718 379 1793 semper.
693 1763 696 1776 .

335 1812 496 1906 Populos.
548 1815 669 1886 Amen.

336 1926 511 2002 Sacerdm
536 1929 730 2000 inclinatus.
783 1928 952 2002 Memento
988 1931 1131 2003 Domine
1164 1952 1280 2003 eorum
1325 1935 1380 2026 qui
1414 1954 1607 2028 praecepe-

229 2055 307 2116 runt
332 2045 441 2132 nobis,
467 2057 503 2116 nt
528 2045 659 2117 illorum
686 2065 852 2117 memores
880 2067 1032 2117 essemus
1067 2047 1100 2115 in
1137 2047 1343 2119 orationibus
1375 2056 1410 2118 et
1436 2048 1607 2143 depreca-

229 2159 375 2233 tionibus
412 2164 535 2234 nostris
569 2162 610 2233 ad
643 2171 694 2233 te:
731 2170 765 2232 et
797 2183 913 2233 eorum
947 2163 1002 2256 qui
1037 2160 1233 2255 praeclarae
1277 2166 1368 2234 vitae
1412 2163 1607 2259 triumphum

229 2286 373 2368 egerunt
398 2279 432 2347 in
458 2275 612 2349 Ecclesia
639 2284 706 2364 tna,
734 2286 768 2348 et
793 2298 976 2372 pauperum
1002 2274 1116 2372 populi
1143 2279 1198 2346 tui.

336 2391 487 2464 Elaeam
511 2415 637 2464 vocem.
690 2393 843 2484 Benigne
870 2403 979 2464 autem
1006 2377 1164 2464 Domine
1182 2395 1317 2490 suscipe
1349 2393 1537 2468 oblationes
1572 2405 1607 2467 et

232 2506 320 2579 dona
356 2507 470 2602 populi
504 2511 550 2579 tui
582 2507 708 2597 fidelis,
749 2517 782 2578 et
815 2506 963 2579 retribue
996 2506 1060 2578 illis
1093 2507 1217 2579 auxilia
1243 2509 1417 2602 praeclara
1444 2510 1608 2581 donorum

229 2633 371 2709 tuorum,
398 2646 485 2696 nunc
512 2623 644 2719 quidem
670 2646 712 2695 ea
739 2626 934 2719 quaeipsis
961 2622 1164 2719 expediunt:
1192 2623 1313 2695 deiude
1338 2645 1441 2712 vero,
1475 2646 1608 2697 sursum

229 2741 264 2808 in
300 2748 453 2810 extrema
486 2739 638 2826 saeculo,
673 2738 869 2835 triumphum
901 2738 1060 2811 illustrem
1097 2749 1132 2809 et
1166 2738 1369 2835 perlectum,
1406 2751 1441 2812 et
1473 2762 1607 2812 omnem

229 2853 428 2925 affluentiam
460 2854 651 2927 deliciarum
688 2854 960 2928 indesinentium:
1000 2865 1035 2927 ut
1071 2857 1199 2946 gratias
1235 2865 1355 2947 agant,
1397 2853 1537 2925 adorent
1574 2862 1608 2925 et

228 2969 427 3061 glorificent,
454 2990 584 3065 nosque
610 2992 684 3042 cam
712 2973 806 3066 ipsis
832 2992 954 3043 nomen
981 2979 1071 3042 taum
1099 2980 1248 3042 sanctum
1284 2980 1319 3041 et
1345 2971 1505 3061 unigeniti
1532 2969 1607 3041 Filii

229 3086 287 3170 tui,
316 3094 349 3155 et
375 3085 518 3180 Spiritus
546 3090 592 3158 tui
620 3091 739 3174 sancti,
766 3108 853 3157 nunc
879 3095 914 3157 et
939 3107 1083 3183 semper.

334 3198 497 3292 Populus.
550 3204 669 3275 Amen.

335 3315 510 3389 Scoerdm
541 3319 733 3388 inclinatus.
792 3317 961 3389 Memento
1002 3317 1145 3390 Domine
1184 3317 1298 3413 populi
1340 3321 1386 3389 tui
1426 3316 1532 3390 fidelis
1573 3326 1608 3389 et

229 3430 372 3527 prohibe
398 3433 441 3504 ab
469 3432 533 3504 illis
560 3432 697 3507 bostiles
724 3437 876 3505 incursus
893 3444 1044 3505 secretos
1071 3442 1105 3504 et
1131 3443 1278 3528 apertae,
1305 3431 1395 3504 bella
1423 3432 1605 3506 domestica

230 3556 266 3617 et
291 3558 465 3639 extranea,
493 3559 527 3620 et
553 3572 652 3622 omne
678 3549 898 3621 calamitatum
925 3570 1042 3639 genus.

334 3663 484 3736 ldleouaa
509 3688 635 3736 uocem.
690 3664 808 3759 Neque
834 3675 972 3760 propter
997 3666 1204 3758 insipientias
1221 3673 1355 3737 ambas
1382 3664 1522 3737 deseras
1540 3685 1604 3737 nos

230 3778 418 3875 orphanos,
447 3780 622 3853 destitutos
648 3784 771 3853 virtute
799 3790 832 3852 et
859 3780 983 3851 auxilio
1016 3790 1074 3851 tuo
1100 3781 1262 3852 Domine:
1295 3801 1405 3874 neque
1440 3781 1606 3853 avertaris

229 3918 250 3967 a
277 3893 384 3983 nobis,
412 3906 447 3967 et
473 3897 653 3989 alligamur
679 3918 794 3968 amare
819 3896 904 3968 ultra
931 3899 1023 3967 vires
1058 3906 1212 3969 nostras:
1247 3895 1308 3968 sed
1343 3897 1506 3991 propitius
1533 3903 1606 3968 esto

228 4010 345 4098 nobis,
378 4022 413 4083 et
445 4009 488 4082 ab
523 4015 611 4085 omni
644 4034 770 4104 genere
804 4017 997 4107 passionum
1031 4014 1160 4106 peccati
1196 4009 1344 4082 liberans
1378 4031 1462 4097 nos,
1489 4007 1606 4082 subter

229 4123 301 4196 alas
344 4135 419 4199 tuas
457 4137 619 4221 perpetuo
655 4148 717 4200 nos
758 4125 944 4199 abscondo:
981 4129 1055 4219 qnia
1083 4136 1117 4197 tu
1153 4125 1247 4197 Deus
1281 4123 1431 4198 salvator
1463 4134 1497 4195 et
1523 4146 1605 4197 ser-

228 4249 329 4311 vator
356 4244 500 4312 omnium
527 4264 578 4328 es,
605 4251 639 4314 et
665 4241 723 4314 tibi
749 4242 890 4336 gloriam
917 4241 1092 4314 referimus
1119 4252 1154 4313 et
1179 4244 1350 4334 unigenito
1377 4241 1463 4313 Filio
1490 4250 1546 4313 tuo
1571 4249 1606 4311 et

228 4354 368 4450 Spiritui
395 4365 450 4430 tuo
478 4368 606 4431 sancto.

334 4470 496 4565 Populus.
548 4475 669 4547 Amen.

335 4586 511 4660 Sacerdos
536 4589 730 4662 inclinatae.
783 4590 952 4662 Memento
980 4588 1124 4661 Domine
1156 4593 1300 4661 omnium
1332 4597 1522 4662 sanctorum
1550 4588 1605 4680 qui

228 4723 249 4771 a
276 4702 415 4776 saeculo
442 4705 639 4799 placuerunt
664 4704 732 4794 tibi,
759 4705 801 4778 ab
828 4706 979 4793 Adamm
1017 4705 1059 4777 ad
1085 4704 1170 4777 banc
1202 4728 1309 4800 usqne
1342 4704 1439 4775 diem.
1492 4703 1604 4773 Prae-

228 4818 326 4912 cipue
354 4839 439 4891 vcro
467 4831 604 4894 saccae
631 4819 809 4893 Genitricis
843 4823 907 4894 Dei
933 4822 1077 4908 Mariae,
1113 4821 1255 4896 loannis
1291 4821 1484 4916 Baptistae,
1518 4817 1604 4889 Ste-

227 4931 327 5027 pbaui
369 4940 528 5034 principis
559 4939 785 5010 Diaconomm
827 4948 861 5010 et
899 4941 995 5033 primi
1035 4944 1217 5032 martyram
1258 4947 1292 5008 et
1334 4935 1479 5006 omniurn
1516 4954 1604 5006 san-

228 5057 369 5121 ctorum.

1308 5166 1385 5242 32*
