4525 6034
675 612 752 686 230
903 563 912 574 ’
1149 610 1580 691 oonnnnrrarus

676 797 833 859 concedat.
878 797 984 878 Neque
1009 797 1037 860 id
1066 796 1246 860 observatur
1268 797 1456 861 solummodo
1483 798 1515 860 in
1538 798 1704 863 Ritualibus
1727 799 1869 879 Graecis,
1902 799 1985 884 Syris
2013 811 2044 866 et

679 895 824 977 Copticis,
848 898 1063 979 cujuscumque
1084 905 1202 977 sectae,
1224 898 1279 960 sed
1302 899 1330 960 in
1346 896 1460 960 Latinis
1483 900 1572 961 etiam
1595 901 1733 981 antiquis.
1757 901 1799 964 At
1820 919 1908 963 nemo
1932 900 2045 964 dubitat

675 998 747 1077 quin
777 997 915 1059 remissio
945 1004 1157 1077 peccatorum,
1180 1015 1237 1077 per
1265 998 1529 1084 regenerationem
1565 1000 1595 1060 in
1630 1000 1795 1081 baptismo,
1829 1000 2043 1079 plenitudinem

675 1097 803 1178 gratiae,
828 1104 858 1158 et
880 1097 1007 1176 Spiritus
1030 1097 1126 1158 sancti
1150 1094 1318 1159 contulerit.
1363 1096 1407 1161 lta
1437 1098 1468 1160 in
1491 1097 1594 1162 Olllcio
1617 1098 1810 1176 Consumtis,
1833 1101 1899 1161 siue
1923 1099 2043 1163 Conm-
2120 1089 2127 1106 “

674 1197 831 1274 matianis,
856 1197 944 1259 etiam
972 1204 1043 1276 post
1071 1197 1256 1275 orationem,
1288 1214 1365 1276 quae
1392 1215 1466 1277 prae
1489 1200 1618 1261 caeteris
1641 1197 1756 1262 lormae
1773 1199 1920 1261 rationem
1942 1199 2041 1281 habet,

674 1312 783 1374 nempe
804 1295 997 1375 Sipnacnlnm
1019 1297 1093 1358 doni
1112 1295 1245 1375 Spiritus
1266 1295 1383 1372 Sancti,
1405 1304 1510 1358 oratur
1531 1297 1569 1359 ad
1592 1315 1660 1360 eum
1683 1297 1886 1362 obtinendum.
1923 1298 1958 1361 ln
1980 1298 2043 1362 Or·
2099 1311 2103 1320 ‘

674 1395 825 1458 dinatione
848 1396 1000 1459 similiter:
1024 1404 1054 1458 et
1076 1395 1148 1457 licet
1170 1413 1231 1458 nou
1253 1413 1312 1457 una
1334 1397 1374 1458 sit
1386 1396 1624 1460 doctissimorum
1638 1396 1862 1480 'theologorum
1885 1395 1924 1459 de
1946 1399 2040 1463 torma

674 1481 799 1576 proprie
822 1494 902 1556 dicta
923 1493 1011 1576 hujus
1035 1493 1221 1558 Sacramenti
1245 1497 1405 1576 sententia,
1428 1495 1568 1560 adfinem
1589 1516 1686 1578 usque
1704 1496 1810 1576 Oilicii,
1834 1498 1915 1577 quod
1937 1514 2040 1560 omnes

674 1594 827 1655 orationes
850 1593 1054 1676 formulasque
1077 1593 1296 1675 complectitur,
1320 1613 1430 1676 preces
1455 1596 1492 1658 ad
1514 1596 1610 1659 Deum
1632 1597 1722 1675 liunt,
1746 1603 1779 1660 ut
1801 1594 1957 1675 Ordinato,
1980 1615 2040 1660 non

672 1692 762 1754 modo
784 1695 911 1777 gratiam
933 1694 1099 1764 sanctitatis
1122 1694 1287 1756 ministerio
1311 1713 1366 1758 sao
1390 1697 1607 1771 convenientis,
1637 1694 1692 1759 sed
1714 1703 1895 1778 potestatem
1924 1699 2041 1760 autori-

675 1799 826 1875 tatemque
849 1793 977 1872 tribuat,
1007 1811 1095 1874 quam
1124 1811 1182 1875 per
1210 1794 1432 1874 impositionem
1459 1813 1614 1874 manuum,
1639 1802 1676 1857 et
1697 1795 1791 1858 verba
1813 1794 2040 1859 sacramentalia

670 1894 732 1975 jam
755 1900 936 1955 consecutus
958 1900 1014 1954 est.
1040 1893 1263 1969 Paenitentiae,
1286 1894 1641 1972 Extremae-Unctionis,
1673 1904 1704 1958 et
1731 1895 1911 1959 Matrimonii
1935 1895 2037 1958 Officia

674 1992 817 2074 precibus
840 1999 871 2054 et
892 1992 1152 2055 benedictionibus
1180 2001 1335 2071 constant,
1363 1992 1443 2074 quod
1473 2012 1539 2056 cum
1561 1994 1674 2056 Latinis
1697 1995 1826 2075 antiquis
1854 2004 1884 2059 et
1914 1995 2037 2058 Graecis

674 2092 839 2155 Ritualibus
862 2110 1020 2155 commune
1042 2092 1101 2155 illis
1123 2101 1179 2157 est.

760 2192 865 2255 Nullus
899 2192 958 2254 huc
987 2210 1084 2272 usque
1112 2193 1191 2255 inter
1228 2194 1392 2257 acerrimos
1427 2192 1545 2256 llituum
1575 2193 1769 2257 Orientalium
1802 2195 2038 2277 impugnatores,

673 2290 742 2353 illos
765 2291 973 2354 condemnavit
999 2310 1037 2354 eo
1060 2293 1198 2369 nomine,
1229 2291 1307 2373 quod
1335 2294 1600 2357 sacramentalibus
1630 2294 1670 2356 ad
1698 2293 1881 2375 Baptismum
1911 2295 2040 2358 dandum

673 2392 776 2453 uerbis
799 2392 935 2473 injuriam
958 2390 1104 2468 lacerent,
1127 2409 1195 2453 cum
1218 2393 1360 2455 invocant
1391 2393 1533 2476 Spiritum
1555 2399 1710 2471 sanctum,
1732 2401 1765 2455 ut
1787 2392 1926 2455 illabatur
1947 2413 2040 2476 super

675 2506 782 2570 aquam
803 2490 1022 2574 regenerandis
1046 2490 1213 2553 hominibus
1236 2501 1457 2572 praeparatam,
1480 2501 1510 2556 et
1532 2510 1625 2573 super
1646 2491 1856 2572 baptisandos,
1880 2501 2040 2575 antequam

673 2591 916 2673 regenerationis
938 2592 1063 2672 gratiam
1086 2592 1243 2654 consecuti
1272 2592 1349 2670 sint,
1379 2599 1430 2654 aut
1452 2591 1641 2676 signaculum
1670 2592 1768 2654 sancti
1791 2590 1919 2674 Spiritus
1947 2612 2039 2656 acce-

675 2691 783 2771 perint.
807 2690 882 2753 Cum
904 2690 969 2771 ejus
992 2690 1166 2754 inhabitatio
1191 2709 1248 2771 per
1269 2690 1357 2754 tidem
1379 2693 1410 2753 in
1440 2692 1582 2755 cordibus
1603 2691 1831 2772 Neophytorum
1853 2692 1915 2773 jam
1938 2693 2040 2775 bapti-

674 2799 806 2853 satorum
829 2790 1008 2872 postalatur,
1030 2790 1102 2853 nihil
1125 2790 1303 2873 designatur
1326 2791 1415 2867 aliud,
1438 2810 1527 2873 quam
1549 2792 1619 2855 doni
1642 2809 1712 2854 mox
1734 2808 1791 2871 per
1813 2809 1920 2871 aquam
1942 2794 2037 2855 sacris

673 2890 776 2953 verbis
806 2890 1019 2953 accedentibus
1046 2890 1279 2952 administratam
1306 2891 1484 2972 postulatio,
1518 2898 1569 2954 aut
1593 2893 1655 2975 jam
1691 2892 1810 2971 accepti
1842 2892 2039 2955 confirmatio.

672 2990 715 3053 lta
738 2993 768 3053 in
791 2990 1036 3067 Confirmatioae,
1059 2992 1089 3052 in
1112 2990 1328 3053 Paenitentiam
1344 2992 1602 3071 reconciliatione,
1625 2992 1656 3054 in
1670 2989 1881 3055 Ordinatioue:
1903 2999 1935 3054 et
1956 2993 2038 3054 aliis:

671 3093 704 3156 ln
727 3090 836 3153 liituali
859 3091 976 3155 Severi.
1000 3091 1042 3153 ta
1062 3090 1191 3152 Domine
1212 3091 1268 3152 hoe
1289 3110 1396 3153 aanor
1418 3099 1495 3167 ame,
1518 3093 1570 3173 qai
1589 3110 1669 3153 manc
1690 3090 1835 3169 baptisati
1860 3100 1930 3152 sant
1947 3111 2038 3172 repe-

671 3193 839 3256 nerationis
860 3192 998 3267 lavacro,
1021 3191 1180 3270 sanctifica
1201 3192 1233 3252 in
1255 3193 1382 3252 veritate
1404 3199 1468 3267 tao,
1490 3192 1579 3271 inple
1600 3209 1653 3252 eoa
1671 3192 1776 3271 gralia
1788 3189 1920 3268 Spiritus
1941 3192 2040 3252 sancti

672 3295 732 3370 tui,
764 3290 846 3373 quod
867 3291 898 3352 in
920 3291 986 3353 aliis
1016 3308 1136 3372 quoque
1164 3288 1275 3353 Obiciis
1298 3290 1418 3373 legitur.
1463 3288 1527 3352 llae
1557 3307 1649 3371 porro
1681 3288 1854 3369 similesque
1884 3291 2038 3353 orationes

673 3409 733 3454 non
756 3390 854 3474 rigide
877 3391 1071 3472 accipiendae
1094 3397 1174 3465 sunt,
1197 3390 1283 3470 quasi
1306 3389 1355 3451 vel
1377 3388 1528 3452 dubitetur
1549 3389 1587 3452 de
1610 3387 1789 3452 certitudine
1807 3390 2037 3468 promissionum

674 3489 795 3568 Christi,
818 3490 867 3553 vel
890 3490 928 3554 de
952 3492 1062 3552 virtute
1085 3489 1247 3552 verborum
1269 3488 1534 3552 sacramentalium.
1569 3487 1662 3551 Unica
1683 3489 1773 3565 enim,
1796 3495 1826 3548 et
1849 3491 1935 3569 quasi
1957 3489 2037 3551 indi-

670 3591 736 3652 visa
759 3591 856 3653 animo
880 3591 1048 3671 concipitur
1075 3596 1139 3652 tota
1167 3589 1275 3669 Actio,
1307 3605 1385 3669 quae
1416 3588 1665 3651 celebrandorum
1687 3595 1943 3650 sacramentorum
1968 3581 2037 3651 ior-

672 3709 766 3771 mam,
796 3690 1011 3771 orationesque
1044 3689 1272 3771 complectitur:
1304 3688 1408 3751 verbis
1436 3697 1536 3750 tamen
1564 3695 1595 3750 et
1625 3687 1732 3749 ritibus
1760 3688 1888 3767 exprimi
1919 3688 2036 3751 nonnisi

671 3792 846 3852 successive
869 3798 978 3870 potest.
1024 3788 1185 3853 Orationes
1214 3796 1245 3851 et
1272 3789 1482 3851 caeremoniae
1510 3795 1641 3849 mutuam
1670 3793 1702 3848 et
1732 3787 1936 3848 necessariam
1958 3805 2035 3850 con-

667 3889 852 3970 junctionem
875 3887 1001 3968 habent,
1033 3890 1074 3951 ita
1099 3896 1133 3951 ut
1161 3906 1260 3969 neque
1288 3888 1353 3950 sinc
1376 3888 1575 3950 caeremoniis
1602 3895 1632 3949 et
1655 3887 1777 3948 materia
1800 3888 1954 3949 orationes
1976 3888 2035 3950 Sa-

672 3996 857 4051 cramentum
879 3989 1018 4065 adiciant,
1040 4007 1140 4069 neque
1163 3989 1372 4051 caeremoniae
1394 3996 1424 4051 et
1445 3989 1589 4066 materia,
1613 3988 1679 4050 siue
1702 3987 1858 4068 conceptis
1882 3987 1981 4050 verbis
2003 3993 2034 4047 et

671 4088 868 4153 orationibus.
898 4088 967 4151 lllas
980 4089 1160 4171 conjunctim
1173 4089 1325 4169 accipiunt
1338 4087 1509 4151 Orientales
1523 4086 1702 4162 Christiani,
1722 4085 1871 4166 utilesque
1885 4093 1916 4148 et
1932 4085 2034 4148 eldea-

670 4205 723 4250 ces
736 4190 888 4251 orationes
902 4190 1083 4266 existimant,
1098 4189 1233 4268 quamvis
1247 4186 1384 4250 absolute
1397 4187 1542 4269 quaedam
1553 4204 1613 4249 non
1625 4188 1685 4249 sint
1693 4187 1895 4248 necessariae.
1914 4186 2032 4267 Quippe

670 4287 700 4349 in
715 4286 856 4369 baptismi
868 4287 982 4367 Obicio,
1000 4290 1051 4369 qui
1067 4286 1240 4367 infantibus,
1259 4294 1310 4349 aut
1327 4287 1392 4350 aliis
1412 4287 1586 4369 periculose
1604 4284 1781 4348 habentibus
1803 4284 2033 4362 administratur,

670 4386 780 4449 multae
796 4390 949 4450 orationes
965 4396 994 4450 et
1011 4391 1221 4451 caeremoniae
1237 4388 1413 4450 omittuntur
1431 4405 1506 4468 quas
1525 4386 1613 4449 aliter
1629 4386 1767 4447 omittere
1780 4385 1930 4465 piaculum
1945 4384 2033 4449 loret.

670 4486 780 4568 Siquis
797 4506 903 4569 aquam
914 4487 1005 4550 sontis
1018 4487 1217 4568 Baptismalis,
1235 4487 1429 4552 invocatione
1441 4487 1538 4549 sancti
1547 4486 1685 4567 Spiritus,
1701 4493 1732 4547 et
1743 4484 1836 4546 variis
1849 4485 2034 4548 orationibus

669 4595 879 4650 consecratam
895 4587 998 4650 inianti
1011 4587 1191 4667 affunderet,
1206 4588 1263 4651 nisi
1271 4589 1486 4669 pronunciaret
1499 4586 1593 4650 verba
1608 4586 1845 4664 sacramentalia,
1859 4584 1930 4648 nihil
1942 4601 2035 4667 agera

668 4694 855 4767 censeretur,
886 4707 925 4750 ex
956 4686 1154 4751 Orientalium
1176 4690 1335 4751 sententia.
1381 4686 1412 4751 Si
1435 4687 1654 4749 invocationem
1678 4685 1806 4765 Spiritus
1835 4684 1928 4747 solam
1950 4684 2034 4746 reci·

667 4794 746 4849 taret
774 4805 867 4869 super
896 4787 974 4851 dona
1002 4788 1177 4870 proposita,
1209 4789 1327 4851 omissis
1349 4787 1451 4850 verbis
1479 4786 1658 4863 Dominicis,
1688 4783 1904 4847 Eucharistiam
1927 4783 2032 4845 iacmm

667 4904 736 4949 esse
759 4904 819 4948 non
843 4886 1010 4951 crederent.
1033 4887 1178 4950 lnuocant
1200 4888 1342 4969 Spiritum
1364 4895 1499 4951 sanctum
1522 4888 1605 4950 initio
1628 4885 1797 4968 Liturgiae,
1822 4891 1852 4946 et
1874 4892 1938 4946 toto
1961 4900 2033 4945 ora-

669 4986 782 5048 tionum
806 4986 936 5050 decursu
958 4986 1053 5050 Deum
1076 4986 1285 5069 interpellant,
1313 4997 1345 5051 ut
1372 4988 1537 5051 secundum
1566 4985 1617 5049 tilii
1646 4986 1693 5047 sui
1722 4984 1797 5047 Jcsu
1819 4983 1931 5047 Christi
1957 4998 2033 5063 pro-

666 5086 759 5147 missa
782 5093 813 5148 et
834 5088 1059 5167 institutionem,
1080 5087 1158 5150 idem
1182 5087 1290 5151 alliciat
1312 5089 1343 5151 in
1364 5088 1452 5151 dona
1474 5085 1656 5169 propositis,
1685 5083 1767 5164 quod
1796 5086 1863 5166 ipse
1886 5082 2033 5145 institutor
