4525 6034
707 556 787 631 tvl
1188 565 1573 645 DISSERTATIO

701 769 769 820 non
795 748 908 839 aliter,
940 758 1092 823 testatum
1118 750 1206 848 apud
1232 775 1292 825 eos
1319 764 1429 845 esset,
1455 755 1634 829 secundum
1662 757 1831 832 articulum
1862 760 1952 833 illum
1987 763 2064 836 fidei

498 866 504 878 '
557 909 564 922 ·
598 905 605 919 ·
699 865 921 958 Anglicanae,
947 868 1088 938 medium
1110 889 1176 962 quo
1203 873 1372 962 accipitur
1394 872 1481 965 fides
1507 878 1566 945 est.
1619 870 1663 945 Ut
1688 877 1786 967 igitur
1804 898 1850 948 ex
1876 877 1973 950 simili
1987 877 2065 952 lor-

699 981 808 1072 mula,
848 982 1002 1078 quidquid
1034 982 1125 1056 multi
1157 985 1304 1056 Britanni
1336 985 1501 1080 Theologi
1535 989 1696 1080 dixerint,
1732 990 1848 1065 mebus
1885 1017 1984 1089 quam
2019 1018 2064 1067 ex

697 1101 846 1194 ipsortms
873 1102 1003 1195 scriptis
1028 1101 1189 1196 probatur
1214 1105 1248 1172 in
1274 1124 1314 1173 ea
1341 1107 1571 1178 communione
1589 1111 1811 1202 praesentiam
1829 1108 1956 1182 realem
1981 1110 2064 1183 nul-

697 1215 764 1287 lam
796 1219 955 1308 agnosci,
988 1219 1032 1287 ita
1059 1240 1105 1289 cx
1141 1217 1363 1293 Orientalibus
1389 1220 1547 1313 titurgits
1574 1228 1780 1319 perspectius
1808 1226 2062 1316 demonstratu,

697 1331 894 1404 Orientalem
907 1331 1093 1405 Ecclesiam
1106 1337 1140 1404 in
1163 1338 1328 1406 contraria
1338 1359 1477 1431 prorsus
1493 1342 1654 1411 sententia
1669 1363 1757 1432 esse,
1773 1351 1807 1413 et
1829 1364 1931 1437 porro
1945 1339 2061 1413 fuisse.

394 1467 496 1521 rovum
509 1479 684 1541 argumentum
798 1450 836 1521 ln
870 1470 911 1519 ea
943 1450 1069 1522 scilicet
1101 1453 1189 1522 sacri
1223 1448 1330 1522 Officii
1354 1463 1467 1547 parte,
1494 1458 1646 1549 momnis
1680 1478 1778 1529 nemo
1806 1456 1990 1545 dubitaret,
2025 1455 2059 1527 id

377 1569 408 1606 ‘¹
423 1557 537 1628 liturgia
551 1555 666 1626 Coptica.
696 1564 785 1661 quod
811 1564 971 1639 sacerdos
997 1569 1031 1637 in
1048 1566 1141 1639 disco
1160 1565 1326 1639 elevatum
1344 1570 1559 1661 ostendebat,
1586 1594 1663 1644 esse
1679 1595 1802 1669 corpus
1818 1586 1852 1645 et
1864 1576 2060 1666 sanguinem

697 1680 828 1772 Christi,
853 1705 897 1754 ne
922 1690 1031 1755 tameo
1058 1704 1217 1755 successo
1243 1691 1428 1779 temporum
1454 1697 1545 1759 esset
1570 1687 1762 1762 dubitationi
1787 1688 1894 1779 locus,
1921 1687 2061 1784 simplici

696 1812 730 1873 et
765 1803 919 1894 autiquae
958 1797 1087 1871 formae
1121 1798 1254 1895 plenam
1293 1822 1555 1899 expressamque
1589 1804 1836 1879 confessionem
1871 1803 2060 1878 Orientales

694 1917 906 2006 addiderint,
933 1916 1023 2011 quod
1048 1915 1200 1988 iecertmt
1224 1920 1420 2012 pracsertim
1447 1918 1607 2017 Aegyptii
1632 1943 1693 2017 per
1718 1921 1773 1994 illa
1799 1921 1907 1995 verba
1924 1921 2059 2013 Corpus

691 2041 843 2109 sanctae
870 2040 904 2104 ct
927 2037 1066 2129 scopata
1090 2036 1268 2126 preciosos
1292 2034 1518 2108 Ermaoaelis
1550 2037 1620 2110 Dei
1655 2042 1783 2110 nostri:
1820 2060 1905 2134 quae
1937 2035 2059 2125 verba,

690 2152 809 2225 nullium
834 2149 992 2223 Doctoris
1019 2160 1075 2222 aut
1099 2148 1330 2240 Patriarchae,
1365 2160 1422 2224 aut
1445 2155 1566 2248 privati
1592 2155 1826 2249 cujuscumque
1858 2175 1937 2227 esse
1967 2173 2059 2223 cen-

692 2269 796 2343 senda
822 2274 913 2357 sunt,
941 2266 1001 2339 sed
1026 2287 1099 2338 vox
1124 2268 1223 2339 totius
1255 2264 1430 2340 Ecclesiae
1461 2267 1731 2359 Alexandrinae,
1765 2293 1852 2365 quae
1885 2269 2001 2342 iisdem
2035 2289 2058 2337 a

691 2386 779 2460 mille
805 2382 952 2456 ducentis
978 2385 1071 2456 annis
1097 2385 1205 2454 utitur.
1257 2383 1398 2455 Tanttm
1425 2395 1534 2458 autern
1559 2385 1661 2459 abhrit
1694 2397 1731 2458 ut
1765 2387 1964 2483 explicatior
1998 2382 2058 2455 illa

691 2500 861 2575 confessio
888 2499 1093 2597 displiceret,
1118 2511 1248 2573 utnon
1274 2500 1374 2573 modo
1400 2503 1434 2573 in
1461 2525 1577 2575 omnes
1602 2501 1737 2576 codices
1751 2514 1886 2600 recepta
1905 2505 1959 2595 sit,
1984 2524 2057 2574 ve-

690 2641 763 2691 rum
788 2621 885 2690 etiam
913 2627 1026 2709 auch,
1053 2616 1130 2689 dum
1156 2616 1336 2707 sacerdos,
1368 2628 1402 2690 et
1434 2622 1696 2692 communionem
1731 2622 1931 2716 accipientes
1964 2639 2056 2690 con-

688 2735 837 2824 fitentur,
864 2734 1002 2807 credere
1029 2756 1087 2825 se,
1113 2734 1147 2806 id
1174 2732 1263 2829 quod
1287 2736 1321 2804 in
1347 2732 1440 2806 disco
1466 2735 1579 2807 vident
1595 2757 1672 2808 esse
1688 2758 1811 2831 corpus
1832 2734 1965 2826 Christi,
1991 2733 2055 2807 sed

368 2850 545 2923 Per-W
559 2861 585 2914 3·
598 2863 656 2913 ct·
688 2852 811 2925 addunt
835 2852 913 2925 illud
940 2874 1019 2925 esse
1036 2853 1143 2947 ipsum
1170 2850 1258 2946 quod
1285 2853 1414 2946 accepit
1432 2875 1478 2923 ex
1490 2851 1596 2924 Maria
1614 2826 1767 2945 Virgine,
1792 2856 1826 2924 in
1845 2874 1910 2947 quo
1931 2873 2054 2948 passus

687 2980 757 3059 est,
783 2971 987 3059 resurrexit,
1015 2978 1049 3040 et
1075 2965 1117 3038 ad
1143 2965 1260 3040 coelos
1288 2967 1457 3058 ascendit,
1485 2991 1505 3041 a
1536 2991 1601 3064 quo
1629 2967 1782 3042 divinitas
1815 2990 1858 3040 ue
1884 2979 2053 3041 momento

687 3087 818 3182 quidem
844 3095 999 3182 separata
1026 3087 1077 3158 sit
1128 3082 1203 3156 Etsi
1227 3105 1312 3156 vero
1338 3105 1406 3157 non
1422 3083 1539 3157 iisdem
1552 3084 1680 3177 verbis,
1707 3095 1741 3158 at
1757 3088 1920 3158 sonantia
1934 3085 2053 3158 eadem

686 3201 807 3274 Graeci
833 3202 969 3275 similem
996 3199 1243 3275 confessionem
1274 3202 1502 3297 pronuntiant,
1535 3201 1634 3297 paulo
1667 3212 1744 3274 ante
1776 3205 2052 3293 communionem,

683 3328 721 3391 ut
745 3318 826 3415 Syri
851 3327 886 3391 et
910 3340 1027 3392 omnes
1053 3317 1204 3391 tandem:
1232 3316 1461 3412 Christumque
1489 3320 1583 3411 quasi
1603 3328 1813 3414 praesentem
1830 3318 2050 3413 alloquuntm,

686 3444 720 3506 et
746 3435 789 3506 ad
814 3458 890 3507 eum
915 3456 1034 3531 preces
1061 3433 1214 3527 dlrigrmt.
1266 3432 1340 3505 Nec
1365 3437 1472 3506 minus
1497 3440 1672 3530 perspicua
1698 3445 1774 3509 sunt
1795 3439 1933 3530 quaein
1955 3433 2050 3507 Ora-

685 3549 827 3624 tionibus
853 3555 1034 3642 gratiarum
1060 3553 1198 3623 actionis
1225 3559 1402 3622 occurrunt
1427 3550 1576 3641 ejusdem
1601 3550 1678 3624 hdei
1702 3553 1898 3624 testimonla.

381 3688 672 3773 cennacoqonentti-
789 3664 873 3740 Cum
897 3670 997 3761 igitur
1021 3666 1153 3740 illorum
1179 3670 1353 3738 autoritate
1379 3664 1539 3739 Catholici
1564 3667 1721 3763 probant,
1748 3689 1810 3740 eos
1841 3667 1883 3739 de
1908 3666 2048 3739 Eucha-

365 3779 479 3877 turgeat
499 3777 672 3833 poetastrum
683 3783 797 3854 cutiae
823 3795 1031 3858 sacramento
1057 3783 1216 3873 credere,
1242 3783 1275 3855 id
1301 3782 1390 3878 quod
1415 3785 1449 3854 in
1462 3781 1614 3855 Ecclesia
1631 3784 1783 3857 Romana
1798 3783 1952 3873 creditur,
1978 3805 2048 3857 non

364 3864 613 4004 fflfflm'
630 3873 672 3918 ω’
683 3921 864 3995 paucorum
888 3900 1070 3992 hominum,
1097 3911 1154 3973 aut
1179 3922 1295 3972 eorum
1321 3901 1376 3995 qui
1402 3921 1521 3995 preces
1552 3898 1797 3973 Eucharisticas
1831 3903 1865 3971 in
1898 3899 2046 3973 ordinem

374 4022 378 4039 ’
683 4015 900 4110 redegerint,
943 4018 1003 4091 sed
1047 4022 1147 4091 totius
1185 4015 1328 4090 Orientis
1366 4015 1542 4090 Christian
1581 4020 1773 4091 testimoniis
1809 4020 1922 4089 muniti
1961 4029 2046 4089 stunt

683 4133 849 4226 Objiciunt
883 4134 1109 4209 Protestantes
1151 4132 1310 4232 puerilem
1344 4156 1438 4207 suam
1480 4132 1643 4207 adversus
1681 4134 1848 4227 Litiugias
1881 4136 2046 4223 naeniam,

683 4250 771 4346 quod
796 4250 889 4326 falsis
915 4250 1016 4325 dalbs
1042 4251 1330 4343 commendentur,
1357 4249 1446 4346 quod
1466 4251 1686 4347 interpolatae
1704 4254 1787 4338 sint,
1815 4249 1903 4346 quod
1917 4272 2065 4321 recen-.

680 4378 741 4441 tes.
794 4368 841 4441 At
866 4389 952 4463 quae
978 4367 1111 4440 tandem
1136 4371 1306 4463 protervia
1323 4377 1386 4457 est,
1412 4369 1553 4460 rejicere
1565 4367 1668 4440 ueluti
1689 4390 1757 4440 oon
1771 4371 1853 4441 sotis
1880 4369 2046 4461 uniquus,

679 4508 818 4580 quorum
832 4483 921 4557 nulla
934 4494 1000 4556 tam
1015 4506 1134 4557 recens
1150 4492 1213 4574 est,
1233 4506 1319 4579 quae
1333 4506 1401 4556 nou
1412 4483 1520 4558 multis
1535 4483 1678 4558 saeculis
1693 4488 1856 4557 vetustior
1870 4488 1912 4558 sit
1930 4485 2043 4554 omni-

678 4601 740 4676 bus
767 4601 906 4675 Coenae
933 4599 1153 4674 celebrandae
1178 4598 1353 4673 formulis?
1378 4599 1530 4675 Licuisse
1555 4600 1672 4673 volunt
1687 4598 1872 4673 bominibus
1889 4603 2044 4696 privatis,

679 4730 793 4792 contra
818 4717 914 4811 leges
941 4738 1058 4791 omnes
1071 4716 1340 4808 Ecclesiasticus,
1366 4715 1520 4812 milleque
1545 4728 1579 4789 et
1594 4716 1808 4790 ducentorum
1822 4716 1961 4813 amplius
1973 4737 2042 4787 an-

678 4856 794 4907 norum
807 4833 1088 4926 consuetudinem,
1113 4832 1187 4908 illas
1203 4830 1331 4925 lingere
1357 4843 1391 4905 et
1409 4832 1593 4926 reingere,
1619 4837 1664 4906 ita
1690 4845 1726 4906 ut
1740 4838 1886 4906 maxima
1901 4837 1943 4907 sit
1956 4835 2041 4904 inter

678 4972 793 5024 omnes
820 4950 1016 5041 diversitas,
1043 4960 1077 5022 et
1103 4947 1326 5023 Orientalibus
1340 4945 1535 5022 Christianis
1560 4972 1629 5023 non
1654 4949 1746 5045 liquit
1765 4972 1885 5046 preces
1900 4949 2039 5044 aliquas,

677 5070 751 5165 pias
783 5076 818 5139 ct
852 5066 894 5139 de
926 5089 1063 5164 quarum
1095 5069 1256 5142 sententia
1291 5088 1406 5143 omnes
1439 5065 1613 5141 Ecclesiae
1646 5069 1888 5158 consentirent,
1921 5065 2039 5139 officiis
