<?xml version="1.0" encoding="UTF-8"?>
<!DOCTYPE html PUBLIC "-//W3C//DTD XHTML 1.0 Transitional//EN"
    "http://www.w3.org/TR/xhtml1/DTD/xhtml1-transitional.dtd">
<html xmlns="http://www.w3.org/1999/xhtml" xml:lang="en" lang="en">
 <head>
  <title>
</title>
<meta http-equiv="Content-Type" content="text/html;charset=utf-8" />
  <meta name='ocr-system' content='tesseract 3.04.00' />
  <meta name='ocr-capabilities' content='ocr_page ocr_carea ocr_par ocr_line ocrx_word'/>
</head>
<body>
  <div class='ocr_page' id='page_1' title='image "./liturgiarumorie00unkngoog/liturgiarumorie00unkngoog_0817.png"; bbox 0 0 4525 6034; ppageno 0'>
   <div class='ocr_carea' id='block_1_1' title="bbox 584 590 1616 672">
    <p class='ocr_par' dir='ltr' id='par_1_1' title="bbox 584 590 1616 672">
     <span class='ocr_line' id='line_1_1' title="bbox 584 590 1616 672; baseline -0.002 -4"><span class='ocrx_word' id='word_1_1' title='bbox 584 592 637 669; x_wconf 81' lang='lat' dir='ltr'><strong>lli</strong></span> <span class='ocrx_word' id='word_1_2' title='bbox 668 592 970 669; x_wconf 77' lang='lat' dir='ltr'><strong>illocalis</strong></span> <span class='ocrx_word' id='word_1_3' title='bbox 1005 590 1284 672; x_wconf 80' lang='lat' dir='ltr'><strong>SYRIAGAS.</strong></span> <span class='ocrx_word' id='word_1_4' title='bbox 1542 593 1616 667; x_wconf 84' lang='lat'><strong>103</strong></span> 
     </span>
    </p>
   </div>
   <div class='ocr_carea' id='block_1_2' title="bbox 249 776 1727 3848">
    <p class='ocr_par' dir='ltr' id='par_1_2' title="bbox 249 776 1727 3848">
     <span class='ocr_line' id='line_1_2' title="bbox 253 776 1620 859; baseline 0 -18"><span class='ocrx_word' id='word_1_5' title='bbox 253 777 428 841; x_wconf 81' lang='lat' dir='ltr'><strong>Alexander</strong></span> <span class='ocrx_word' id='word_1_6' title='bbox 451 777 773 858; x_wconf 76' lang='lat' dir='ltr'><strong>constantinopoleos:</strong></span> <span class='ocrx_word' id='word_1_7' title='bbox 796 776 939 840; x_wconf 89' lang='lat' dir='ltr'><strong>lrenaeus</strong></span> <span class='ocrx_word' id='word_1_8' title='bbox 962 776 1114 858; x_wconf 77' lang='lat' dir='ltr'><strong>Lugduni:</strong></span> <span class='ocrx_word' id='word_1_9' title='bbox 1136 777 1306 841; x_wconf 83' lang='lat' dir='ltr'><strong>llethodius</strong></span> <span class='ocrx_word' id='word_1_10' title='bbox 1330 777 1463 859; x_wconf 88' lang='lat' dir='ltr'><strong>Olympi:</strong></span> <span class='ocrx_word' id='word_1_11' title='bbox 1487 777 1620 841; x_wconf 86' lang='lat' dir='ltr'><strong>Severus</strong></span> 
     </span>
     <span class='ocr_line' id='line_1_3' title="bbox 250 875 1618 959; baseline 0 -19"><span class='ocrx_word' id='word_1_12' title='bbox 250 877 449 941; x_wconf 90' lang='lat' dir='ltr'><strong>Antiochiae:</strong></span> <span class='ocrx_word' id='word_1_13' title='bbox 473 877 656 940; x_wconf 89' lang='lat' dir='ltr'><strong>Philoxenus</strong></span> <span class='ocrx_word' id='word_1_14' title='bbox 674 875 888 957; x_wconf 86' lang='lat' dir='ltr'><strong>Hierapoleos:</strong></span> <span class='ocrx_word' id='word_1_15' title='bbox 911 876 1069 939; x_wconf 90' lang='lat' dir='ltr'><strong>Anthimus</strong></span> <span class='ocrx_word' id='word_1_16' title='bbox 1084 876 1406 959; x_wconf 89' lang='lat' dir='ltr'><strong>Constantinopoleos:</strong></span> <span class='ocrx_word' id='word_1_17' title='bbox 1430 878 1618 940; x_wconf 82' lang='lat' dir='ltr'><strong>Theodosius</strong></span> 
     </span>
     <span class='ocr_line' id='line_1_4' title="bbox 252 976 1617 1058; baseline -0.001 -19"><span class='ocrx_word' id='word_1_18' title='bbox 252 977 473 1040; x_wconf 89' lang='lat' dir='ltr'><strong>Alexandriae:</strong></span> <span class='ocrx_word' id='word_1_19' title='bbox 508 978 690 1041; x_wconf 76' lang='lat' dir='ltr'><strong>Athanasius</strong></span> <span class='ocrx_word' id='word_1_20' title='bbox 720 977 912 1041; x_wconf 87' lang='lat' dir='ltr'><strong>Antiochiae:</strong></span> <span class='ocrx_word' id='word_1_21' title='bbox 945 977 1077 1039; x_wconf 84' lang='lat' dir='ltr'><strong>lacubus</strong></span> <span class='ocrx_word' id='word_1_22' title='bbox 1107 976 1278 1040; x_wconf 90' lang='lat' dir='ltr'><strong>Patriarcha</strong></span> <span class='ocrx_word' id='word_1_23' title='bbox 1307 977 1471 1058; x_wconf 91' lang='lat' dir='ltr'><strong>discipulus</strong></span> <span class='ocrx_word' id='word_1_24' title='bbox 1500 976 1617 1056; x_wconf 85' lang='lat' dir='ltr'><strong>Jacobi,</strong></span> 
     </span>
     <span class='ocr_line' id='line_1_5' title="bbox 252 1074 1620 1160; baseline -0.001 -20"><span class='ocrx_word' id='word_1_25' title='bbox 252 1077 417 1140; x_wconf 84' lang='lat' dir='ltr'><strong>Easelitae:</strong></span> <span class='ocrx_word' id='word_1_26' title='bbox 441 1096 518 1159; x_wconf 91' lang='lat' dir='ltr'><strong>quae</strong></span> <span class='ocrx_word' id='word_1_27' title='bbox 540 1095 603 1139; x_wconf 91' lang='lat' dir='ltr'><strong>vox</strong></span> <span class='ocrx_word' id='word_1_28' title='bbox 624 1077 702 1140; x_wconf 89' lang='lat' dir='ltr'><strong>idem</strong></span> <span class='ocrx_word' id='word_1_29' title='bbox 725 1076 899 1160; x_wconf 86' lang='lat' dir='ltr'><strong>significare</strong></span> <span class='ocrx_word' id='word_1_30' title='bbox 920 1074 1040 1138; x_wconf 90' lang='lat' dir='ltr'><strong>videtur</strong></span> <span class='ocrx_word' id='word_1_31' title='bbox 1070 1094 1106 1138; x_wconf 89' lang='lat' dir='ltr'><strong>ac</strong></span> <span class='ocrx_word' id='word_1_32' title='bbox 1127 1075 1259 1139; x_wconf 88' lang='lat' dir='ltr'><strong>Arabica</strong></span> <span class='ocrx_word' id='word_1_33' title='bbox 1285 1076 1419 1156; x_wconf 75' lang='lat' dir='ltr'><strong>Eordoi,</strong></span> <span class='ocrx_word' id='word_1_34' title='bbox 1450 1078 1515 1140; x_wconf 92' lang='lat' dir='ltr'><strong>sive</strong></span> <span class='ocrx_word' id='word_1_35' title='bbox 1542 1095 1620 1139; x_wconf 90' lang='lat' dir='ltr'><strong>cen-</strong></span> 
     </span>
     <span class='ocr_line' id='line_1_6' title="bbox 251 1175 1619 1259; baseline -0.001 -19"><span class='ocrx_word' id='word_1_36' title='bbox 251 1186 340 1240; x_wconf 87' lang='lat' dir='ltr'><strong>tones</strong></span> <span class='ocrx_word' id='word_1_37' title='bbox 364 1198 403 1239; x_wconf 89' lang='lat' dir='ltr'><strong>ex</strong></span> <span class='ocrx_word' id='word_1_38' title='bbox 424 1179 531 1258; x_wconf 89' lang='lat' dir='ltr'><strong>pannis</strong></span> <span class='ocrx_word' id='word_1_39' title='bbox 552 1176 735 1255; x_wconf 85' lang='lat' dir='ltr'><strong>rudioribus,</strong></span> <span class='ocrx_word' id='word_1_40' title='bbox 758 1197 775 1239; x_wconf 92' lang='lat' dir='ltr'><strong>a</strong></span> <span class='ocrx_word' id='word_1_41' title='bbox 798 1176 906 1257; x_wconf 90' lang='lat' dir='ltr'><strong>quibas</strong></span> <span class='ocrx_word' id='word_1_42' title='bbox 929 1178 969 1239; x_wconf 92' lang='lat' dir='ltr'><strong>ita</strong></span> <span class='ocrx_word' id='word_1_43' title='bbox 992 1176 1210 1239; x_wconf 87' lang='lat' dir='ltr'><strong>denominatum</strong></span> <span class='ocrx_word' id='word_1_44' title='bbox 1234 1177 1316 1239; x_wconf 89' lang='lat' dir='ltr'><strong>illum</strong></span> <span class='ocrx_word' id='word_1_45' title='bbox 1337 1175 1432 1239; x_wconf 86' lang='lat' dir='ltr'><strong>luisse</strong></span> <span class='ocrx_word' id='word_1_46' title='bbox 1453 1177 1619 1259; x_wconf 90' lang='lat' dir='ltr'><strong>Eutychius</strong></span> 
     </span>
     <span class='ocr_line' id='line_1_7' title="bbox 252 1273 1618 1355; baseline 0.001 -16"><span class='ocrx_word' id='word_1_47' title='bbox 252 1284 380 1350; x_wconf 68' lang='lat' dir='ltr'><strong>testatm</strong></span> <span class='ocrx_word' id='word_1_48' title='bbox 392 1284 449 1340; x_wconf 90' lang='lat' dir='ltr'><strong>est.</strong></span> <span class='ocrx_word' id='word_1_49' title='bbox 481 1277 586 1339; x_wconf 90' lang='lat' dir='ltr'><strong>Petrus</strong></span> <span class='ocrx_word' id='word_1_50' title='bbox 600 1276 780 1352; x_wconf 88' lang='lat' dir='ltr'><strong>Patriarcha,</strong></span> <span class='ocrx_word' id='word_1_51' title='bbox 799 1276 906 1338; x_wconf 91' lang='lat' dir='ltr'><strong>Petrus</strong></span> <span class='ocrx_word' id='word_1_52' title='bbox 929 1275 1021 1337; x_wconf 85' lang='lat' dir='ltr'><strong>alter:</strong></span> <span class='ocrx_word' id='word_1_53' title='bbox 1044 1276 1191 1353; x_wconf 82' lang='lat' dir='ltr'><strong>Julianus,</strong></span> <span class='ocrx_word' id='word_1_54' title='bbox 1214 1293 1275 1338; x_wconf 91' lang='lat' dir='ltr'><strong>non</strong></span> <span class='ocrx_word' id='word_1_55' title='bbox 1293 1276 1344 1339; x_wconf 90' lang='lat' dir='ltr'><strong>ille</strong></span> <span class='ocrx_word' id='word_1_56' title='bbox 1361 1273 1618 1355; x_wconf 84' lang='lat' dir='ltr'><strong>Halicarnasseus,</strong></span> 
     </span>
     <span class='ocr_line' id='line_1_8' title="bbox 252 1374 1618 1457; baseline 0.001 -17"><span class='ocrx_word' id='word_1_57' title='bbox 252 1396 321 1440; x_wconf 91' lang='lat' dir='ltr'><strong>nam</strong></span> <span class='ocrx_word' id='word_1_58' title='bbox 349 1376 431 1438; x_wconf 88' lang='lat' dir='ltr'><strong>illurn</strong></span> <span class='ocrx_word' id='word_1_59' title='bbox 459 1383 492 1438; x_wconf 91' lang='lat' dir='ltr'><strong>ut</strong></span> <span class='ocrx_word' id='word_1_60' title='bbox 518 1377 702 1439; x_wconf 89' lang='lat' dir='ltr'><strong>haereticum</strong></span> <span class='ocrx_word' id='word_1_61' title='bbox 730 1376 917 1439; x_wconf 88' lang='lat' dir='ltr'><strong>anathemate</strong></span> <span class='ocrx_word' id='word_1_62' title='bbox 945 1375 1071 1437; x_wconf 81' lang='lat' dir='ltr'><strong>leniunt:</strong></span> <span class='ocrx_word' id='word_1_63' title='bbox 1103 1374 1300 1453; x_wconf 84' lang='lat' dir='ltr'><strong>Theodorus,</strong></span> <span class='ocrx_word' id='word_1_64' title='bbox 1330 1374 1461 1457; x_wconf 83' lang='lat' dir='ltr'><strong>Ephrem</strong></span> <span class='ocrx_word' id='word_1_65' title='bbox 1489 1376 1618 1441; x_wconf 88' lang='lat' dir='ltr'><strong>Ductor:</strong></span> 
     </span>
     <span class='ocr_line' id='line_1_9' title="bbox 252 1464 1619 1550; baseline 0 -12"><span class='ocrx_word' id='word_1_66' title='bbox 252 1476 338 1539; x_wconf 90' lang='lat' dir='ltr'><strong>lsaac</strong></span> <span class='ocrx_word' id='word_1_67' title='bbox 361 1475 491 1539; x_wconf 79' lang='lat' dir='ltr'><strong>Ductor:</strong></span> <span class='ocrx_word' id='word_1_68' title='bbox 513 1464 645 1540; x_wconf 80' lang='lat' dir='ltr'><strong>lacobus</strong></span> <span class='ocrx_word' id='word_1_69' title='bbox 668 1476 799 1539; x_wconf 86' lang='lat' dir='ltr'><strong>Ductor:</strong></span> <span class='ocrx_word' id='word_1_70' title='bbox 822 1475 954 1538; x_wconf 83' lang='lat' dir='ltr'><strong>lacobus</strong></span> <span class='ocrx_word' id='word_1_71' title='bbox 976 1474 1169 1550; x_wconf 91' lang='lat' dir='ltr'><strong>Edessenus‚</strong></span> <span class='ocrx_word' id='word_1_72' title='bbox 1203 1482 1234 1536; x_wconf 91' lang='lat' dir='ltr'><strong>et</strong></span> <span class='ocrx_word' id='word_1_73' title='bbox 1264 1474 1300 1537; x_wconf 88' lang='lat' dir='ltr'><strong>D.</strong></span> <span class='ocrx_word' id='word_1_74' title='bbox 1324 1474 1482 1539; x_wconf 89' lang='lat' dir='ltr'><strong>Barsomas</strong></span> <span class='ocrx_word' id='word_1_75' title='bbox 1505 1476 1619 1539; x_wconf 90' lang='lat' dir='ltr'><strong>Archi-</strong></span> 
     </span>
     <span class='ocr_line' id='line_1_10' title="bbox 251 1573 1622 1656; baseline 0 -18"><span class='ocrx_word' id='word_1_76' title='bbox 251 1576 407 1638; x_wconf 89' lang='lat' dir='ltr'><strong>mandrita.</strong></span> <span class='ocrx_word' id='word_1_77' title='bbox 448 1575 583 1637; x_wconf 78' lang='lat' dir='ltr'><strong>Petimus</strong></span> <span class='ocrx_word' id='word_1_78' title='bbox 604 1595 625 1638; x_wconf 87' lang='lat' dir='ltr'><strong>a</strong></span> <span class='ocrx_word' id='word_1_79' title='bbox 645 1577 742 1654; x_wconf 79' lang='lat' dir='ltr'><strong>cobis,</strong></span> <span class='ocrx_word' id='word_1_80' title='bbox 765 1578 861 1656; x_wconf 90' lang='lat' dir='ltr'><strong>inquit</strong></span> <span class='ocrx_word' id='word_1_81' title='bbox 883 1575 1052 1654; x_wconf 85' lang='lat' dir='ltr'><strong>Episcopus</strong></span> <span class='ocrx_word' id='word_1_82' title='bbox 1075 1583 1271 1636; x_wconf 88' lang='lat' dir='ltr'><strong>consecrator</strong></span> <span class='ocrx_word' id='word_1_83' title='bbox 1294 1573 1332 1635; x_wconf 92' lang='lat' dir='ltr'><strong>ad</strong></span> <span class='ocrx_word' id='word_1_84' title='bbox 1355 1574 1560 1654; x_wconf 86' lang='lat' dir='ltr'><strong>Ordinandos,</strong></span> <span class='ocrx_word' id='word_1_85' title='bbox 1587 1583 1622 1638; x_wconf 88' lang='lat' dir='ltr'><strong>ut</strong></span> 
     </span>
     <span class='ocr_line' id='line_1_11' title="bbox 251 1674 1620 1757; baseline -0.001 -18"><span class='ocrx_word' id='word_1_86' title='bbox 251 1678 313 1739; x_wconf 76' lang='lat' dir='ltr'><strong>tttis</strong></span> <span class='ocrx_word' id='word_1_87' title='bbox 335 1677 540 1749; x_wconf 77' lang='lat' dir='ltr'><strong>consentiatis,</strong></span> <span class='ocrx_word' id='word_1_88' title='bbox 562 1677 777 1756; x_wconf 76' lang='lat' dir='ltr'><strong>doctrinasque</strong></span> <span class='ocrx_word' id='word_1_89' title='bbox 798 1676 918 1737; x_wconf 81' lang='lat' dir='ltr'><strong>illoram</strong></span> <span class='ocrx_word' id='word_1_90' title='bbox 934 1692 1042 1752; x_wconf 73' lang='lat' dir='ltr'><strong>prum,</strong></span> <span class='ocrx_word' id='word_1_91' title='bbox 1065 1674 1227 1735; x_wconf 77' lang='lat' dir='ltr'><strong>etelectus</strong></span> <span class='ocrx_word' id='word_1_92' title='bbox 1248 1674 1483 1752; x_wconf 79' lang='lat' dir='ltr'><strong>conplecturnr&#39;ra&#39;,</strong></span> <span class='ocrx_word' id='word_1_93' title='bbox 1506 1676 1620 1757; x_wconf 80' lang='lat' dir='ltr'><strong>diliqu-</strong></span> 
     </span>
     <span class='ocr_line' id='line_1_12' title="bbox 251 1771 1619 1855; baseline -0.001 -18"><span class='ocrx_word' id='word_1_94' title='bbox 251 1779 292 1838; x_wconf 74' lang='grc' dir='ltr'><strong>ιιι</strong></span> <span class='ocrx_word' id='word_1_95' title='bbox 313 1782 343 1837; x_wconf 86' lang='lat' dir='ltr'><strong>et</strong></span> <span class='ocrx_word' id='word_1_96' title='bbox 364 1776 510 1846; x_wconf 63' lang='lat' dir='ltr'><strong>amanam</strong></span> <span class='ocrx_word' id='word_1_97' title='bbox 533 1782 562 1836; x_wconf 87' lang='lat' dir='ltr'><strong>et</strong></span> <span class='ocrx_word' id='word_1_98' title='bbox 582 1793 785 1855; x_wconf 82' lang='lat' dir='ltr'><strong>quaecumque</strong></span> <span class='ocrx_word' id='word_1_99' title='bbox 803 1774 943 1854; x_wconf 59' lang='lat' dir='ltr'><strong>deomant</strong></span> <span class='ocrx_word' id='word_1_100' title='bbox 963 1773 994 1832; x_wconf 78' lang='lat' dir='ltr'><strong>in</strong></span> <span class='ocrx_word' id='word_1_101' title='bbox 1015 1771 1156 1833; x_wconf 81' lang='lat' dir='ltr'><strong>Ecclesia</strong></span> <span class='ocrx_word' id='word_1_102' title='bbox 1178 1779 1286 1834; x_wconf 81' lang='lat' dir='ltr'><strong>sancta</strong></span> <span class='ocrx_word' id='word_1_103' title='bbox 1300 1771 1359 1833; x_wconf 82' lang='lat' dir='ltr'><strong>Dei</strong></span> <span class='ocrx_word' id='word_1_104' title='bbox 1379 1773 1419 1834; x_wconf 88' lang='lat' dir='ltr'><strong>ab</strong></span> <span class='ocrx_word' id='word_1_105' title='bbox 1440 1775 1527 1836; x_wconf 79' lang='lat' dir='ltr'><strong>initio</strong></span> <span class='ocrx_word' id='word_1_106' title='bbox 1541 1774 1619 1854; x_wconf 82' lang='lat' dir='ltr'><strong>Epi·</strong></span> 
     </span>
     <span class='ocr_line' id='line_1_13' title="bbox 249 1873 1619 1955; baseline 0.002 -21"><span class='ocrx_word' id='word_1_107' title='bbox 249 1882 393 1954; x_wconf 75' lang='lat' dir='ltr'><strong>scopolus</strong></span> <span class='ocrx_word' id='word_1_108' title='bbox 414 1876 472 1948; x_wconf 82' lang='lat' dir='ltr'><strong>sui,</strong></span> <span class='ocrx_word' id='word_1_109' title='bbox 493 1893 587 1954; x_wconf 80' lang='lat' dir='ltr'><strong>usqae</strong></span> <span class='ocrx_word' id='word_1_110' title='bbox 608 1876 651 1936; x_wconf 85' lang='lat' dir='ltr'><strong>od</strong></span> <span class='ocrx_word' id='word_1_111' title='bbox 671 1877 753 1936; x_wconf 79' lang='lat' dir='ltr'><strong>ettae</strong></span> <span class='ocrx_word' id='word_1_112' title='bbox 771 1876 861 1953; x_wconf 70' lang='grc' dir='ltr'>βιιειιι</span> <span class='ocrx_word' id='word_1_113' title='bbox 882 1873 1089 1952; x_wconf 78' lang='lat' dir='ltr'><strong>consignatum</strong></span> <span class='ocrx_word' id='word_1_114' title='bbox 1111 1874 1291 1948; x_wconf 74' lang='lat' dir='ltr'><strong>cancellata,</strong></span> <span class='ocrx_word' id='word_1_115' title='bbox 1318 1880 1373 1934; x_wconf 83' lang='lat' dir='ltr'><strong>aut</strong></span> <span class='ocrx_word' id='word_1_116' title='bbox 1393 1873 1464 1934; x_wconf 68' lang='lat' dir='ltr'><strong>ultas</strong></span> <span class='ocrx_word' id='word_1_117' title='bbox 1485 1875 1619 1955; x_wconf 65' lang='lat' dir='ltr'><strong>scriptis,</strong></span> 
     </span>
     <span class='ocr_line' id='line_1_14' title="bbox 252 1972 1620 2054; baseline -0.001 -17"><span class='ocrx_word' id='word_1_118' title='bbox 252 1974 393 2054; x_wconf 74' lang='lat' dir='ltr'><strong>capidalia</strong></span> <span class='ocrx_word' id='word_1_119' title='bbox 413 1973 462 2035; x_wconf 84' lang='lat' dir='ltr'><strong>uel</strong></span> <span class='ocrx_word' id='word_1_120' title='bbox 482 1975 645 2052; x_wconf 77' lang='lat' dir='ltr'><strong>rerporrsr&#39;s,</strong></span> <span class='ocrx_word' id='word_1_121' title='bbox 667 1981 700 2034; x_wconf 88' lang='lat' dir='ltr'><strong>ut</strong></span> <span class='ocrx_word' id='word_1_122' title='bbox 721 1976 812 2035; x_wconf 84' lang='lat' dir='ltr'><strong>etium</strong></span> <span class='ocrx_word' id='word_1_123' title='bbox 833 1974 998 2034; x_wconf 82' lang='lat' dir='ltr'><strong>sententies</strong></span> <span class='ocrx_word' id='word_1_124' title='bbox 1019 1973 1216 2052; x_wconf 80' lang='lat' dir='ltr'><strong>depositionis</strong></span> <span class='ocrx_word' id='word_1_125' title='bbox 1237 1972 1276 2033; x_wconf 85' lang='lat' dir='ltr'><strong>ab</strong></span> <span class='ocrx_word' id='word_1_126' title='bbox 1298 1973 1358 2033; x_wconf 75' lang='lat' dir='ltr'><strong>dtis</strong></span> <span class='ocrx_word' id='word_1_127' title='bbox 1377 1975 1526 2051; x_wconf 80' lang='lat' dir='ltr'><strong>prolatus.</strong></span> <span class='ocrx_word' id='word_1_128' title='bbox 1560 1973 1620 2036; x_wconf 93' lang='lat' dir='ltr'><strong>At-</strong></span> 
     </span>
     <span class='ocr_line' id='line_1_15' title="bbox 253 2071 1621 2155; baseline 0.001 -20"><span class='ocrx_word' id='word_1_129' title='bbox 253 2093 313 2155; x_wconf 89' lang='lat' dir='ltr'><strong>que</strong></span> <span class='ocrx_word' id='word_1_130' title='bbox 341 2073 384 2134; x_wconf 92' lang='lat' dir='ltr'><strong>illi</strong></span> <span class='ocrx_word' id='word_1_131' title='bbox 414 2079 484 2134; x_wconf 90' lang='lat' dir='ltr'><strong>sunt</strong></span> <span class='ocrx_word' id='word_1_132' title='bbox 511 2089 587 2152; x_wconf 90' lang='lat' dir='ltr'><strong>quos</strong></span> <span class='ocrx_word' id='word_1_133' title='bbox 610 2071 748 2135; x_wconf 84' lang='lat' dir='ltr'><strong>Ecclesia</strong></span> <span class='ocrx_word' id='word_1_134' title='bbox 768 2072 970 2135; x_wconf 86' lang='lat' dir='ltr'><strong>Jacobitarum</strong></span> <span class='ocrx_word' id='word_1_135' title='bbox 1000 2071 1142 2152; x_wconf 91' lang='lat' dir='ltr'><strong>Syriaca,</strong></span> <span class='ocrx_word' id='word_1_136' title='bbox 1174 2080 1205 2133; x_wconf 90' lang='lat' dir='ltr'><strong>ut</strong></span> <span class='ocrx_word' id='word_1_137' title='bbox 1227 2071 1375 2134; x_wconf 91' lang='lat' dir='ltr'><strong>Doctores</strong></span> <span class='ocrx_word' id='word_1_138' title='bbox 1404 2073 1559 2155; x_wconf 76' lang='lat' dir='ltr'><strong>agnmcit,</strong></span> <span class='ocrx_word' id='word_1_139' title='bbox 1590 2081 1621 2137; x_wconf 91' lang='lat' dir='ltr'><strong>et</strong></span> 
     </span>
     <span class='ocr_line' id='line_1_16' title="bbox 253 2170 1621 2254; baseline 0.001 -20"><span class='ocrx_word' id='word_1_140' title='bbox 253 2173 392 2250; x_wconf 90' lang='lat' dir='ltr'><strong>illorum,</strong></span> <span class='ocrx_word' id='word_1_141' title='bbox 415 2173 441 2235; x_wconf 89' lang='lat' dir='ltr'><strong>si</strong></span> <span class='ocrx_word' id='word_1_142' title='bbox 465 2189 580 2253; x_wconf 90' lang='lat' dir='ltr'><strong>paucos</strong></span> <span class='ocrx_word' id='word_1_143' title='bbox 603 2175 749 2254; x_wconf 80' lang='lat' dir='ltr'><strong>excipias,</strong></span> <span class='ocrx_word' id='word_1_144' title='bbox 772 2180 805 2235; x_wconf 92' lang='lat' dir='ltr'><strong>ut</strong></span> <span class='ocrx_word' id='word_1_145' title='bbox 826 2171 941 2249; x_wconf 89' lang='lat' dir='ltr'><strong>Linum,</strong></span> <span class='ocrx_word' id='word_1_146' title='bbox 964 2170 1152 2248; x_wconf 88' lang='lat' dir='ltr'><strong>Anacletum,</strong></span> <span class='ocrx_word' id='word_1_147' title='bbox 1175 2171 1371 2248; x_wconf 75' lang='lat' dir='ltr'><strong>Timotheum,</strong></span> <span class='ocrx_word' id='word_1_148' title='bbox 1395 2172 1507 2250; x_wconf 81' lang='lat' dir='ltr'><strong>Titum,</strong></span> <span class='ocrx_word' id='word_1_149' title='bbox 1531 2175 1621 2236; x_wconf 89' lang='lat' dir='ltr'><strong>testi-</strong></span> 
     </span>
     <span class='ocr_line' id='line_1_17' title="bbox 252 2270 1620 2352; baseline -0.001 -17"><span class='ocrx_word' id='word_1_150' title='bbox 252 2273 352 2335; x_wconf 90' lang='lat' dir='ltr'><strong>monia</strong></span> <span class='ocrx_word' id='word_1_151' title='bbox 375 2270 549 2334; x_wconf 77' lang='lat' dir='ltr'><strong>referuntur</strong></span> <span class='ocrx_word' id='word_1_152' title='bbox 579 2274 609 2333; x_wconf 90' lang='lat' dir='ltr'><strong>in</strong></span> <span class='ocrx_word' id='word_1_153' title='bbox 639 2274 841 2335; x_wconf 78' lang='lat' dir='ltr'><strong>recentiorum</strong></span> <span class='ocrx_word' id='word_1_154' title='bbox 872 2271 1095 2352; x_wconf 79' lang='lat' dir='ltr'><strong>&#39;theologorum</strong></span> <span class='ocrx_word' id='word_1_155' title='bbox 1126 2272 1270 2352; x_wconf 79' lang='lat' dir='ltr'><strong>Syrorum</strong></span> <span class='ocrx_word' id='word_1_156' title='bbox 1299 2273 1437 2352; x_wconf 89' lang='lat' dir='ltr'><strong>scriptis,</strong></span> <span class='ocrx_word' id='word_1_157' title='bbox 1467 2279 1500 2333; x_wconf 93' lang='lat' dir='ltr'><strong>ut</strong></span> <span class='ocrx_word' id='word_1_158' title='bbox 1529 2272 1620 2334; x_wconf 90' lang='lat' dir='ltr'><strong>multa</strong></span> 
     </span>
     <span class='ocr_line' id='line_1_18' title="bbox 250 2367 1619 2452; baseline -0.001 -16"><span class='ocrx_word' id='word_1_159' title='bbox 250 2367 419 2449; x_wconf 82' lang='lat' dir='ltr'><strong>Athanasii,</strong></span> <span class='ocrx_word' id='word_1_160' title='bbox 443 2388 533 2450; x_wconf 85' lang='lat' dir='ltr'><strong>quem</strong></span> <span class='ocrx_word' id='word_1_161' title='bbox 554 2372 659 2433; x_wconf 88' lang='lat' dir='ltr'><strong>mirum</strong></span> <span class='ocrx_word' id='word_1_162' title='bbox 682 2379 730 2435; x_wconf 88' lang='lat' dir='ltr'><strong>est</strong></span> <span class='ocrx_word' id='word_1_163' title='bbox 752 2374 782 2434; x_wconf 89' lang='lat' dir='ltr'><strong>ia</strong></span> <span class='ocrx_word' id='word_1_164' title='bbox 810 2371 860 2433; x_wconf 92' lang='lat' dir='ltr'><strong>illa</strong></span> <span class='ocrx_word' id='word_1_165' title='bbox 889 2372 961 2433; x_wconf 89' lang='lat' dir='ltr'><strong>satis</strong></span> <span class='ocrx_word' id='word_1_166' title='bbox 990 2371 1081 2452; x_wconf 86' lang='lat' dir='ltr'><strong>longa</strong></span> <span class='ocrx_word' id='word_1_167' title='bbox 1111 2373 1337 2434; x_wconf 88' lang='lat' dir='ltr'><strong>enumeratione</strong></span> <span class='ocrx_word' id='word_1_168' title='bbox 1365 2389 1426 2433; x_wconf 92' lang='lat' dir='ltr'><strong>non</strong></span> <span class='ocrx_word' id='word_1_169' title='bbox 1454 2374 1619 2452; x_wconf 89' lang='lat' dir='ltr'><strong>recenseri,</strong></span> 
     </span>
     <span class='ocr_line' id='line_1_19' title="bbox 252 2469 1620 2553; baseline 0 -18"><span class='ocrx_word' id='word_1_170' title='bbox 252 2489 375 2548; x_wconf 88' lang='lat' dir='ltr'><strong>errore,</strong></span> <span class='ocrx_word' id='word_1_171' title='bbox 399 2479 432 2532; x_wconf 92' lang='lat' dir='ltr'><strong>ut</strong></span> <span class='ocrx_word' id='word_1_172' title='bbox 453 2469 585 2548; x_wconf 89' lang='lat' dir='ltr'><strong>videtur,</strong></span> <span class='ocrx_word' id='word_1_173' title='bbox 614 2470 816 2534; x_wconf 90' lang='lat' dir='ltr'><strong>librariorum.</strong></span> <span class='ocrx_word' id='word_1_174' title='bbox 860 2469 946 2533; x_wconf 90' lang='lat' dir='ltr'><strong>Alios</strong></span> <span class='ocrx_word' id='word_1_175' title='bbox 975 2469 1084 2531; x_wconf 91' lang='lat' dir='ltr'><strong>habent</strong></span> <span class='ocrx_word' id='word_1_176' title='bbox 1105 2470 1261 2533; x_wconf 68' lang='lat' dir='ltr'><strong>jacobitae</strong></span> <span class='ocrx_word' id='word_1_177' title='bbox 1283 2470 1496 2549; x_wconf 85' lang='lat' dir='ltr'><strong>Alexandrini,</strong></span> <span class='ocrx_word' id='word_1_178' title='bbox 1525 2490 1620 2553; x_wconf 89' lang='lat' dir='ltr'><strong>prae-</strong></span> 
     </span>
     <span class='ocr_line' id='line_1_20' title="bbox 252 2568 1621 2654; baseline 0 -19"><span class='ocrx_word' id='word_1_179' title='bbox 252 2573 357 2635; x_wconf 90' lang='lat' dir='ltr'><strong>sertim</strong></span> <span class='ocrx_word' id='word_1_180' title='bbox 379 2586 452 2632; x_wconf 90' lang='lat' dir='ltr'><strong>suos</strong></span> <span class='ocrx_word' id='word_1_181' title='bbox 475 2570 672 2649; x_wconf 89' lang='lat' dir='ltr'><strong>Patriarchas,</strong></span> <span class='ocrx_word' id='word_1_182' title='bbox 695 2588 822 2650; x_wconf 90' lang='lat' dir='ltr'><strong>quorum</strong></span> <span class='ocrx_word' id='word_1_183' title='bbox 844 2568 995 2650; x_wconf 90' lang='lat' dir='ltr'><strong>Epistulas</strong></span> <span class='ocrx_word' id='word_1_184' title='bbox 1018 2568 1177 2633; x_wconf 89' lang='lat' dir='ltr'><strong>Paschales</strong></span> <span class='ocrx_word' id='word_1_185' title='bbox 1200 2569 1374 2651; x_wconf 80' lang='lat' dir='ltr'><strong>frequenter</strong></span> <span class='ocrx_word' id='word_1_186' title='bbox 1396 2570 1542 2654; x_wconf 85' lang='lat' dir='ltr'><strong>allegatas</strong></span> <span class='ocrx_word' id='word_1_187' title='bbox 1565 2592 1621 2635; x_wconf 92' lang='lat' dir='ltr'><strong>re-</strong></span> 
     </span>
     <span class='ocr_line' id='line_1_21' title="bbox 250 2668 1620 2753; baseline 0 -18"><span class='ocrx_word' id='word_1_188' title='bbox 250 2673 395 2753; x_wconf 90' lang='lat' dir='ltr'><strong>perimus,</strong></span> <span class='ocrx_word' id='word_1_189' title='bbox 419 2678 450 2732; x_wconf 87' lang='lat' dir='ltr'><strong>et</strong></span> <span class='ocrx_word' id='word_1_190' title='bbox 471 2669 509 2731; x_wconf 90' lang='lat' dir='ltr'><strong>de</strong></span> <span class='ocrx_word' id='word_1_191' title='bbox 533 2670 640 2750; x_wconf 91' lang='lat' dir='ltr'><strong>quibus</strong></span> <span class='ocrx_word' id='word_1_192' title='bbox 663 2670 780 2733; x_wconf 90' lang='lat' dir='ltr'><strong>dicetur</strong></span> <span class='ocrx_word' id='word_1_193' title='bbox 802 2669 881 2732; x_wconf 90' lang='lat' dir='ltr'><strong>alibi.</strong></span> <span class='ocrx_word' id='word_1_194' title='bbox 926 2668 1047 2731; x_wconf 89' lang='lat' dir='ltr'><strong>illorum</strong></span> <span class='ocrx_word' id='word_1_195' title='bbox 1069 2677 1168 2732; x_wconf 88' lang='lat' dir='ltr'><strong>tamen</strong></span> <span class='ocrx_word' id='word_1_196' title='bbox 1190 2669 1283 2751; x_wconf 87' lang='lat' dir='ltr'><strong>vulgo</strong></span> <span class='ocrx_word' id='word_1_197' title='bbox 1306 2672 1336 2732; x_wconf 92' lang='lat' dir='ltr'><strong>in</strong></span> <span class='ocrx_word' id='word_1_198' title='bbox 1355 2670 1510 2751; x_wconf 88' lang='lat' dir='ltr'><strong>Diptycbis</strong></span> <span class='ocrx_word' id='word_1_199' title='bbox 1533 2690 1620 2735; x_wconf 91' lang='lat' dir='ltr'><strong>com·</strong></span> 
     </span>
     <span class='ocr_line' id='line_1_22' title="bbox 251 2769 1618 2852; baseline 0 -18"><span class='ocrx_word' id='word_1_200' title='bbox 251 2771 428 2834; x_wconf 89' lang='lat' dir='ltr'><strong>memoratio</strong></span> <span class='ocrx_word' id='word_1_201' title='bbox 459 2769 525 2832; x_wconf 90' lang='lat' dir='ltr'><strong>lieri</strong></span> <span class='ocrx_word' id='word_1_202' title='bbox 551 2787 612 2831; x_wconf 90' lang='lat' dir='ltr'><strong>nun</strong></span> <span class='ocrx_word' id='word_1_203' title='bbox 640 2771 719 2833; x_wconf 92' lang='lat' dir='ltr'><strong>solet</strong></span> <span class='ocrx_word' id='word_1_204' title='bbox 749 2770 829 2852; x_wconf 91' lang='lat' dir='ltr'><strong>apud</strong></span> <span class='ocrx_word' id='word_1_205' title='bbox 861 2771 976 2851; x_wconf 88' lang='lat' dir='ltr'><strong>Syros;</strong></span> <span class='ocrx_word' id='word_1_206' title='bbox 1007 2787 1074 2830; x_wconf 88' lang='lat' dir='ltr'><strong>cum</strong></span> <span class='ocrx_word' id='word_1_207' title='bbox 1103 2769 1268 2851; x_wconf 85' lang='lat' dir='ltr'><strong>Aegyptii,</strong></span> <span class='ocrx_word' id='word_1_208' title='bbox 1303 2769 1409 2833; x_wconf 89' lang='lat' dir='ltr'><strong>Severi</strong></span> <span class='ocrx_word' id='word_1_209' title='bbox 1438 2770 1618 2834; x_wconf 90' lang='lat' dir='ltr'><strong>Antiocheni</strong></span> 
     </span>
     <span class='ocr_line' id='line_1_23' title="bbox 250 2869 1619 2953; baseline 0.002 -21"><span class='ocrx_word' id='word_1_210' title='bbox 250 2889 373 2945; x_wconf 90' lang='lat' dir='ltr'><strong>numen,</strong></span> <span class='ocrx_word' id='word_1_211' title='bbox 396 2877 428 2931; x_wconf 90' lang='lat' dir='ltr'><strong>ut</strong></span> <span class='ocrx_word' id='word_1_212' title='bbox 450 2870 539 2932; x_wconf 89' lang='lat' dir='ltr'><strong>etiam</strong></span> <span class='ocrx_word' id='word_1_213' title='bbox 561 2869 722 2933; x_wconf 90' lang='lat' dir='ltr'><strong>Barsomae</strong></span> <span class='ocrx_word' id='word_1_214' title='bbox 745 2872 824 2953; x_wconf 89' lang='lat' dir='ltr'><strong>Syri,</strong></span> <span class='ocrx_word' id='word_1_215' title='bbox 846 2871 876 2932; x_wconf 89' lang='lat' dir='ltr'><strong>in</strong></span> <span class='ocrx_word' id='word_1_216' title='bbox 900 2871 962 2932; x_wconf 89' lang='lat' dir='ltr'><strong>suis</strong></span> <span class='ocrx_word' id='word_1_217' title='bbox 986 2871 1104 2932; x_wconf 92' lang='lat' dir='ltr'><strong>nomina</strong></span> <span class='ocrx_word' id='word_1_218' title='bbox 1128 2887 1195 2931; x_wconf 88' lang='lat' dir='ltr'><strong>cum</strong></span> <span class='ocrx_word' id='word_1_219' title='bbox 1218 2869 1333 2932; x_wconf 91' lang='lat' dir='ltr'><strong>honore</strong></span> <span class='ocrx_word' id='word_1_220' title='bbox 1356 2870 1493 2933; x_wconf 83' lang='lat' dir='ltr'><strong>recitent.</strong></span> <span class='ocrx_word' id='word_1_221' title='bbox 1516 2872 1548 2935; x_wconf 91' lang='lat' dir='ltr'><strong>ln</strong></span> <span class='ocrx_word' id='word_1_222' title='bbox 1562 2872 1619 2935; x_wconf 89' lang='lat' dir='ltr'><strong>hac</strong></span> 
     </span>
     <span class='ocr_line' id='line_1_24' title="bbox 251 2968 1618 3053; baseline 0.001 -19"><span class='ocrx_word' id='word_1_223' title='bbox 251 2973 331 3035; x_wconf 88' lang='lat' dir='ltr'><strong>sacri</strong></span> <span class='ocrx_word' id='word_1_224' title='bbox 355 2969 449 3032; x_wconf 86' lang='lat' dir='ltr'><strong>Ollicii</strong></span> <span class='ocrx_word' id='word_1_225' title='bbox 470 2976 566 3049; x_wconf 89' lang='lat' dir='ltr'><strong>parte,</strong></span> <span class='ocrx_word' id='word_1_226' title='bbox 589 2968 773 3050; x_wconf 87' lang='lat' dir='ltr'><strong>prolixiores</strong></span> <span class='ocrx_word' id='word_1_227' title='bbox 795 2977 866 3032; x_wconf 90' lang='lat' dir='ltr'><strong>sunt</strong></span> <span class='ocrx_word' id='word_1_228' title='bbox 880 2970 965 3050; x_wconf 91' lang='lat' dir='ltr'><strong>Syris</strong></span> <span class='ocrx_word' id='word_1_229' title='bbox 980 2970 1136 3050; x_wconf 85' lang='lat' dir='ltr'><strong>Aegyptii,</strong></span> <span class='ocrx_word' id='word_1_230' title='bbox 1157 2970 1189 3030; x_wconf 92' lang='lat' dir='ltr'><strong>in</strong></span> <span class='ocrx_word' id='word_1_231' title='bbox 1211 2987 1338 3050; x_wconf 89' lang='lat' dir='ltr'><strong>quorum</strong></span> <span class='ocrx_word' id='word_1_232' title='bbox 1351 2969 1509 3051; x_wconf 90' lang='lat' dir='ltr'><strong>Diptycbis</strong></span> <span class='ocrx_word' id='word_1_233' title='bbox 1531 2972 1618 3053; x_wconf 91' lang='lat' dir='ltr'><strong>plura</strong></span> 
     </span>
     <span class='ocr_line' id='line_1_25' title="bbox 251 3068 1618 3153; baseline 0.001 -20"><span class='ocrx_word' id='word_1_234' title='bbox 251 3072 344 3153; x_wconf 86' lang='lat' dir='ltr'><strong>longe</strong></span> <span class='ocrx_word' id='word_1_235' title='bbox 368 3069 540 3134; x_wconf 80' lang='lat' dir='ltr'><strong>reseruntur</strong></span> <span class='ocrx_word' id='word_1_236' title='bbox 562 3071 686 3133; x_wconf 90' lang='lat' dir='ltr'><strong>istorum</strong></span> <span class='ocrx_word' id='word_1_237' title='bbox 708 3070 864 3134; x_wconf 87' lang='lat' dir='ltr'><strong>Ecclesiae</strong></span> <span class='ocrx_word' id='word_1_238' title='bbox 887 3068 1044 3131; x_wconf 89' lang='lat' dir='ltr'><strong>doctorum</strong></span> <span class='ocrx_word' id='word_1_239' title='bbox 1065 3069 1197 3147; x_wconf 91' lang='lat' dir='ltr'><strong>nomina,</strong></span> <span class='ocrx_word' id='word_1_240' title='bbox 1220 3088 1308 3151; x_wconf 88' lang='lat' dir='ltr'><strong>quarn</strong></span> <span class='ocrx_word' id='word_1_241' title='bbox 1331 3072 1360 3133; x_wconf 94' lang='lat' dir='ltr'><strong>in</strong></span> <span class='ocrx_word' id='word_1_242' title='bbox 1375 3071 1516 3150; x_wconf 88' lang='lat' dir='ltr'><strong>Syriacis.</strong></span> <span class='ocrx_word' id='word_1_243' title='bbox 1538 3072 1618 3134; x_wconf 90' lang='lat' dir='ltr'><strong>inter</strong></span> 
     </span>
     <span class='ocr_line' id='line_1_26' title="bbox 252 3167 1727 3252; baseline 0.001 -19"><span class='ocrx_word' id='word_1_244' title='bbox 252 3189 308 3234; x_wconf 91' lang='lat' dir='ltr'><strong>eos</strong></span> <span class='ocrx_word' id='word_1_245' title='bbox 336 3186 430 3252; x_wconf 92' lang='lat' dir='ltr'><strong>porro</strong></span> <span class='ocrx_word' id='word_1_246' title='bbox 459 3170 509 3249; x_wconf 89' lang='lat' dir='ltr'><strong>qui</strong></span> <span class='ocrx_word' id='word_1_247' title='bbox 535 3188 551 3230; x_wconf 92' lang='lat' dir='ltr'><strong>a</strong></span> <span class='ocrx_word' id='word_1_248' title='bbox 575 3167 709 3231; x_wconf 91' lang='lat' dir='ltr'><strong>doctrina</strong></span> <span class='ocrx_word' id='word_1_249' title='bbox 732 3169 976 3233; x_wconf 89' lang='lat' dir='ltr'><strong>commendantur</strong></span> <span class='ocrx_word' id='word_1_250' title='bbox 1003 3170 1034 3231; x_wconf 93' lang='lat' dir='ltr'><strong>in</strong></span> <span class='ocrx_word' id='word_1_251' title='bbox 1060 3168 1186 3231; x_wconf 85' lang='lat' dir='ltr'><strong>formula</strong></span> <span class='ocrx_word' id='word_1_252' title='bbox 1217 3188 1305 3250; x_wconf 91' lang='lat' dir='ltr'><strong>quam</strong></span> <span class='ocrx_word' id='word_1_253' title='bbox 1332 3169 1511 3232; x_wconf 82' lang='lat' dir='ltr'><strong>Pontificaiis</strong></span> <span class='ocrx_word' id='word_1_254' title='bbox 1542 3171 1619 3234; x_wconf 89' lang='lat' dir='ltr'><strong>liber</strong></span> <span class='ocrx_word' id='word_1_255' title='bbox 1724 3171 1727 3180; x_wconf 84' lang='lat'>&#39;</span> 
     </span>
     <span class='ocr_line' id='line_1_27' title="bbox 252 3267 1620 3352; baseline 0 -19"><span class='ocrx_word' id='word_1_256' title='bbox 252 3277 473 3352; x_wconf 89' lang='lat' dir='ltr'><strong>repraesentat,</strong></span> <span class='ocrx_word' id='word_1_257' title='bbox 496 3277 565 3330; x_wconf 89' lang='lat' dir='ltr'><strong>sunt</strong></span> <span class='ocrx_word' id='word_1_258' title='bbox 588 3269 701 3350; x_wconf 85' lang='lat' dir='ltr'><strong>aliquot</strong></span> <span class='ocrx_word' id='word_1_259' title='bbox 723 3270 914 3332; x_wconf 88' lang='lat' dir='ltr'><strong>Patriarchae</strong></span> <span class='ocrx_word' id='word_1_260' title='bbox 935 3267 1114 3331; x_wconf 91' lang='lat' dir='ltr'><strong>Antiocheni</strong></span> <span class='ocrx_word' id='word_1_261' title='bbox 1137 3269 1293 3331; x_wconf 90' lang='lat' dir='ltr'><strong>Jacobitae</strong></span> <span class='ocrx_word' id='word_1_262' title='bbox 1315 3271 1513 3348; x_wconf 86' lang='lat' dir='ltr'><strong>recentiores,</strong></span> <span class='ocrx_word' id='word_1_263' title='bbox 1540 3289 1620 3352; x_wconf 91' lang='lat' dir='ltr'><strong>quo-</strong></span> 
     </span>
     <span class='ocr_line' id='line_1_28' title="bbox 251 3368 1619 3450; baseline 0.003 -21"><span class='ocrx_word' id='word_1_264' title='bbox 251 3387 318 3430; x_wconf 87' lang='lat' dir='ltr'><strong>rum</strong></span> <span class='ocrx_word' id='word_1_265' title='bbox 340 3376 457 3442; x_wconf 89' lang='lat' dir='ltr'><strong>tamen,</strong></span> <span class='ocrx_word' id='word_1_266' title='bbox 480 3375 621 3449; x_wconf 90' lang='lat' dir='ltr'><strong>quantum</strong></span> <span class='ocrx_word' id='word_1_267' title='bbox 644 3370 796 3450; x_wconf 86' lang='lat' dir='ltr'><strong>conjicere</strong></span> <span class='ocrx_word' id='word_1_268' title='bbox 818 3386 994 3449; x_wconf 89' lang='lat' dir='ltr'><strong>possumus,</strong></span> <span class='ocrx_word' id='word_1_269' title='bbox 1022 3386 1110 3429; x_wconf 91' lang='lat' dir='ltr'><strong>nemo</strong></span> <span class='ocrx_word' id='word_1_270' title='bbox 1139 3376 1209 3431; x_wconf 91' lang='lat' dir='ltr'><strong>ante</strong></span> <span class='ocrx_word' id='word_1_271' title='bbox 1237 3368 1389 3432; x_wconf 91' lang='lat' dir='ltr'><strong>saeculum</strong></span> <span class='ocrx_word' id='word_1_272' title='bbox 1411 3369 1619 3434; x_wconf 90' lang='lat' dir='ltr'><strong>duodecimum</strong></span> 
     </span>
     <span class='ocr_line' id='line_1_29' title="bbox 251 3467 1619 3552; baseline 0.002 -22"><span class='ocrx_word' id='word_1_273' title='bbox 251 3486 313 3531; x_wconf 89' lang='lat' dir='ltr'><strong>non</strong></span> <span class='ocrx_word' id='word_1_274' title='bbox 334 3467 398 3530; x_wconf 87' lang='lat' dir='ltr'><strong>fuit.</strong></span> <span class='ocrx_word' id='word_1_275' title='bbox 441 3467 517 3529; x_wconf 91' lang='lat' dir='ltr'><strong>Nam</strong></span> <span class='ocrx_word' id='word_1_276' title='bbox 539 3468 692 3530; x_wconf 85' lang='lat' dir='ltr'><strong>Michaelis</strong></span> <span class='ocrx_word' id='word_1_277' title='bbox 715 3470 765 3549; x_wconf 90' lang='lat' dir='ltr'><strong>qui</strong></span> <span class='ocrx_word' id='word_1_278' title='bbox 788 3468 843 3531; x_wconf 88' lang='lat' dir='ltr'><strong>sub</strong></span> <span class='ocrx_word' id='word_1_279' title='bbox 865 3467 945 3530; x_wconf 90' lang='lat' dir='ltr'><strong>illins</strong></span> <span class='ocrx_word' id='word_1_280' title='bbox 968 3467 1056 3529; x_wconf 84' lang='lat' dir='ltr'><strong>linem</strong></span> <span class='ocrx_word' id='word_1_281' title='bbox 1077 3467 1215 3546; x_wconf 84' lang='lat' dir='ltr'><strong>vivebat,</strong></span> <span class='ocrx_word' id='word_1_282' title='bbox 1229 3470 1295 3552; x_wconf 47' lang='lat' dir='ltr'><strong>,viri</strong></span> <span class='ocrx_word' id='word_1_283' title='bbox 1320 3470 1488 3533; x_wconf 89' lang='lat' dir='ltr'><strong>eruditione</strong></span> <span class='ocrx_word' id='word_1_284' title='bbox 1517 3478 1547 3532; x_wconf 92' lang='lat' dir='ltr'><strong>et</strong></span> <span class='ocrx_word' id='word_1_285' title='bbox 1569 3471 1619 3533; x_wconf 92' lang='lat' dir='ltr'><strong>di-</strong></span> 
     </span>
     <span class='ocr_line' id='line_1_30' title="bbox 252 3553 1618 3650; baseline 0.002 -20"><span class='ocrx_word' id='word_1_286' title='bbox 252 3567 397 3649; x_wconf 90' lang='lat' dir='ltr'><strong>sciplinae</strong></span> <span class='ocrx_word' id='word_1_287' title='bbox 421 3569 488 3631; x_wconf 89' lang='lat' dir='ltr'><strong>zelo</strong></span> <span class='ocrx_word' id='word_1_288' title='bbox 512 3571 677 3649; x_wconf 89' lang='lat' dir='ltr'><strong>conspicui,</strong></span> <span class='ocrx_word' id='word_1_289' title='bbox 702 3570 812 3650; x_wconf 89' lang='lat' dir='ltr'><strong>quique</strong></span> <span class='ocrx_word' id='word_1_290' title='bbox 834 3569 1038 3631; x_wconf 86' lang='lat' dir='ltr'><strong>Paenitentiae</strong></span> <span class='ocrx_word' id='word_1_291' title='bbox 1063 3553 1098 3630; x_wconf 88' lang='lat' dir='ltr'><strong>et</strong></span> <span class='ocrx_word' id='word_1_292' title='bbox 1116 3565 1322 3632; x_wconf 77' lang='lat' dir='ltr'><strong>Confessionis</strong></span> <span class='ocrx_word' id='word_1_293' title='bbox 1345 3578 1537 3650; x_wconf 89' lang='lat' dir='ltr'><strong>peccatorum</strong></span> <span class='ocrx_word' id='word_1_294' title='bbox 1560 3590 1618 3633; x_wconf 91' lang='lat' dir='ltr'><strong>ne-</strong></span> 
     </span>
     <span class='ocr_line' id='line_1_31' title="bbox 252 3666 1619 3751; baseline 0.004 -23"><span class='ocrx_word' id='word_1_295' title='bbox 252 3669 424 3729; x_wconf 89' lang='lat' dir='ltr'><strong>cessitatem</strong></span> <span class='ocrx_word' id='word_1_296' title='bbox 447 3667 593 3730; x_wconf 89' lang='lat' dir='ltr'><strong>adversus</strong></span> <span class='ocrx_word' id='word_1_297' title='bbox 616 3666 837 3731; x_wconf 88' lang='lat' dir='ltr'><strong>Alexandrinos</strong></span> <span class='ocrx_word' id='word_1_298' title='bbox 860 3668 1073 3750; x_wconf 74' lang='lat' dir='ltr'><strong>propugnavit,</strong></span> <span class='ocrx_word' id='word_1_299' title='bbox 1097 3668 1207 3730; x_wconf 88' lang='lat' dir='ltr'><strong>mentio</strong></span> <span class='ocrx_word' id='word_1_300' title='bbox 1230 3668 1311 3731; x_wconf 90' lang='lat' dir='ltr'><strong>nulla</strong></span> <span class='ocrx_word' id='word_1_301' title='bbox 1334 3679 1390 3734; x_wconf 91' lang='lat' dir='ltr'><strong>est.</strong></span> <span class='ocrx_word' id='word_1_302' title='bbox 1425 3669 1619 3751; x_wconf 84' lang='lat' dir='ltr'><strong>Reliquorum</strong></span> 
     </span>
     <span class='ocr_line' id='line_1_32' title="bbox 252 3766 1065 3848; baseline 0.004 -20"><span class='ocrx_word' id='word_1_303' title='bbox 252 3767 345 3848; x_wconf 88' lang='lat' dir='ltr'><strong>aliqui</strong></span> <span class='ocrx_word' id='word_1_304' title='bbox 369 3786 409 3829; x_wconf 92' lang='lat' dir='ltr'><strong>ex</strong></span> <span class='ocrx_word' id='word_1_305' title='bbox 430 3766 561 3830; x_wconf 87' lang='lat' dir='ltr'><strong>Historia</strong></span> <span class='ocrx_word' id='word_1_306' title='bbox 584 3769 664 3843; x_wconf 87' lang='lat' dir='ltr'><strong>noti,</strong></span> <span class='ocrx_word' id='word_1_307' title='bbox 687 3766 725 3829; x_wconf 88' lang='lat' dir='ltr'><strong>de</strong></span> <span class='ocrx_word' id='word_1_308' title='bbox 749 3766 816 3830; x_wconf 91' lang='lat' dir='ltr'><strong>aliis</strong></span> <span class='ocrx_word' id='word_1_309' title='bbox 837 3767 908 3831; x_wconf 88' lang='lat' dir='ltr'><strong>nibil</strong></span> <span class='ocrx_word' id='word_1_310' title='bbox 930 3767 1065 3831; x_wconf 89' lang='lat' dir='ltr'><strong>babetur.</strong></span> 
     </span>
    </p>
   </div>
   <div class='ocr_carea' id='block_1_3' title="bbox 677 4063 1852 4135">
    <p class='ocr_par' dir='ltr' id='par_1_3' title="bbox 677 4063 1852 4135">
     <span class='ocr_line' id='line_1_33' title="bbox 677 4063 1852 4135; baseline -0.013 0"><span class='ocrx_word' id='word_1_311' title='bbox 677 4063 956 4135; x_wconf 73' lang='lat' dir='ltr'><strong>Commonorntio</strong></span> <span class='ocrx_word' id='word_1_312' title='bbox 982 4070 1196 4134; x_wconf 83' lang='lat' dir='ltr'><strong>mortuorum.</strong></span> <span class='ocrx_word' id='word_1_313' title='bbox 1664 4067 1695 4121; x_wconf 79' lang='lat' dir='ltr'><strong>r.</strong></span> <span class='ocrx_word' id='word_1_314' title='bbox 1713 4070 1758 4121; x_wconf 80' lang='lat' dir='ltr'><strong>aa.</strong></span> <span class='ocrx_word' id='word_1_315' title='bbox 1773 4069 1790 4121; x_wconf 87' lang='grc' dir='ltr'>ι</span> <span class='ocrx_word' id='word_1_316' title='bbox 1808 4071 1852 4122; x_wconf 80' lang='lat' dir='ltr'><strong>aa.</strong></span> 
     </span>
    </p>
   </div>
   <div class='ocr_carea' id='block_1_4' title="bbox 149 4254 1940 5153">
    <p class='ocr_par' dir='ltr' id='par_1_4' title="bbox 149 4254 1940 5153">
     <span class='ocr_line' id='line_1_34' title="bbox 353 4254 1940 4363; baseline 0.003 -32"><span class='ocrx_word' id='word_1_317' title='bbox 353 4254 392 4331; x_wconf 89' lang='lat' dir='ltr'><strong>Sr</strong></span> <span class='ocrx_word' id='word_1_318' title='bbox 415 4264 575 4346; x_wconf 90' lang='lat' dir='ltr'><strong>quidquam</strong></span> <span class='ocrx_word' id='word_1_319' title='bbox 597 4267 799 4346; x_wconf 89' lang='lat' dir='ltr'><strong>antiquissima</strong></span> <span class='ocrx_word' id='word_1_320' title='bbox 822 4269 951 4330; x_wconf 91' lang='lat' dir='ltr'><strong>omnium</strong></span> <span class='ocrx_word' id='word_1_321' title='bbox 964 4266 1167 4329; x_wconf 85' lang='lat' dir='ltr'><strong>Ecclesiamm</strong></span> <span class='ocrx_word' id='word_1_322' title='bbox 1183 4267 1342 4330; x_wconf 89' lang='lat' dir='ltr'><strong>traditione</strong></span> <span class='ocrx_word' id='word_1_323' title='bbox 1362 4269 1522 4334; x_wconf 90' lang='lat' dir='ltr'><strong>stabilitum</strong></span> <span class='ocrx_word' id='word_1_324' title='bbox 1538 4271 1616 4352; x_wconf 91' lang='lat' dir='ltr'><strong>apud</strong></span> <span class='ocrx_word' id='word_1_325' title='bbox 1665 4291 1799 4346; x_wconf 79' lang='lat' dir='ltr'><strong>Orationes</strong></span> <span class='ocrx_word' id='word_1_326' title='bbox 1822 4310 1869 4363; x_wconf 78' lang='lat' dir='ltr'><strong>pro</strong></span> <span class='ocrx_word' id='word_1_327' title='bbox 1892 4294 1940 4347; x_wconf 84' lang='lat' dir='ltr'><strong>de·</strong></span> 
     </span>
     <span class='ocr_line' id='line_1_35' title="bbox 252 4368 1732 4450; baseline 0.004 -19"><span class='ocrx_word' id='word_1_328' title='bbox 252 4370 455 4445; x_wconf 85' lang='lat' dir='ltr'><strong>Christianos,</strong></span> <span class='ocrx_word' id='word_1_329' title='bbox 485 4378 516 4432; x_wconf 92' lang='lat' dir='ltr'><strong>et</strong></span> <span class='ocrx_word' id='word_1_330' title='bbox 543 4369 735 4432; x_wconf 90' lang='lat' dir='ltr'><strong>observatum</strong></span> <span class='ocrx_word' id='word_1_331' title='bbox 767 4378 830 4446; x_wconf 89' lang='lat' dir='ltr'><strong>est,</strong></span> <span class='ocrx_word' id='word_1_332' title='bbox 859 4371 1101 4434; x_wconf 91' lang='lat' dir='ltr'><strong>commemoratio</strong></span> <span class='ocrx_word' id='word_1_333' title='bbox 1131 4368 1342 4432; x_wconf 84' lang='lat' dir='ltr'><strong>detunctorum</strong></span> <span class='ocrx_word' id='word_1_334' title='bbox 1363 4371 1435 4450; x_wconf 87' lang='lat' dir='ltr'><strong>luit,</strong></span> <span class='ocrx_word' id='word_1_335' title='bbox 1463 4374 1501 4436; x_wconf 92' lang='lat' dir='ltr'><strong>ad</strong></span> <span class='ocrx_word' id='word_1_336' title='bbox 1523 4374 1617 4437; x_wconf 87' lang='lat' dir='ltr'><strong>altare</strong></span> <span class='ocrx_word' id='word_1_337' title='bbox 1631 4379 1732 4433; x_wconf 69' lang='lat' dir='ltr'><strong>iuncti·-</strong></span> 
     </span>
     <span class='ocr_line' id='line_1_36' title="bbox 252 4468 1618 4550; baseline 0.004 -20"><span class='ocrx_word' id='word_1_338' title='bbox 252 4470 310 4531; x_wconf 88' lang='lat' dir='ltr'><strong>Dei</strong></span> <span class='ocrx_word' id='word_1_339' title='bbox 332 4471 412 4531; x_wconf 90' lang='lat' dir='ltr'><strong>inter</strong></span> <span class='ocrx_word' id='word_1_340' title='bbox 433 4487 586 4532; x_wconf 89' lang='lat' dir='ltr'><strong>sacrorum</strong></span> <span class='ocrx_word' id='word_1_341' title='bbox 610 4471 818 4550; x_wconf 81' lang='lat' dir='ltr'><strong>mysteriorum</strong></span> <span class='ocrx_word' id='word_1_342' title='bbox 832 4470 1071 4533; x_wconf 89' lang='lat' dir='ltr'><strong>celebrationem.</strong></span> <span class='ocrx_word' id='word_1_343' title='bbox 1094 4468 1174 4531; x_wconf 91' lang='lat' dir='ltr'><strong>lllam</strong></span> <span class='ocrx_word' id='word_1_344' title='bbox 1190 4470 1437 4534; x_wconf 86' lang='lat' dir='ltr'><strong>consuetudinem</strong></span> <span class='ocrx_word' id='word_1_345' title='bbox 1452 4491 1505 4536; x_wconf 89' lang='lat' dir='ltr'><strong>sua</strong></span> <span class='ocrx_word' id='word_1_346' title='bbox 1520 4482 1618 4537; x_wconf 88' lang='lat' dir='ltr'><strong>aetate</strong></span> 
     </span>
     <span class='ocr_line' id='line_1_37' title="bbox 251 4569 1619 4653; baseline 0.004 -24"><span class='ocrx_word' id='word_1_347' title='bbox 251 4569 365 4650; x_wconf 89' lang='lat' dir='ltr'><strong>ubique</strong></span> <span class='ocrx_word' id='word_1_348' title='bbox 387 4569 587 4642; x_wconf 88' lang='lat' dir='ltr'><strong>observatam,</strong></span> <span class='ocrx_word' id='word_1_349' title='bbox 607 4570 668 4650; x_wconf 87' lang='lat' dir='ltr'><strong>jam</strong></span> <span class='ocrx_word' id='word_1_350' title='bbox 692 4588 708 4631; x_wconf 91' lang='lat' dir='ltr'><strong>a</strong></span> <span class='ocrx_word' id='word_1_351' title='bbox 731 4574 827 4634; x_wconf 92' lang='lat' dir='ltr'><strong>veteri</strong></span> <span class='ocrx_word' id='word_1_352' title='bbox 851 4571 1006 4653; x_wconf 89' lang='lat' dir='ltr'><strong>disciplina</strong></span> <span class='ocrx_word' id='word_1_353' title='bbox 1029 4571 1217 4651; x_wconf 88' lang='lat' dir='ltr'><strong>omniumque</strong></span> <span class='ocrx_word' id='word_1_354' title='bbox 1240 4586 1393 4634; x_wconf 90' lang='lat' dir='ltr'><strong>consensu</strong></span> <span class='ocrx_word' id='word_1_355' title='bbox 1416 4575 1619 4636; x_wconf 82' lang='lat' dir='ltr'><strong>confirmatam</strong></span> 
     </span>
     <span class='ocr_line' id='line_1_38' title="bbox 252 4668 1619 4751; baseline 0.005 -21"><span class='ocrx_word' id='word_1_356' title='bbox 252 4675 384 4731; x_wconf 91' lang='lat' dir='ltr'><strong>testatur</strong></span> <span class='ocrx_word' id='word_1_357' title='bbox 407 4668 591 4751; x_wconf 79' lang='lat' dir='ltr'><strong>Augustinus</strong></span> <span class='ocrx_word' id='word_1_358' title='bbox 614 4669 749 4750; x_wconf 88' lang='lat' dir='ltr'><strong>pluribus</strong></span> <span class='ocrx_word' id='word_1_359' title='bbox 773 4673 803 4732; x_wconf 93' lang='lat' dir='ltr'><strong>in</strong></span> <span class='ocrx_word' id='word_1_360' title='bbox 826 4671 917 4750; x_wconf 88' lang='lat' dir='ltr'><strong>locis,</strong></span> <span class='ocrx_word' id='word_1_361' title='bbox 946 4673 1232 4750; x_wconf 84' lang='lat' dir='ltr'><strong>consentientesque</strong></span> <span class='ocrx_word' id='word_1_362' title='bbox 1260 4669 1350 4731; x_wconf 90' lang='lat' dir='ltr'><strong>habet</strong></span> <span class='ocrx_word' id='word_1_363' title='bbox 1372 4680 1494 4735; x_wconf 88' lang='lat' dir='ltr'><strong>veteres</strong></span> <span class='ocrx_word' id='word_1_364' title='bbox 1516 4675 1619 4737; x_wconf 89' lang='lat' dir='ltr'><strong>Patres</strong></span> 
     </span>
     <span class='ocr_line' id='line_1_39' title="bbox 253 4768 1620 4854; baseline 0.004 -24"><span class='ocrx_word' id='word_1_365' title='bbox 253 4786 372 4831; x_wconf 88' lang='lat' dir='ltr'><strong>omnes.</strong></span> <span class='ocrx_word' id='word_1_366' title='bbox 415 4768 516 4831; x_wconf 82' lang='lat' dir='ltr'><strong>Officia</strong></span> <span class='ocrx_word' id='word_1_367' title='bbox 540 4788 661 4850; x_wconf 87' lang='lat' dir='ltr'><strong>quoque</strong></span> <span class='ocrx_word' id='word_1_368' title='bbox 684 4771 897 4851; x_wconf 88' lang='lat' dir='ltr'><strong>antiquissima,</strong></span> <span class='ocrx_word' id='word_1_369' title='bbox 920 4789 980 4834; x_wconf 91' lang='lat' dir='ltr'><strong>non</strong></span> <span class='ocrx_word' id='word_1_370' title='bbox 1003 4789 1039 4832; x_wconf 92' lang='lat' dir='ltr'><strong>ea</strong></span> <span class='ocrx_word' id='word_1_371' title='bbox 1061 4770 1151 4832; x_wconf 92' lang='lat' dir='ltr'><strong>modo</strong></span> <span class='ocrx_word' id='word_1_372' title='bbox 1174 4789 1253 4851; x_wconf 89' lang='lat' dir='ltr'><strong>qnae</strong></span> <span class='ocrx_word' id='word_1_373' title='bbox 1275 4773 1333 4834; x_wconf 90' lang='lat' dir='ltr'><strong>huc</strong></span> <span class='ocrx_word' id='word_1_374' title='bbox 1355 4790 1451 4853; x_wconf 89' lang='lat' dir='ltr'><strong>usque</strong></span> <span class='ocrx_word' id='word_1_375' title='bbox 1467 4791 1620 4854; x_wconf 88' lang='lat' dir='ltr'><strong>usurpan-</strong></span> 
     </span>
     <span class='ocr_line' id='line_1_40' title="bbox 252 4866 1617 4958; baseline 0.006 -30"><span class='ocrx_word' id='word_1_376' title='bbox 252 4875 305 4929; x_wconf 90' lang='lat' dir='ltr'><strong>tur</strong></span> <span class='ocrx_word' id='word_1_377' title='bbox 327 4867 381 4929; x_wconf 91' lang='lat' dir='ltr'><strong>sed</strong></span> <span class='ocrx_word' id='word_1_378' title='bbox 405 4866 539 4944; x_wconf 87' lang='lat' dir='ltr'><strong>Gottica,</strong></span> <span class='ocrx_word' id='word_1_379' title='bbox 563 4867 731 4945; x_wconf 86' lang='lat' dir='ltr'><strong>Gallicana,</strong></span> <span class='ocrx_word' id='word_1_380' title='bbox 753 4870 957 4949; x_wconf 82' lang='lat' dir='ltr'><strong>Mosarabica,</strong></span> <span class='ocrx_word' id='word_1_381' title='bbox 987 4869 1205 4932; x_wconf 89' lang='lat' dir='ltr'><strong>Ambrosiana:</strong></span> <span class='ocrx_word' id='word_1_382' title='bbox 1236 4872 1431 4952; x_wconf 87' lang='lat' dir='ltr'><strong>Graecaeque</strong></span> <span class='ocrx_word' id='word_1_383' title='bbox 1453 4872 1617 4958; x_wconf 88' lang='lat' dir='ltr'><strong>Liturgiae,</strong></span> 
     </span>
     <span class='ocr_line' id='line_1_41' title="bbox 255 4968 1618 5054; baseline 0.006 -26"><span class='ocrx_word' id='word_1_384' title='bbox 255 4968 544 5030; x_wconf 89' lang='lat' dir='ltr'><strong>commemorationis</strong></span> <span class='ocrx_word' id='word_1_385' title='bbox 575 4968 654 5031; x_wconf 91' lang='lat' dir='ltr'><strong>illius</strong></span> <span class='ocrx_word' id='word_1_386' title='bbox 691 4969 801 5032; x_wconf 87' lang='lat' dir='ltr'><strong>iormas</strong></span> <span class='ocrx_word' id='word_1_387' title='bbox 837 4971 995 5048; x_wconf 89' lang='lat' dir='ltr'><strong>exhibent,</strong></span> <span class='ocrx_word' id='word_1_388' title='bbox 1031 4988 1109 5051; x_wconf 88' lang='lat' dir='ltr'><strong>quae</strong></span> <span class='ocrx_word' id='word_1_389' title='bbox 1144 4988 1211 5032; x_wconf 89' lang='lat' dir='ltr'><strong>cum</strong></span> <span class='ocrx_word' id='word_1_390' title='bbox 1241 4969 1442 5034; x_wconf 89' lang='lat' dir='ltr'><strong>Orientalibus</strong></span> <span class='ocrx_word' id='word_1_391' title='bbox 1473 4972 1618 5054; x_wconf 88' lang='lat' dir='ltr'><strong>Copticis,</strong></span> 
     </span>
     <span class='ocr_line' id='line_1_42' title="bbox 149 5066 1620 5153; baseline 0.005 -23"><span class='ocrx_word' id='word_1_392' title='bbox 149 5116 156 5130; x_wconf 88' lang='lat'><strong>.</strong></span> <span class='ocrx_word' id='word_1_393' title='bbox 253 5066 454 5147; x_wconf 88' lang='lat' dir='ltr'><strong>Aethiopicis,</strong></span> <span class='ocrx_word' id='word_1_394' title='bbox 479 5066 611 5150; x_wconf 76' lang='lat' dir='ltr'><strong>Syriacis</strong></span> <span class='ocrx_word' id='word_1_395' title='bbox 635 5069 849 5150; x_wconf 85' lang='lat' dir='ltr'><strong>cujuscumque</strong></span> <span class='ocrx_word' id='word_1_396' title='bbox 871 5073 946 5134; x_wconf 90' lang='lat' dir='ltr'><strong>ritus</strong></span> <span class='ocrx_word' id='word_1_397' title='bbox 968 5071 1120 5153; x_wconf 78' lang='lat' dir='ltr'><strong>liturgiis,</strong></span> <span class='ocrx_word' id='word_1_398' title='bbox 1149 5069 1284 5150; x_wconf 81' lang='lat' dir='ltr'><strong>perfecte</strong></span> <span class='ocrx_word' id='word_1_399' title='bbox 1312 5074 1519 5150; x_wconf 88' lang='lat' dir='ltr'><strong>consentiunt,</strong></span> <span class='ocrx_word' id='word_1_400' title='bbox 1548 5074 1620 5137; x_wconf 91' lang='lat' dir='ltr'><strong>nihil</strong></span> 
     </span>
    </p>
   </div>
   <div class='ocr_carea' id='block_1_5' title="bbox 0 0 2268 6034">
    <p class='ocr_par' dir='ltr' id='par_1_5' title="bbox 0 0 2268 6034">
     <span class='ocr_line' id='line_1_43' title="bbox 0 0 2268 6034; baseline 0 0"><span class='ocrx_word' id='word_1_401' title='bbox 0 0 2268 6034; x_wconf 95' lang='lat' dir='ltr'><strong> </strong></span> 
     </span>
    </p>
   </div>
  </div>
 </body>
</html>
