<?xml version="1.0" encoding="UTF-8"?>
<!DOCTYPE html PUBLIC "-//W3C//DTD XHTML 1.0 Transitional//EN"
    "http://www.w3.org/TR/xhtml1/DTD/xhtml1-transitional.dtd">
<html xmlns="http://www.w3.org/1999/xhtml" xml:lang="en" lang="en">
 <head>
  <title>
</title>
<meta http-equiv="Content-Type" content="text/html;charset=utf-8" />
  <meta name='ocr-system' content='tesseract 3.04.00' />
  <meta name='ocr-capabilities' content='ocr_page ocr_carea ocr_par ocr_line ocrx_word'/>
</head>
<body>
  <div class='ocr_page' id='page_1' title='image "./liturgiarumorie00unkngoog_0439.png"; bbox 0 0 4525 6034; ppageno 0'>
   <div class='ocr_carea' id='block_1_1' title="bbox 559 580 1601 660">
    <p class='ocr_par' dir='ltr' id='par_1_1' title="bbox 559 580 1601 660">
     <span class='ocr_line' id='line_1_1' title="bbox 559 580 1601 660; baseline -0.006 0"><span class='ocrx_word' id='word_1_1' title='bbox 559 584 613 660; x_wconf 82' lang='lat' dir='ltr'>AD</span> <span class='ocrx_word' id='word_1_2' title='bbox 637 581 844 660; x_wconf 79' lang='lat' dir='ltr'>Lllutdllll</span> <span class='ocrx_word' id='word_1_3' title='bbox 863 580 1057 658; x_wconf 72' lang='lat' dir='ltr'>adtactu</span> <span class='ocrx_word' id='word_1_4' title='bbox 1076 581 1108 658; x_wconf 88' lang='lat' dir='ltr'>S.</span> <span class='ocrx_word' id='word_1_5' title='bbox 1124 581 1271 657; x_wconf 76' lang='lat' dir='ltr'>tisun.</span> <span class='ocrx_word' id='word_1_6' title='bbox 1525 581 1601 656; x_wconf 81' lang='lat'>275</span> 
     </span>
    </p>
   </div>
   <div class='ocr_carea' id='block_1_2' title="bbox 224 762 1604 1538">
    <p class='ocr_par' dir='ltr' id='par_1_2' title="bbox 224 762 1604 1538">
     <span class='ocr_line' id='line_1_2' title="bbox 229 762 1603 846; baseline -0.006 -13"><span class='ocrx_word' id='word_1_7' title='bbox 229 770 299 833; x_wconf 87' lang='lat' dir='ltr'>olim</span> <span class='ocrx_word' id='word_1_8' title='bbox 321 769 457 831; x_wconf 78' lang='lat' dir='ltr'>venetiis</span> <span class='ocrx_word' id='word_1_9' title='bbox 481 766 579 829; x_wconf 91' lang='lat' dir='ltr'>editus</span> <span class='ocrx_word' id='word_1_10' title='bbox 602 773 660 844; x_wconf 88' lang='lat' dir='ltr'>est,</span> <span class='ocrx_word' id='word_1_11' title='bbox 681 766 722 826; x_wconf 88' lang='lat' dir='ltr'>itu</span> <span class='ocrx_word' id='word_1_12' title='bbox 745 765 873 846; x_wconf 76' lang='lat' dir='ltr'>placuit,</span> <span class='ocrx_word' id='word_1_13' title='bbox 907 771 940 826; x_wconf 93' lang='lat' dir='ltr'>ut</span> <span class='ocrx_word' id='word_1_14' title='bbox 970 782 1038 827; x_wconf 91' lang='lat' dir='ltr'>eum</span> <span class='ocrx_word' id='word_1_15' title='bbox 1061 765 1091 828; x_wconf 92' lang='lat' dir='ltr'>in</span> <span class='ocrx_word' id='word_1_16' title='bbox 1113 763 1275 826; x_wconf 73' lang='lat' dir='ltr'>Arabicam</span> <span class='ocrx_word' id='word_1_17' title='bbox 1297 762 1428 843; x_wconf 77' lang='lat' dir='ltr'>linguam</span> <span class='ocrx_word' id='word_1_18' title='bbox 1451 763 1603 827; x_wconf 84' lang='lat' dir='ltr'>transier-</span> 
     </span>
     <span class='ocr_line' id='line_1_3' title="bbox 228 861 1604 946; baseline -0.006 -15"><span class='ocrx_word' id='word_1_19' title='bbox 228 877 313 943; x_wconf 91' lang='lat' dir='ltr'>rent,</span> <span class='ocrx_word' id='word_1_20' title='bbox 343 865 509 929; x_wconf 88' lang='lat' dir='ltr'>secuudum</span> <span class='ocrx_word' id='word_1_21' title='bbox 536 882 625 946; x_wconf 69' lang='grc' dir='ltr'>ᾳιιιιιιι</span> <span class='ocrx_word' id='word_1_22' title='bbox 652 865 831 926; x_wconf 84' lang='lat' dir='ltr'>Versionem</span> <span class='ocrx_word' id='word_1_23' title='bbox 859 864 971 944; x_wconf 87' lang='lat' dir='ltr'>passim</span> <span class='ocrx_word' id='word_1_24' title='bbox 993 863 1073 943; x_wconf 91' lang='lat' dir='ltr'>apud</span> <span class='ocrx_word' id='word_1_25' title='bbox 1101 879 1205 925; x_wconf 88' lang='lat' dir='ltr'>omnes</span> <span class='ocrx_word' id='word_1_26' title='bbox 1227 861 1399 940; x_wconf 88' lang='lat' dir='ltr'>Ecclesias,</span> <span class='ocrx_word' id='word_1_27' title='bbox 1433 865 1522 925; x_wconf 88' lang='lat' dir='ltr'>etiarn</span> <span class='ocrx_word' id='word_1_28' title='bbox 1553 863 1604 925; x_wconf 83' lang='lat' dir='ltr'>di-</span> 
     </span>
     <span class='ocr_line' id='line_1_4' title="bbox 227 960 1603 1044; baseline -0.004 -16"><span class='ocrx_word' id='word_1_29' title='bbox 227 984 337 1028; x_wconf 87' lang='lat' dir='ltr'>versae</span> <span class='ocrx_word' id='word_1_30' title='bbox 359 973 464 1028; x_wconf 86' lang='lat' dir='ltr'>sectae</span> <span class='ocrx_word' id='word_1_31' title='bbox 487 982 554 1026; x_wconf 90' lang='lat' dir='ltr'>cum</span> <span class='ocrx_word' id='word_1_32' title='bbox 577 961 774 1025; x_wconf 67' lang='lat' dir='ltr'><strong>admiratione</strong></span> <span class='ocrx_word' id='word_1_33' title='bbox 796 960 919 1044; x_wconf 78' lang='lat' dir='ltr'>legitur.</span> <span class='ocrx_word' id='word_1_34' title='bbox 964 961 1008 1023; x_wconf 87' lang='lat' dir='ltr'>Ea</span> <span class='ocrx_word' id='word_1_35' title='bbox 1034 963 1154 1025; x_wconf 90' lang='lat' dir='ltr'>ratione</span> <span class='ocrx_word' id='word_1_36' title='bbox 1184 961 1325 1024; x_wconf 84' lang='lat' dir='ltr'>excusari</span> <span class='ocrx_word' id='word_1_37' title='bbox 1347 969 1475 1041; x_wconf 82' lang='lat' dir='ltr'><strong>possunt</strong></span> <span class='ocrx_word' id='word_1_38' title='bbox 1497 962 1603 1025; x_wconf 85' lang='lat' dir='ltr'>llaro-</span> 
     </span>
     <span class='ocr_line' id='line_1_5' title="bbox 227 1058 1604 1144; baseline -0.004 -18"><span class='ocrx_word' id='word_1_39' title='bbox 227 1064 319 1142; x_wconf 89' lang='lat' dir='ltr'>nitae,</span> <span class='ocrx_word' id='word_1_40' title='bbox 343 1066 395 1144; x_wconf 90' lang='lat' dir='ltr'>qui</span> <span class='ocrx_word' id='word_1_41' title='bbox 417 1062 560 1143; x_wconf 84' lang='lat' dir='ltr'>quasdam</span> <span class='ocrx_word' id='word_1_42' title='bbox 583 1081 623 1124; x_wconf 84' lang='lat' dir='ltr'>ex</span> <span class='ocrx_word' id='word_1_43' title='bbox 645 1060 760 1123; x_wconf 89' lang='lat' dir='ltr'>Latinis</span> <span class='ocrx_word' id='word_1_44' title='bbox 782 1060 867 1123; x_wconf 89' lang='lat' dir='ltr'>libris</span> <span class='ocrx_word' id='word_1_45' title='bbox 897 1080 914 1123; x_wconf 83' lang='lat' dir='ltr'>a</span> <span class='ocrx_word' id='word_1_46' title='bbox 945 1078 980 1122; x_wconf 92' lang='lat' dir='ltr'>se</span> <span class='ocrx_word' id='word_1_47' title='bbox 1003 1061 1183 1137; x_wconf 86' lang='lat' dir='ltr'>translatas,</span> <span class='ocrx_word' id='word_1_48' title='bbox 1206 1060 1401 1137; x_wconf 87' lang='lat' dir='ltr'>llaronitico,</span> <span class='ocrx_word' id='word_1_49' title='bbox 1430 1077 1487 1122; x_wconf 89' lang='lat' dir='ltr'>seu</span> <span class='ocrx_word' id='word_1_50' title='bbox 1510 1058 1604 1122; x_wconf 85' lang='lat' dir='ltr'>Chal-</span> 
     </span>
     <span class='ocr_line' id='line_1_6' title="bbox 227 1157 1603 1242; baseline -0.001 -19"><span class='ocrx_word' id='word_1_51' title='bbox 227 1161 314 1224; x_wconf 86' lang='lat' dir='ltr'>daico</span> <span class='ocrx_word' id='word_1_52' title='bbox 337 1160 452 1223; x_wconf 86' lang='lat' dir='ltr'>llissali</span> <span class='ocrx_word' id='word_1_53' title='bbox 473 1160 695 1242; x_wconf 84' lang='lat' dir='ltr'>adjunxerunt:</span> <span class='ocrx_word' id='word_1_54' title='bbox 722 1161 781 1222; x_wconf 89' lang='lat' dir='ltr'>etsi</span> <span class='ocrx_word' id='word_1_55' title='bbox 803 1157 967 1240; x_wconf 87' lang='lat' dir='ltr'>optandum</span> <span class='ocrx_word' id='word_1_56' title='bbox 991 1167 1072 1235; x_wconf 88' lang='lat' dir='ltr'>erat,</span> <span class='ocrx_word' id='word_1_57' title='bbox 1102 1167 1135 1221; x_wconf 92' lang='lat' dir='ltr'>ut</span> <span class='ocrx_word' id='word_1_58' title='bbox 1164 1157 1222 1221; x_wconf 90' lang='lat' dir='ltr'>illia</span> <span class='ocrx_word' id='word_1_59' title='bbox 1252 1158 1401 1241; x_wconf 80' lang='lat' dir='ltr'>eligendis</span> <span class='ocrx_word' id='word_1_60' title='bbox 1430 1158 1603 1241; x_wconf 77' lang='lat' dir='ltr'>diligentius</span> 
     </span>
     <span class='ocr_line' id='line_1_7' title="bbox 227 1254 1602 1338; baseline -0.001 -16"><span class='ocrx_word' id='word_1_61' title='bbox 227 1261 342 1322; x_wconf 88' lang='lat' dir='ltr'>versati</span> <span class='ocrx_word' id='word_1_62' title='bbox 364 1259 507 1334; x_wconf 81' lang='lat' dir='ltr'>luissent3</span> <span class='ocrx_word' id='word_1_63' title='bbox 530 1275 630 1338; x_wconf 89' lang='lat' dir='ltr'>neque</span> <span class='ocrx_word' id='word_1_64' title='bbox 653 1260 733 1320; x_wconf 92' lang='lat' dir='ltr'>enim</span> <span class='ocrx_word' id='word_1_65' title='bbox 755 1259 892 1338; x_wconf 87' lang='lat' dir='ltr'>antiquas</span> <span class='ocrx_word' id='word_1_66' title='bbox 914 1265 966 1319; x_wconf 91' lang='lat' dir='ltr'>aut</span> <span class='ocrx_word' id='word_1_67' title='bbox 989 1257 1107 1318; x_wconf 83' lang='lat' dir='ltr'>Petrum</span> <span class='ocrx_word' id='word_1_68' title='bbox 1129 1258 1289 1319; x_wconf 68' lang='lat' dir='ltr'>autoritate</span> <span class='ocrx_word' id='word_1_69' title='bbox 1305 1254 1526 1318; x_wconf 87' lang='lat' dir='ltr'>commendatas</span> <span class='ocrx_word' id='word_1_70' title='bbox 1548 1276 1602 1320; x_wconf 88' lang='lat' dir='ltr'>se-</span> 
     </span>
     <span class='ocr_line' id='line_1_8' title="bbox 227 1339 1603 1440; baseline -0.001 -21"><span class='ocrx_word' id='word_1_71' title='bbox 227 1358 386 1440; x_wconf 81' lang='lat' dir='ltr'>legerunt,</span> <span class='ocrx_word' id='word_1_72' title='bbox 416 1355 472 1419; x_wconf 88' lang='lat' dir='ltr'>sed</span> <span class='ocrx_word' id='word_1_73' title='bbox 499 1375 553 1418; x_wconf 90' lang='lat' dir='ltr'>eas</span> <span class='ocrx_word' id='word_1_74' title='bbox 580 1374 660 1436; x_wconf 91' lang='lat' dir='ltr'>quae</span> <span class='ocrx_word' id='word_1_75' title='bbox 691 1373 765 1418; x_wconf 88' lang='lat' dir='ltr'>casu</span> <span class='ocrx_word' id='word_1_76' title='bbox 795 1355 898 1437; x_wconf 92' lang='lat' dir='ltr'>potius</span> <span class='ocrx_word' id='word_1_77' title='bbox 927 1373 1014 1435; x_wconf 67' lang='grc' dir='ltr'>ιιιιιιιιι</span> <span class='ocrx_word' id='word_1_78' title='bbox 1045 1362 1130 1417; x_wconf 90' lang='lat' dir='ltr'>certo</span> <span class='ocrx_word' id='word_1_79' title='bbox 1162 1354 1307 1431; x_wconf 91' lang='lat' dir='ltr'>consilio,</span> <span class='ocrx_word' id='word_1_80' title='bbox 1340 1339 1517 1436; x_wconf 21' lang='lat' dir='ltr'>,blusulibus</span> <span class='ocrx_word' id='word_1_81' title='bbox 1545 1356 1603 1418; x_wconf 89' lang='lat' dir='ltr'>ad-</span> 
     </span>
     <span class='ocr_line' id='line_1_9' title="bbox 224 1454 1182 1538; baseline -0.003 -18"><span class='ocrx_word' id='word_1_82' title='bbox 224 1457 348 1538; x_wconf 85' lang='lat' dir='ltr'>junctae</span> <span class='ocrx_word' id='word_1_83' title='bbox 370 1462 450 1534; x_wconf 90' lang='lat' dir='ltr'>sunt,</span> <span class='ocrx_word' id='word_1_84' title='bbox 474 1462 506 1518; x_wconf 90' lang='lat' dir='ltr'>et</span> <span class='ocrx_word' id='word_1_85' title='bbox 528 1472 656 1535; x_wconf 91' lang='lat' dir='ltr'>quorum</span> <span class='ocrx_word' id='word_1_86' title='bbox 679 1454 769 1516; x_wconf 88' lang='lat' dir='ltr'>dubia</span> <span class='ocrx_word' id='word_1_87' title='bbox 793 1471 920 1535; x_wconf 89' lang='lat' dir='ltr'>prorsus</span> <span class='ocrx_word' id='word_1_88' title='bbox 943 1454 1102 1534; x_wconf 86' lang='lat' dir='ltr'>antiquitas</span> <span class='ocrx_word' id='word_1_89' title='bbox 1125 1455 1182 1518; x_wconf 81' lang='lat' dir='ltr'>e&#39;st.</span> 
     </span>
    </p>
   </div>
   <div class='ocr_carea' id='block_1_3' title="bbox 617 1726 1217 1798">
    <p class='ocr_par' dir='ltr' id='par_1_3' title="bbox 617 1726 1217 1798">
     <span class='ocr_line' id='line_1_10' title="bbox 617 1726 1217 1798; baseline 0 -1"><span class='ocrx_word' id='word_1_90' title='bbox 617 1726 794 1798; x_wconf 73' lang='lat' dir='ltr'>Sacerdos</span> <span class='ocrx_word' id='word_1_91' title='bbox 820 1726 913 1798; x_wconf 88' lang='lat' dir='ltr'>dicct</span> <span class='ocrx_word' id='word_1_92' title='bbox 939 1726 1217 1798; x_wconf 78' lang='lat' dir='ltr'>benedictionem.</span> 
     </span>
    </p>
   </div>
   <div class='ocr_carea' id='block_1_4' title="bbox 217 1936 1604 5099">
    <p class='ocr_par' dir='ltr' id='par_1_4' title="bbox 217 1936 1604 5099">
     <span class='ocr_line' id='line_1_11' title="bbox 315 1936 1603 2032; baseline -0.008 -15"><span class='ocrx_word' id='word_1_93' title='bbox 315 1936 451 2017; x_wconf 77' lang='grc' dir='ltr'>Ειιτιιιτ</span> <span class='ocrx_word' id='word_1_94' title='bbox 474 1968 596 2032; x_wconf 88' lang='lat' dir='ltr'>queque</span> <span class='ocrx_word' id='word_1_95' title='bbox 623 1949 726 2011; x_wconf 87' lang='lat' dir='ltr'>variae</span> <span class='ocrx_word' id='word_1_96' title='bbox 749 1948 872 2010; x_wconf 87' lang='lat' dir='ltr'>istarum</span> <span class='ocrx_word' id='word_1_97' title='bbox 899 1953 1118 2028; x_wconf 88' lang='lat' dir='ltr'>postremarum</span> <span class='ocrx_word' id='word_1_98' title='bbox 1149 1947 1316 2010; x_wconf 89' lang='lat' dir='ltr'>orationum</span> <span class='ocrx_word' id='word_1_99' title='bbox 1346 1943 1514 2023; x_wconf 76' lang='lat' dir='ltr'>immulas,</span> <span class='ocrx_word' id='word_1_100' title='bbox 1548 1945 1603 2008; x_wconf 91' lang='lat' dir='ltr'>sed</span> 
     </span>
     <span class='ocr_line' id='line_1_12' title="bbox 229 2044 1603 2132; baseline -0.007 -19"><span class='ocrx_word' id='word_1_101' title='bbox 229 2069 354 2132; x_wconf 90' lang='lat' dir='ltr'>quarum</span> <span class='ocrx_word' id='word_1_102' title='bbox 377 2049 526 2111; x_wconf 88' lang='lat' dir='ltr'>sententia</span> <span class='ocrx_word' id='word_1_103' title='bbox 550 2056 597 2112; x_wconf 90' lang='lat' dir='ltr'>est</span> <span class='ocrx_word' id='word_1_104' title='bbox 618 2047 713 2110; x_wconf 83' lang='lat' dir='ltr'>terme</span> <span class='ocrx_word' id='word_1_105' title='bbox 740 2046 861 2123; x_wconf 90' lang='lat' dir='ltr'>similis,</span> <span class='ocrx_word' id='word_1_106' title='bbox 895 2065 1004 2127; x_wconf 86' lang='lat' dir='ltr'>nempe</span> <span class='ocrx_word' id='word_1_107' title='bbox 1032 2053 1064 2108; x_wconf 94' lang='lat' dir='ltr'>ut</span> <span class='ocrx_word' id='word_1_108' title='bbox 1096 2064 1112 2107; x_wconf 86' lang='lat' dir='ltr'>a</span> <span class='ocrx_word' id='word_1_109' title='bbox 1142 2045 1209 2108; x_wconf 91' lang='lat' dir='ltr'>Deo</span> <span class='ocrx_word' id='word_1_110' title='bbox 1236 2045 1407 2127; x_wconf 88' lang='lat' dir='ltr'>postuletur</span> <span class='ocrx_word' id='word_1_111' title='bbox 1432 2044 1603 2108; x_wconf 84' lang='lat' dir='ltr'>benedictio</span> 
     </span>
     <span class='ocr_line' id='line_1_13' title="bbox 226 2142 1603 2230; baseline -0.005 -19"><span class='ocrx_word' id='word_1_112' title='bbox 226 2167 321 2230; x_wconf 85' lang='lat' dir='ltr'>super</span> <span class='ocrx_word' id='word_1_113' title='bbox 343 2166 450 2210; x_wconf 88' lang='lat' dir='ltr'>omnes</span> <span class='ocrx_word' id='word_1_114' title='bbox 473 2150 524 2228; x_wconf 91' lang='lat' dir='ltr'>qui</span> <span class='ocrx_word' id='word_1_115' title='bbox 547 2165 619 2210; x_wconf 81' lang='lat' dir='ltr'>mox</span> <span class='ocrx_word' id='word_1_116' title='bbox 641 2146 779 2226; x_wconf 89' lang='lat' dir='ltr'>corporis</span> <span class='ocrx_word' id='word_1_117' title='bbox 803 2142 914 2208; x_wconf 85' lang='lat' dir='ltr'>Christi</span> <span class='ocrx_word' id='word_1_118' title='bbox 936 2153 968 2207; x_wconf 93' lang='lat' dir='ltr'>et</span> <span class='ocrx_word' id='word_1_119' title='bbox 996 2147 1153 2228; x_wconf 81' lang='lat' dir='ltr'>sanguinis</span> <span class='ocrx_word' id='word_1_120' title='bbox 1184 2146 1422 2208; x_wconf 89' lang='lat' dir='ltr'>communionem</span> <span class='ocrx_word' id='word_1_121' title='bbox 1449 2162 1603 2225; x_wconf 88' lang='lat' dir='ltr'>percepe-</span> 
     </span>
     <span class='ocr_line' id='line_1_14' title="bbox 226 2242 1601 2328; baseline -0.005 -18"><span class='ocrx_word' id='word_1_122' title='bbox 226 2256 303 2310; x_wconf 83' lang='lat' dir='ltr'>runt</span> <span class='ocrx_word' id='word_1_123' title='bbox 349 2246 383 2308; x_wconf 92' lang='lat' dir='ltr'>ln</span> <span class='ocrx_word' id='word_1_124' title='bbox 414 2246 550 2309; x_wconf 90' lang='lat' dir='ltr'>omnibus</span> <span class='ocrx_word' id='word_1_125' title='bbox 576 2247 719 2328; x_wconf 75' lang='lat' dir='ltr'>liturgiis</span> <span class='ocrx_word' id='word_1_126' title='bbox 749 2245 965 2325; x_wconf 87' lang='lat' dir='ltr'>cujuscumque</span> <span class='ocrx_word' id='word_1_127' title='bbox 993 2245 1069 2305; x_wconf 89' lang='lat' dir='ltr'>ritus</span> <span class='ocrx_word' id='word_1_128' title='bbox 1098 2244 1241 2326; x_wconf 85' lang='lat' dir='ltr'>leguntur</span> <span class='ocrx_word' id='word_1_129' title='bbox 1270 2244 1346 2306; x_wconf 90' lang='lat' dir='ltr'>tales</span> <span class='ocrx_word' id='word_1_130' title='bbox 1374 2242 1601 2305; x_wconf 88' lang='lat' dir='ltr'>benedictiones</span> 
     </span>
     <span class='ocr_line' id='line_1_15' title="bbox 225 2339 1602 2428; baseline -0.005 -20"><span class='ocrx_word' id='word_1_131' title='bbox 225 2346 414 2428; x_wconf 72' lang='lat' dir='ltr'>singulares,</span> <span class='ocrx_word' id='word_1_132' title='bbox 437 2353 468 2407; x_wconf 88' lang='lat' dir='ltr'>et</span> <span class='ocrx_word' id='word_1_133' title='bbox 491 2347 598 2426; x_wconf 88' lang='lat' dir='ltr'>cuique</span> <span class='ocrx_word' id='word_1_134' title='bbox 622 2345 783 2425; x_wconf 90' lang='lat' dir='ltr'>propriae,</span> <span class='ocrx_word' id='word_1_135' title='bbox 806 2360 907 2423; x_wconf 90' lang='lat' dir='ltr'>neque</span> <span class='ocrx_word' id='word_1_136' title='bbox 929 2343 959 2403; x_wconf 90' lang='lat' dir='ltr'>in</span> <span class='ocrx_word' id='word_1_137' title='bbox 982 2361 1019 2404; x_wconf 87' lang='lat' dir='ltr'>eu</span> <span class='ocrx_word' id='word_1_138' title='bbox 1051 2350 1139 2423; x_wconf 91' lang='lat' dir='ltr'>parte</span> <span class='ocrx_word' id='word_1_139' title='bbox 1167 2360 1372 2421; x_wconf 89' lang='lat' dir='ltr'>communem,</span> <span class='ocrx_word' id='word_1_140' title='bbox 1403 2360 1481 2423; x_wconf 90' lang='lat' dir='ltr'>quae</span> <span class='ocrx_word' id='word_1_141' title='bbox 1504 2339 1602 2422; x_wconf 91' lang='lat' dir='ltr'>pluri-</span> 
     </span>
     <span class='ocr_line' id='line_1_16' title="bbox 224 2440 1604 2523; baseline -0.004 -15"><span class='ocrx_word' id='word_1_142' title='bbox 224 2446 280 2508; x_wconf 91' lang='lat' dir='ltr'>bus</span> <span class='ocrx_word' id='word_1_143' title='bbox 302 2444 435 2522; x_wconf 89' lang='lat' dir='ltr'>serviat,</span> <span class='ocrx_word' id='word_1_144' title='bbox 458 2444 617 2506; x_wconf 81' lang='lat' dir='ltr'>formulam</span> <span class='ocrx_word' id='word_1_145' title='bbox 639 2443 761 2505; x_wconf 88' lang='lat' dir='ltr'>habent.</span> <span class='ocrx_word' id='word_1_146' title='bbox 806 2443 839 2505; x_wconf 92' lang='lat' dir='ltr'>ln</span> <span class='ocrx_word' id='word_1_147' title='bbox 863 2441 998 2522; x_wconf 91' lang='lat' dir='ltr'>Copticis</span> <span class='ocrx_word' id='word_1_148' title='bbox 1021 2442 1050 2503; x_wconf 91' lang='lat' dir='ltr'>id</span> <span class='ocrx_word' id='word_1_149' title='bbox 1073 2444 1228 2523; x_wconf 88' lang='lat' dir='ltr'>proprium</span> <span class='ocrx_word' id='word_1_150' title='bbox 1258 2450 1319 2520; x_wconf 92' lang='lat' dir='ltr'>est,</span> <span class='ocrx_word' id='word_1_151' title='bbox 1350 2441 1430 2521; x_wconf 91' lang='lat' dir='ltr'>quod</span> <span class='ocrx_word' id='word_1_152' title='bbox 1460 2440 1604 2502; x_wconf 89' lang='lat' dir='ltr'>inseritur</span> 
     </span>
     <span class='ocr_line' id='line_1_17' title="bbox 223 2539 1602 2623; baseline -0.005 -17"><span class='ocrx_word' id='word_1_153' title='bbox 223 2551 397 2607; x_wconf 81' lang='lat' dir='ltr'>sauctorum</span> <span class='ocrx_word' id='word_1_154' title='bbox 420 2544 664 2605; x_wconf 88' lang='lat' dir='ltr'>commemoratio</span> <span class='ocrx_word' id='word_1_155' title='bbox 687 2543 761 2604; x_wconf 91' lang='lat' dir='ltr'>satis</span> <span class='ocrx_word' id='word_1_156' title='bbox 788 2540 926 2623; x_wconf 84' lang='lat' dir='ltr'>prolixa,</span> <span class='ocrx_word' id='word_1_157' title='bbox 956 2558 1121 2621; x_wconf 88' lang='lat' dir='ltr'>eorumque</span> <span class='ocrx_word' id='word_1_158' title='bbox 1150 2542 1269 2603; x_wconf 87' lang='lat' dir='ltr'>nomina</span> <span class='ocrx_word' id='word_1_159' title='bbox 1299 2541 1479 2618; x_wconf 85' lang='lat' dir='ltr'>recitantur,</span> <span class='ocrx_word' id='word_1_160' title='bbox 1510 2547 1542 2600; x_wconf 90' lang='lat' dir='ltr'>nt</span> <span class='ocrx_word' id='word_1_161' title='bbox 1571 2539 1602 2599; x_wconf 91' lang='lat' dir='ltr'>in</span> 
     </span>
     <span class='ocr_line' id='line_1_18' title="bbox 222 2639 1602 2723; baseline -0.003 -19"><span class='ocrx_word' id='word_1_162' title='bbox 222 2642 279 2704; x_wconf 78' lang='lat' dir='ltr'>liae</span> <span class='ocrx_word' id='word_1_163' title='bbox 302 2649 409 2704; x_wconf 90' lang='lat' dir='ltr'>nostra</span> <span class='ocrx_word' id='word_1_164' title='bbox 432 2641 537 2705; x_wconf 89' lang='lat' dir='ltr'>videre</span> <span class='ocrx_word' id='word_1_165' title='bbox 561 2642 649 2705; x_wconf 88' lang='lat' dir='ltr'>licet:</span> <span class='ocrx_word' id='word_1_166' title='bbox 672 2660 782 2723; x_wconf 87' lang='lat' dir='ltr'>nempe</span> <span class='ocrx_word' id='word_1_167' title='bbox 805 2649 838 2703; x_wconf 92' lang='lat' dir='ltr'>ut</span> <span class='ocrx_word' id='word_1_168' title='bbox 860 2642 890 2703; x_wconf 89' lang='lat' dir='ltr'>in</span> <span class='ocrx_word' id='word_1_169' title='bbox 914 2639 978 2702; x_wconf 90' lang='lat' dir='ltr'>aliis</span> <span class='ocrx_word' id='word_1_170' title='bbox 1002 2641 1196 2703; x_wconf 85' lang='lat' dir='ltr'>observatum</span> <span class='ocrx_word' id='word_1_171' title='bbox 1226 2647 1288 2718; x_wconf 89' lang='lat' dir='ltr'>eet,</span> <span class='ocrx_word' id='word_1_172' title='bbox 1308 2657 1381 2721; x_wconf 59' lang='lat' dir='ltr'>,quo</span> <span class='ocrx_word' id='word_1_173' title='bbox 1410 2657 1466 2720; x_wconf 88' lang='lat' dir='ltr'>per</span> <span class='ocrx_word' id='word_1_174' title='bbox 1496 2654 1602 2701; x_wconf 87' lang='lat' dir='ltr'>eorum</span> 
     </span>
     <span class='ocr_line' id='line_1_19' title="bbox 222 2738 1602 2823; baseline -0.003 -20"><span class='ocrx_word' id='word_1_175' title='bbox 222 2748 389 2823; x_wconf 78' lang='lat' dir='ltr'>preesset</span> <span class='ocrx_word' id='word_1_176' title='bbox 416 2742 667 2804; x_wconf 86' lang='lat' dir='ltr'>interventionem</span> <span class='ocrx_word' id='word_1_177' title='bbox 694 2741 794 2822; x_wconf 78' lang='lat' dir='ltr'>gratia</span> <span class='ocrx_word' id='word_1_178' title='bbox 824 2739 1012 2821; x_wconf 89' lang='lat' dir='ltr'>postuletur,</span> <span class='ocrx_word' id='word_1_179' title='bbox 1042 2748 1073 2803; x_wconf 91' lang='lat' dir='ltr'>et</span> <span class='ocrx_word' id='word_1_180' title='bbox 1101 2739 1284 2803; x_wconf 88' lang='lat' dir='ltr'>obtineatur.</span> <span class='ocrx_word' id='word_1_181' title='bbox 1336 2738 1419 2801; x_wconf 88' lang='lat' dir='ltr'>llaec</span> <span class='ocrx_word' id='word_1_182' title='bbox 1447 2747 1495 2801; x_wconf 89' lang='lat' dir='ltr'>est</span> <span class='ocrx_word' id='word_1_183' title='bbox 1523 2738 1602 2801; x_wconf 88' lang='lat' dir='ltr'>enim</span> 
     </span>
     <span class='ocr_line' id='line_1_20' title="bbox 222 2837 1602 2920; baseline -0.004 -17"><span class='ocrx_word' id='word_1_184' title='bbox 222 2848 397 2903; x_wconf 86' lang='lat' dir='ltr'>sanctornm</span> <span class='ocrx_word' id='word_1_185' title='bbox 419 2841 605 2917; x_wconf 90' lang='lat' dir='ltr'>communio,</span> <span class='ocrx_word' id='word_1_186' title='bbox 639 2848 671 2902; x_wconf 93' lang='lat' dir='ltr'>ut</span> <span class='ocrx_word' id='word_1_187' title='bbox 694 2841 798 2920; x_wconf 87' lang='lat' dir='ltr'>quiin</span> <span class='ocrx_word' id='word_1_188' title='bbox 822 2847 902 2902; x_wconf 89' lang='lat' dir='ltr'>terra</span> <span class='ocrx_word' id='word_1_189' title='bbox 926 2838 1022 2901; x_wconf 87' lang='lat' dir='ltr'>adhuc</span> <span class='ocrx_word' id='word_1_190' title='bbox 1046 2840 1213 2920; x_wconf 88' lang='lat' dir='ltr'>jactantur,</span> <span class='ocrx_word' id='word_1_191' title='bbox 1241 2840 1385 2919; x_wconf 86' lang='lat' dir='ltr'>juventur</span> <span class='ocrx_word' id='word_1_192' title='bbox 1413 2837 1602 2900; x_wconf 89' lang='lat' dir='ltr'>orationibus</span> 
     </span>
     <span class='ocr_line' id='line_1_21' title="bbox 221 2935 1601 3020; baseline -0.004 -18"><span class='ocrx_word' id='word_1_193' title='bbox 221 2957 347 3016; x_wconf 88' lang='lat' dir='ltr'>eorum,</span> <span class='ocrx_word' id='word_1_194' title='bbox 369 2940 421 3020; x_wconf 91' lang='lat' dir='ltr'>qui</span> <span class='ocrx_word' id='word_1_195' title='bbox 439 2940 501 3020; x_wconf 86' lang='lat' dir='ltr'>jaro</span> <span class='ocrx_word' id='word_1_196' title='bbox 523 2939 659 3002; x_wconf 86' lang='lat' dir='ltr'>laborum</span> <span class='ocrx_word' id='word_1_197' title='bbox 681 2957 804 3002; x_wconf 86' lang='lat' dir='ltr'>suorum</span> <span class='ocrx_word' id='word_1_198' title='bbox 827 2939 959 3020; x_wconf 87' lang='lat' dir='ltr'>praemia</span> <span class='ocrx_word' id='word_1_199' title='bbox 981 2945 1167 3018; x_wconf 87' lang='lat' dir='ltr'>acceperuut</span> <span class='ocrx_word' id='word_1_200' title='bbox 1198 2956 1216 2999; x_wconf 93' lang='lat' dir='ltr'>a</span> <span class='ocrx_word' id='word_1_201' title='bbox 1234 2937 1319 3018; x_wconf 79' lang='lat' dir='ltr'>Justo</span> <span class='ocrx_word' id='word_1_202' title='bbox 1339 2935 1459 3016; x_wconf 91' lang='lat' dir='ltr'>judice,</span> <span class='ocrx_word' id='word_1_203' title='bbox 1489 2936 1601 3015; x_wconf 89' lang='lat' dir='ltr'>quique</span> 
     </span>
     <span class='ocr_line' id='line_1_22' title="bbox 221 3033 1601 3119; baseline -0.006 -18"><span class='ocrx_word' id='word_1_204' title='bbox 221 3038 335 3101; x_wconf 89' lang='lat' dir='ltr'>idcireo</span> <span class='ocrx_word' id='word_1_205' title='bbox 358 3036 447 3100; x_wconf 88' lang='lat' dir='ltr'>liberi</span> <span class='ocrx_word' id='word_1_206' title='bbox 470 3056 487 3099; x_wconf 91' lang='lat' dir='ltr'>a</span> <span class='ocrx_word' id='word_1_207' title='bbox 509 3040 657 3101; x_wconf 90' lang='lat' dir='ltr'>servitute</span> <span class='ocrx_word' id='word_1_208' title='bbox 679 3046 709 3100; x_wconf 91' lang='lat' dir='ltr'>et</span> <span class='ocrx_word' id='word_1_209' title='bbox 731 3038 839 3119; x_wconf 90' lang='lat' dir='ltr'>poenis</span> <span class='ocrx_word' id='word_1_210' title='bbox 861 3037 996 3119; x_wconf 89' lang='lat' dir='ltr'>peccati,</span> <span class='ocrx_word' id='word_1_211' title='bbox 1019 3043 1147 3118; x_wconf 89' lang='lat' dir='ltr'>possunt</span> <span class='ocrx_word' id='word_1_212' title='bbox 1169 3053 1226 3118; x_wconf 92' lang='lat' dir='ltr'>pro</span> <span class='ocrx_word' id='word_1_213' title='bbox 1242 3035 1384 3098; x_wconf 86' lang='lat' dir='ltr'>iratribus</span> <span class='ocrx_word' id='word_1_214' title='bbox 1407 3036 1481 3110; x_wconf 88' lang='lat' dir='ltr'>suis,</span> <span class='ocrx_word' id='word_1_215' title='bbox 1504 3033 1601 3094; x_wconf 89' lang='lat' dir='ltr'>Deum</span> 
     </span>
     <span class='ocr_line' id='line_1_23' title="bbox 222 3134 1601 3217; baseline -0.004 -19"><span class='ocrx_word' id='word_1_216' title='bbox 222 3135 433 3217; x_wconf 82' lang='lat' dir='ltr'>interpellare3</span> <span class='ocrx_word' id='word_1_217' title='bbox 458 3144 489 3199; x_wconf 90' lang='lat' dir='ltr'>et</span> <span class='ocrx_word' id='word_1_218' title='bbox 510 3146 543 3199; x_wconf 90' lang='lat' dir='ltr'>ut</span> <span class='ocrx_word' id='word_1_219' title='bbox 565 3145 626 3199; x_wconf 91' lang='lat' dir='ltr'>tum</span> <span class='ocrx_word' id='word_1_220' title='bbox 649 3137 784 3216; x_wconf 85' lang='lat' dir='ltr'>illorum,</span> <span class='ocrx_word' id='word_1_221' title='bbox 817 3145 878 3200; x_wconf 90' lang='lat' dir='ltr'>tum</span> <span class='ocrx_word' id='word_1_222' title='bbox 908 3137 1073 3200; x_wconf 89' lang='lat' dir='ltr'>viventium</span> <span class='ocrx_word' id='word_1_223' title='bbox 1095 3135 1241 3217; x_wconf 86' lang='lat' dir='ltr'>precibus</span> <span class='ocrx_word' id='word_1_224' title='bbox 1271 3135 1394 3215; x_wconf 85' lang='lat' dir='ltr'>requies</span> <span class='ocrx_word' id='word_1_225' title='bbox 1425 3134 1601 3213; x_wconf 88' lang='lat' dir='ltr'>impetretur</span> 
     </span>
     <span class='ocr_line' id='line_1_24' title="bbox 223 3232 1602 3318; baseline -0.003 -22"><span class='ocrx_word' id='word_1_226' title='bbox 223 3234 297 3311; x_wconf 90' lang='lat' dir='ltr'>illis,</span> <span class='ocrx_word' id='word_1_227' title='bbox 322 3235 361 3298; x_wconf 88' lang='lat' dir='ltr'>de</span> <span class='ocrx_word' id='word_1_228' title='bbox 385 3254 512 3316; x_wconf 85' lang='lat' dir='ltr'>quorum</span> <span class='ocrx_word' id='word_1_229' title='bbox 534 3236 632 3299; x_wconf 90' lang='lat' dir='ltr'>salute</span> <span class='ocrx_word' id='word_1_230' title='bbox 654 3255 728 3318; x_wconf 91' lang='lat' dir='ltr'>spes</span> <span class='ocrx_word' id='word_1_231' title='bbox 752 3245 798 3299; x_wconf 91' lang='lat' dir='ltr'>est</span> <span class='ocrx_word' id='word_1_232' title='bbox 820 3239 958 3314; x_wconf 83' lang='lat' dir='ltr'>maxirm,</span> <span class='ocrx_word' id='word_1_233' title='bbox 982 3235 1052 3316; x_wconf 86' lang='lat' dir='ltr'>quie</span> <span class='ocrx_word' id='word_1_234' title='bbox 1064 3235 1094 3296; x_wconf 90' lang='lat' dir='ltr'>in</span> <span class='ocrx_word' id='word_1_235' title='bbox 1113 3233 1172 3296; x_wconf 86' lang='lat' dir='ltr'>tide</span> <span class='ocrx_word' id='word_1_236' title='bbox 1188 3232 1299 3296; x_wconf 89' lang='lat' dir='ltr'>Christi</span> <span class='ocrx_word' id='word_1_237' title='bbox 1310 3232 1547 3309; x_wconf 87' lang='lat' dir='ltr'>obdormierunt,</span> <span class='ocrx_word' id='word_1_238' title='bbox 1571 3237 1602 3292; x_wconf 93' lang='lat' dir='ltr'>et</span> 
     </span>
     <span class='ocr_line' id='line_1_25' title="bbox 221 3331 1602 3416; baseline -0.005 -20"><span class='ocrx_word' id='word_1_239' title='bbox 221 3335 252 3396; x_wconf 91' lang='lat' dir='ltr'>in</span> <span class='ocrx_word' id='word_1_240' title='bbox 267 3351 346 3415; x_wconf 88' lang='lat' dir='ltr'>paee</span> <span class='ocrx_word' id='word_1_241' title='bbox 353 3335 512 3399; x_wconf 85' lang='lat' dir='ltr'>Ecclesiae</span> <span class='ocrx_word' id='word_1_242' title='bbox 524 3336 562 3398; x_wconf 91' lang='lat' dir='ltr'>ad</span> <span class='ocrx_word' id='word_1_243' title='bbox 573 3336 732 3399; x_wconf 91' lang='lat' dir='ltr'>Dominum</span> <span class='ocrx_word' id='word_1_244' title='bbox 743 3333 874 3416; x_wconf 83' lang='lat' dir='ltr'>proiecti</span> <span class='ocrx_word' id='word_1_245' title='bbox 888 3343 965 3398; x_wconf 87' lang='lat' dir='ltr'>sunt.</span> <span class='ocrx_word' id='word_1_246' title='bbox 985 3335 1029 3396; x_wconf 88' lang='lat' dir='ltr'>Ea</span> <span class='ocrx_word' id='word_1_247' title='bbox 1038 3333 1104 3396; x_wconf 91' lang='lat' dir='ltr'>sola</span> <span class='ocrx_word' id='word_1_248' title='bbox 1116 3332 1274 3413; x_wconf 90' lang='lat' dir='ltr'>disciplina</span> <span class='ocrx_word' id='word_1_249' title='bbox 1284 3333 1357 3394; x_wconf 90' lang='lat' dir='ltr'>satis</span> <span class='ocrx_word' id='word_1_250' title='bbox 1371 3331 1502 3394; x_wconf 90' lang='lat' dir='ltr'>ostendit</span> <span class='ocrx_word' id='word_1_251' title='bbox 1513 3347 1602 3410; x_wconf 89' lang='lat' dir='ltr'>quarn</span> 
     </span>
     <span class='ocr_line' id='line_1_26' title="bbox 222 3429 1603 3516; baseline -0.004 -21"><span class='ocrx_word' id='word_1_252' title='bbox 222 3441 339 3495; x_wconf 89' lang='lat' dir='ltr'>temere</span> <span class='ocrx_word' id='word_1_253' title='bbox 362 3436 549 3497; x_wconf 88' lang='lat' dir='ltr'>recentiores</span> <span class='ocrx_word' id='word_1_254' title='bbox 571 3453 632 3498; x_wconf 93' lang='lat' dir='ltr'>non</span> <span class='ocrx_word' id='word_1_255' title='bbox 653 3436 744 3516; x_wconf 88' lang='lat' dir='ltr'>pauci</span> <span class='ocrx_word' id='word_1_256' title='bbox 766 3435 932 3516; x_wconf 91' lang='lat' dir='ltr'>scriptores</span> <span class='ocrx_word' id='word_1_257' title='bbox 949 3434 987 3496; x_wconf 91' lang='lat' dir='ltr'>de</span> <span class='ocrx_word' id='word_1_258' title='bbox 1006 3431 1210 3495; x_wconf 88' lang='lat' dir='ltr'>Orientalibus</span> <span class='ocrx_word' id='word_1_259' title='bbox 1227 3431 1384 3512; x_wconf 88' lang='lat' dir='ltr'>conquesti</span> <span class='ocrx_word' id='word_1_260' title='bbox 1406 3436 1493 3507; x_wconf 91' lang='lat' dir='ltr'>sunt,</span> <span class='ocrx_word' id='word_1_261' title='bbox 1517 3429 1603 3509; x_wconf 88' lang='lat' dir='ltr'>quasi</span> 
     </span>
     <span class='ocr_line' id='line_1_27' title="bbox 223 3526 1603 3615; baseline -0.004 -21"><span class='ocrx_word' id='word_1_262' title='bbox 223 3538 347 3595; x_wconf 87' lang='lat' dir='ltr'>sanctos</span> <span class='ocrx_word' id='word_1_263' title='bbox 359 3532 492 3596; x_wconf 90' lang='lat' dir='ltr'>nondum</span> <span class='ocrx_word' id='word_1_264' title='bbox 504 3533 560 3597; x_wconf 86' lang='lat' dir='ltr'>Dei</span> <span class='ocrx_word' id='word_1_265' title='bbox 573 3535 691 3596; x_wconf 89' lang='lat' dir='ltr'>visione</span> <span class='ocrx_word' id='word_1_266' title='bbox 705 3532 822 3615; x_wconf 83' lang='lat' dir='ltr'>perimi</span> <span class='ocrx_word' id='word_1_267' title='bbox 835 3535 1017 3612; x_wconf 80' lang='lat' dir='ltr'>existiment,</span> <span class='ocrx_word' id='word_1_268' title='bbox 1041 3533 1176 3613; x_wconf 89' lang='lat' dir='ltr'>quamvis</span> <span class='ocrx_word' id='word_1_269' title='bbox 1190 3531 1228 3595; x_wconf 90' lang='lat' dir='ltr'>de</span> <span class='ocrx_word' id='word_1_270' title='bbox 1241 3531 1291 3594; x_wconf 87' lang='lat' dir='ltr'>illa</span> <span class='ocrx_word' id='word_1_271' title='bbox 1306 3530 1482 3611; x_wconf 88' lang='lat' dir='ltr'>quaestione</span> <span class='ocrx_word' id='word_1_272' title='bbox 1498 3526 1603 3589; x_wconf 84' lang='lat' dir='ltr'>Theo-</span> 
     </span>
     <span class='ocr_line' id='line_1_28' title="bbox 220 3628 1601 3715; baseline -0.002 -24"><span class='ocrx_word' id='word_1_273' title='bbox 220 3629 302 3712; x_wconf 81' lang='lat' dir='ltr'>logis</span> <span class='ocrx_word' id='word_1_274' title='bbox 325 3633 439 3694; x_wconf 87' lang='lat' dir='ltr'>nostris</span> <span class='ocrx_word' id='word_1_275' title='bbox 462 3631 533 3696; x_wconf 89' lang='lat' dir='ltr'>olim</span> <span class='ocrx_word' id='word_1_276' title='bbox 556 3634 667 3695; x_wconf 90' lang='lat' dir='ltr'>acriter</span> <span class='ocrx_word' id='word_1_277' title='bbox 689 3632 821 3715; x_wconf 81' lang='lat' dir='ltr'>agitata,</span> <span class='ocrx_word' id='word_1_278' title='bbox 851 3631 942 3694; x_wconf 89' lang='lat' dir='ltr'>altum</span> <span class='ocrx_word' id='word_1_279' title='bbox 970 3633 1007 3694; x_wconf 89' lang='lat' dir='ltr'>sit</span> <span class='ocrx_word' id='word_1_280' title='bbox 1031 3631 1111 3713; x_wconf 90' lang='lat' dir='ltr'>apud</span> <span class='ocrx_word' id='word_1_281' title='bbox 1136 3649 1240 3693; x_wconf 86' lang='lat' dir='ltr'>eorum</span> <span class='ocrx_word' id='word_1_282' title='bbox 1262 3630 1395 3692; x_wconf 83' lang='lat' dir='ltr'>Antores</span> <span class='ocrx_word' id='word_1_283' title='bbox 1418 3628 1601 3710; x_wconf 90' lang='lat' dir='ltr'>praecipuos</span> 
     </span>
     <span class='ocr_line' id='line_1_29' title="bbox 222 3726 1601 3812; baseline 0 -24"><span class='ocrx_word' id='word_1_284' title='bbox 222 3726 383 3793; x_wconf 88' lang='lat' dir='ltr'>silentium.</span> <span class='ocrx_word' id='word_1_285' title='bbox 414 3730 461 3792; x_wconf 88' lang='lat' dir='ltr'>De</span> <span class='ocrx_word' id='word_1_286' title='bbox 485 3729 612 3811; x_wconf 90' lang='lat' dir='ltr'>Coptitis</span> <span class='ocrx_word' id='word_1_287' title='bbox 634 3728 707 3792; x_wconf 83' lang='lat' dir='ltr'>nilril</span> <span class='ocrx_word' id='word_1_288' title='bbox 730 3731 759 3791; x_wconf 91' lang='lat' dir='ltr'>in</span> <span class='ocrx_word' id='word_1_289' title='bbox 777 3730 931 3794; x_wconf 90' lang='lat' dir='ltr'>autoribus</span> <span class='ocrx_word' id='word_1_290' title='bbox 946 3732 1089 3808; x_wconf 87' lang='lat' dir='ltr'>occurrit,</span> <span class='ocrx_word' id='word_1_291' title='bbox 1107 3748 1168 3812; x_wconf 90' lang='lat' dir='ltr'>quo</span> <span class='ocrx_word' id='word_1_292' title='bbox 1181 3748 1236 3793; x_wconf 89' lang='lat' dir='ltr'>eos</span> <span class='ocrx_word' id='word_1_293' title='bbox 1250 3729 1339 3792; x_wconf 90' lang='lat' dir='ltr'>talem</span> <span class='ocrx_word' id='word_1_294' title='bbox 1353 3726 1513 3809; x_wconf 85' lang='lat' dir='ltr'>aliquando</span> <span class='ocrx_word' id='word_1_295' title='bbox 1525 3744 1601 3789; x_wconf 89' lang='lat' dir='ltr'>aen-</span> 
     </span>
     <span class='ocr_line' id='line_1_30' title="bbox 222 3827 1602 3910; baseline 0.001 -24"><span class='ocrx_word' id='word_1_296' title='bbox 222 3828 345 3888; x_wconf 88' lang='lat' dir='ltr'>tentiam</span> <span class='ocrx_word' id='word_1_297' title='bbox 369 3827 541 3892; x_wconf 77' lang='lat' dir='ltr'>defendisse</span> <span class='ocrx_word' id='word_1_298' title='bbox 565 3831 715 3910; x_wconf 89' lang='lat' dir='ltr'>possimus</span> <span class='ocrx_word' id='word_1_299' title='bbox 739 3828 896 3910; x_wconf 88' lang='lat' dir='ltr'>auspicari.</span> <span class='ocrx_word' id='word_1_300' title='bbox 942 3829 987 3891; x_wconf 85' lang='lat' dir='ltr'>De</span> <span class='ocrx_word' id='word_1_301' title='bbox 1009 3836 1182 3891; x_wconf 90' lang='lat' dir='ltr'>sanctorum</span> <span class='ocrx_word' id='word_1_302' title='bbox 1205 3829 1284 3891; x_wconf 82' lang='lat' dir='ltr'>enirn</span> <span class='ocrx_word' id='word_1_303' title='bbox 1306 3845 1383 3908; x_wconf 92' lang='lat' dir='ltr'>quos</span> <span class='ocrx_word' id='word_1_304' title='bbox 1405 3832 1602 3901; x_wconf 89' lang='lat' dir='ltr'>venerantur,</span> 
     </span>
     <span class='ocr_line' id='line_1_31' title="bbox 222 3925 1603 4010; baseline -0.001 -24"><span class='ocrx_word' id='word_1_305' title='bbox 222 3932 255 3987; x_wconf 92' lang='lat' dir='ltr'>et</span> <span class='ocrx_word' id='word_1_306' title='bbox 276 3927 308 3987; x_wconf 91' lang='lat' dir='ltr'>in</span> <span class='ocrx_word' id='word_1_307' title='bbox 330 3925 524 3991; x_wconf 88' lang='lat' dir='ltr'>Orationibus</span> <span class='ocrx_word' id='word_1_308' title='bbox 544 3928 712 4010; x_wconf 86' lang='lat' dir='ltr'>appellant,</span> <span class='ocrx_word' id='word_1_309' title='bbox 742 3928 862 4010; x_wconf 76' lang='lat' dir='ltr'>integra</span> <span class='ocrx_word' id='word_1_310' title='bbox 885 3928 1035 4010; x_wconf 88' lang='lat' dir='ltr'>plenaque</span> <span class='ocrx_word' id='word_1_311' title='bbox 1067 3927 1210 3990; x_wconf 80' lang='lat' dir='ltr'>felicitate</span> <span class='ocrx_word' id='word_1_312' title='bbox 1241 3946 1301 3990; x_wconf 90' lang='lat' dir='ltr'>non</span> <span class='ocrx_word' id='word_1_313' title='bbox 1331 3927 1469 3989; x_wconf 88' lang='lat' dir='ltr'>dubitare</span> <span class='ocrx_word' id='word_1_314' title='bbox 1492 3925 1603 3987; x_wconf 90' lang='lat' dir='ltr'>videu-</span> 
     </span>
     <span class='ocr_line' id='line_1_32' title="bbox 222 4026 1603 4108; baseline 0.002 -25"><span class='ocrx_word' id='word_1_315' title='bbox 222 4031 289 4099; x_wconf 90' lang='lat' dir='ltr'>tur,</span> <span class='ocrx_word' id='word_1_316' title='bbox 318 4026 369 4104; x_wconf 89' lang='lat' dir='ltr'>qui</span> <span class='ocrx_word' id='word_1_317' title='bbox 398 4044 502 4089; x_wconf 88' lang='lat' dir='ltr'>eorum</span> <span class='ocrx_word' id='word_1_318' title='bbox 531 4027 674 4090; x_wconf 75' lang='lat' dir='ltr'>meacula</span> <span class='ocrx_word' id='word_1_319' title='bbox 701 4035 841 4100; x_wconf 87' lang='lat' dir='ltr'>narrant,</span> <span class='ocrx_word' id='word_1_320' title='bbox 873 4029 924 4108; x_wconf 91' lang='lat' dir='ltr'>qui</span> <span class='ocrx_word' id='word_1_321' title='bbox 954 4029 1107 4106; x_wconf 86' lang='lat' dir='ltr'>visiones,</span> <span class='ocrx_word' id='word_1_322' title='bbox 1144 4035 1288 4090; x_wconf 86' lang='lat' dir='ltr'>aeternae</span> <span class='ocrx_word' id='word_1_323' title='bbox 1318 4034 1603 4105; x_wconf 86' lang='lat' dir='ltr'>consummataeque</span> 
     </span>
     <span class='ocr_line' id='line_1_33' title="bbox 221 4122 1602 4208; baseline 0.001 -24"><span class='ocrx_word' id='word_1_324' title='bbox 221 4122 416 4188; x_wconf 86' lang='lat' dir='ltr'>beatitudinis</span> <span class='ocrx_word' id='word_1_325' title='bbox 439 4125 554 4189; x_wconf 89' lang='lat' dir='ltr'>indices</span> <span class='ocrx_word' id='word_1_326' title='bbox 577 4125 821 4207; x_wconf 83' lang='lat' dir='ltr'>frequentissime</span> <span class='ocrx_word' id='word_1_327' title='bbox 844 4126 997 4203; x_wconf 89' lang='lat' dir='ltr'>relerunt,</span> <span class='ocrx_word' id='word_1_328' title='bbox 1021 4130 1071 4208; x_wconf 92' lang='lat' dir='ltr'>qui</span> <span class='ocrx_word' id='word_1_329' title='bbox 1094 4127 1224 4208; x_wconf 88' lang='lat' dir='ltr'>denique</span> <span class='ocrx_word' id='word_1_330' title='bbox 1252 4128 1330 4189; x_wconf 86' lang='lat' dir='ltr'>inter</span> <span class='ocrx_word' id='word_1_331' title='bbox 1352 4125 1462 4189; x_wconf 88' lang='lat' dir='ltr'>choros</span> <span class='ocrx_word' id='word_1_332' title='bbox 1491 4125 1602 4206; x_wconf 80' lang='lat' dir='ltr'>Ango-</span> 
     </span>
     <span class='ocr_line' id='line_1_34' title="bbox 221 4220 1599 4307; baseline 0.003 -25"><span class='ocrx_word' id='word_1_333' title='bbox 221 4220 321 4284; x_wconf 89' lang='lat' dir='ltr'>lorum</span> <span class='ocrx_word' id='word_1_334' title='bbox 345 4243 400 4288; x_wconf 93' lang='lat' dir='ltr'>eos</span> <span class='ocrx_word' id='word_1_335' title='bbox 430 4224 587 4288; x_wconf 88' lang='lat' dir='ltr'>collecant.</span> <span class='ocrx_word' id='word_1_336' title='bbox 631 4225 739 4306; x_wconf 90' lang='lat' dir='ltr'>Neque</span> <span class='ocrx_word' id='word_1_337' title='bbox 773 4243 899 4287; x_wconf 89' lang='lat' dir='ltr'>movere</span> <span class='ocrx_word' id='word_1_338' title='bbox 928 4244 1107 4307; x_wconf 88' lang='lat' dir='ltr'>quemquam</span> <span class='ocrx_word' id='word_1_339' title='bbox 1138 4227 1229 4290; x_wconf 87' lang='lat' dir='ltr'>debet</span> <span class='ocrx_word' id='word_1_340' title='bbox 1259 4226 1339 4307; x_wconf 93' lang='lat' dir='ltr'>quod</span> <span class='ocrx_word' id='word_1_341' title='bbox 1369 4245 1409 4287; x_wconf 84' lang='lat' dir='ltr'>ex</span> <span class='ocrx_word' id='word_1_342' title='bbox 1438 4224 1599 4305; x_wconf 82' lang='lat' dir='ltr'>Aethiopis</span> 
     </span>
     <span class='ocr_line' id='line_1_35' title="bbox 222 4317 1601 4401; baseline 0.003 -21"><span class='ocrx_word' id='word_1_343' title='bbox 222 4317 366 4401; x_wconf 85' lang='lat' dir='ltr'>Gregorii</span> <span class='ocrx_word' id='word_1_344' title='bbox 398 4320 570 4386; x_wconf 76' lang='lat' dir='ltr'>testimonio</span> <span class='ocrx_word' id='word_1_345' title='bbox 601 4325 631 4384; x_wconf 85' lang='lat' dir='ltr'>in</span> <span class='ocrx_word' id='word_1_346' title='bbox 658 4325 840 4385; x_wconf 88' lang='lat' dir='ltr'>contrariam</span> <span class='ocrx_word' id='word_1_347' title='bbox 870 4327 1050 4388; x_wconf 85' lang='lat' dir='ltr'>sententiam</span> <span class='ocrx_word' id='word_1_348' title='bbox 1079 4326 1181 4389; x_wconf 89' lang='lat' dir='ltr'>retulit</span> <span class='ocrx_word' id='word_1_349' title='bbox 1211 4327 1257 4388; x_wconf 91' lang='lat' dir='ltr'>vir</span> <span class='ocrx_word' id='word_1_350' title='bbox 1286 4325 1476 4387; x_wconf 89' lang='lat' dir='ltr'>Clarissimus</span> <span class='ocrx_word' id='word_1_351' title='bbox 1505 4321 1601 4385; x_wconf 78' lang='lat' dir='ltr'>lelius</span> 
     </span>
     <span class='ocr_line' id='line_1_36' title="bbox 221 4416 1600 4506; baseline 0.004 -26"><span class='ocrx_word' id='word_1_352' title='bbox 221 4416 371 4483; x_wconf 85' lang='lat' dir='ltr'>Ludolius</span> <span class='ocrx_word' id='word_1_353' title='bbox 394 4424 425 4484; x_wconf 86' lang='lat' dir='ltr'>in</span> <span class='ocrx_word' id='word_1_354' title='bbox 449 4421 670 4485; x_wconf 86' lang='lat' dir='ltr'>Commentario</span> <span class='ocrx_word' id='word_1_355' title='bbox 692 4422 730 4484; x_wconf 93' lang='lat' dir='ltr'>ad</span> <span class='ocrx_word' id='word_1_356' title='bbox 754 4422 914 4485; x_wconf 83' lang='lat' dir='ltr'>Historiam</span> <span class='ocrx_word' id='word_1_357' title='bbox 937 4443 1020 4488; x_wconf 87' lang='lat' dir='ltr'>suam</span> <span class='ocrx_word' id='word_1_358' title='bbox 1044 4425 1264 4506; x_wconf 82' lang='lat' dir='ltr'>Aethiopicam.</span> <span class='ocrx_word' id='word_1_359' title='bbox 1302 4423 1393 4501; x_wconf 82' lang='lat' dir='ltr'>Sunt,</span> <span class='ocrx_word' id='word_1_360' title='bbox 1417 4422 1517 4484; x_wconf 89' lang='lat' dir='ltr'>aiebat</span> <span class='ocrx_word' id='word_1_361' title='bbox 1539 4422 1600 4500; x_wconf 89' lang='lat' dir='ltr'>ille,</span> 
     </span>
     <span class='ocr_line' id='line_1_37' title="bbox 220 4519 1602 4605; baseline 0.002 -25"><span class='ocrx_word' id='word_1_362' title='bbox 220 4519 278 4598; x_wconf 74' lang='lat' dir='ltr'>qm·</span> <span class='ocrx_word' id='word_1_363' title='bbox 298 4530 440 4584; x_wconf 72' lang='lat' dir='ltr'>esserunt</span> <span class='ocrx_word' id='word_1_364' title='bbox 461 4524 582 4583; x_wconf 83' lang='lat' dir='ltr'>unimus</span> <span class='ocrx_word' id='word_1_365' title='bbox 601 4523 734 4601; x_wconf 69' lang='lat' dir='ltr'>fidelium</span> <span class='ocrx_word' id='word_1_366' title='bbox 751 4532 824 4602; x_wconf 83' lang='lat' dir='ltr'>poet</span> <span class='ocrx_word' id='word_1_367' title='bbox 844 4531 970 4584; x_wconf 84' lang='lat' dir='ltr'>mertem</span> <span class='ocrx_word' id='word_1_368' title='bbox 991 4525 1072 4586; x_wconf 81' lang='lat' dir='ltr'>illico</span> <span class='ocrx_word' id='word_1_369' title='bbox 1094 4526 1215 4605; x_wconf 74' lang='lat' dir='ltr'>inprcdi</span> <span class='ocrx_word' id='word_1_370' title='bbox 1235 4526 1267 4585; x_wconf 84' lang='lat' dir='ltr'>im</span> <span class='ocrx_word' id='word_1_371' title='bbox 1288 4543 1412 4603; x_wconf 76' lang='lat' dir='ltr'>requam</span> <span class='ocrx_word' id='word_1_372' title='bbox 1441 4523 1602 4596; x_wconf 60' lang='lat' dir='ltr'>cacumen,</span> 
     </span>
     <span class='ocr_line' id='line_1_38' title="bbox 219 4619 1603 4700; baseline 0.002 -21"><span class='ocrx_word' id='word_1_373' title='bbox 219 4619 305 4679; x_wconf 71' lang='lat' dir='ltr'>sicas</span> <span class='ocrx_word' id='word_1_374' title='bbox 324 4622 427 4682; x_wconf 79' lang='lat' dir='ltr'>mirra</span> <span class='ocrx_word' id='word_1_375' title='bbox 448 4621 529 4683; x_wconf 76' lang='lat' dir='ltr'>illiue</span> <span class='ocrx_word' id='word_1_376' title='bbox 549 4620 709 4682; x_wconf 46' lang='lat' dir='ltr'>Lubonm‘</span> <span class='ocrx_word' id='word_1_377' title='bbox 721 4623 904 4700; x_wconf 75' lang='lat' dir='ltr'>poenitentis</span> <span class='ocrx_word' id='word_1_378' title='bbox 929 4624 962 4682; x_wconf 83' lang='lat' dir='ltr'>in</span> <span class='ocrx_word' id='word_1_379' title='bbox 994 4640 1098 4698; x_wconf 87' lang='lat' dir='ltr'>cruce,</span> <span class='ocrx_word' id='word_1_380' title='bbox 1132 4624 1183 4683; x_wconf 77' lang='lat' dir='ltr'>cei</span> <span class='ocrx_word' id='word_1_381' title='bbox 1209 4623 1290 4684; x_wconf 74' lang='lat' dir='ltr'>utcu</span> <span class='ocrx_word' id='word_1_382' title='bbox 1310 4621 1458 4684; x_wconf 74' lang='lat' dir='ltr'>Demetrius</span> <span class='ocrx_word' id='word_1_383' title='bbox 1484 4630 1603 4684; x_wconf 85' lang='lat' dir='ltr'>noster:</span> 
     </span>
     <span class='ocr_line' id='line_1_39' title="bbox 219 4715 1604 4801; baseline 0.003 -23"><span class='ocrx_word' id='word_1_384' title='bbox 219 4715 323 4779; x_wconf 86' lang='lat' dir='ltr'>Hodie</span> <span class='ocrx_word' id='word_1_385' title='bbox 345 4737 461 4782; x_wconf 89' lang='lat' dir='ltr'>rnecum</span> <span class='ocrx_word' id='word_1_386' title='bbox 488 4720 550 4781; x_wconf 89' lang='lat' dir='ltr'>eris</span> <span class='ocrx_word' id='word_1_387' title='bbox 577 4719 607 4782; x_wconf 94' lang='lat' dir='ltr'>in</span> <span class='ocrx_word' id='word_1_388' title='bbox 636 4719 787 4800; x_wconf 88' lang='lat' dir='ltr'>paradiso.</span> <span class='ocrx_word' id='word_1_389' title='bbox 831 4721 894 4783; x_wconf 80' lang='lat' dir='ltr'>Aut</span> <span class='ocrx_word' id='word_1_390' title='bbox 922 4729 991 4782; x_wconf 81' lang='lat' dir='ltr'>runt</span> <span class='ocrx_word' id='word_1_391' title='bbox 1019 4724 1071 4801; x_wconf 86' lang='lat' dir='ltr'>qui</span> <span class='ocrx_word' id='word_1_392' title='bbox 1098 4723 1219 4798; x_wconf 84' lang='lat' dir='ltr'>dicunt,</span> <span class='ocrx_word' id='word_1_393' title='bbox 1249 4741 1309 4782; x_wconf 86' lang='lat' dir='ltr'>nem</span> <span class='ocrx_word' id='word_1_394' title='bbox 1337 4723 1453 4782; x_wconf 81' lang='lat' dir='ltr'>intrem</span> <span class='ocrx_word' id='word_1_395' title='bbox 1483 4723 1604 4783; x_wconf 70' lang='lat' dir='ltr'>animm</span> 
     </span>
     <span class='ocr_line' id='line_1_40' title="bbox 218 4814 1602 4898; baseline 0.003 -21"><span class='ocrx_word' id='word_1_396' title='bbox 218 4814 380 4878; x_wconf 81' lang='lat' dir='ltr'>beaterum</span> <span class='ocrx_word' id='word_1_397' title='bbox 402 4821 434 4879; x_wconf 83' lang='lat' dir='ltr'>in</span> <span class='ocrx_word' id='word_1_398' title='bbox 454 4837 580 4898; x_wconf 75' lang='lat' dir='ltr'>repvmm</span> <span class='ocrx_word' id='word_1_399' title='bbox 601 4820 753 4880; x_wconf 86' lang='lat' dir='ltr'>coelorum</span> <span class='ocrx_word' id='word_1_400' title='bbox 775 4827 846 4880; x_wconf 82' lang='lat' dir='ltr'>onte</span> <span class='ocrx_word' id='word_1_401' title='bbox 868 4820 1029 4881; x_wconf 77' lang='lat' dir='ltr'>adamam</span> <span class='ocrx_word' id='word_1_402' title='bbox 1059 4818 1175 4884; x_wconf 82' lang='lat' dir='ltr'>Cbrirtr&#39;</span> <span class='ocrx_word' id='word_1_403' title='bbox 1201 4823 1233 4881; x_wconf 82' lang='lat' dir='ltr'>iu</span> <span class='ocrx_word' id='word_1_404' title='bbox 1261 4822 1486 4881; x_wconf 85' lang='lat' dir='ltr'>rerurrectione</span> <span class='ocrx_word' id='word_1_405' title='bbox 1514 4839 1602 4881; x_wconf 88' lang='lat' dir='ltr'>mor·</span> 
     </span>
     <span class='ocr_line' id='line_1_41' title="bbox 217 4916 1603 5000; baseline 0.004 -24"><span class='ocrx_word' id='word_1_406' title='bbox 217 4921 353 4978; x_wconf 71' lang='lat' dir='ltr'>murum.</span> <span class='ocrx_word' id='word_1_407' title='bbox 401 4916 564 4980; x_wconf 83' lang='lat' dir='ltr'>Confirmat</span> <span class='ocrx_word' id='word_1_408' title='bbox 585 4916 663 4978; x_wconf 89' lang='lat' dir='ltr'>idem</span> <span class='ocrx_word' id='word_1_409' title='bbox 686 4918 789 4980; x_wconf 89' lang='lat' dir='ltr'>verbis</span> <span class='ocrx_word' id='word_1_410' title='bbox 813 4918 956 4998; x_wconf 80' lang='lat' dir='ltr'>Gonqali,</span> <span class='ocrx_word' id='word_1_411' title='bbox 978 4918 1174 5000; x_wconf 78' lang='lat' dir='ltr'>Rodriguesii</span> <span class='ocrx_word' id='word_1_412' title='bbox 1197 4926 1229 4982; x_wconf 91' lang='lat' dir='ltr'>et</span> <span class='ocrx_word' id='word_1_413' title='bbox 1251 4917 1375 4981; x_wconf 88' lang='lat' dir='ltr'>aliorum</span> <span class='ocrx_word' id='word_1_414' title='bbox 1395 4919 1503 4999; x_wconf 90' lang='lat' dir='ltr'>quibus</span> <span class='ocrx_word' id='word_1_415' title='bbox 1528 4936 1603 4999; x_wconf 85' lang='lat' dir='ltr'>pro-</span> 
     </span>
     <span class='ocr_line' id='line_1_42' title="bbox 218 5011 1603 5099; baseline 0.004 -25"><span class='ocrx_word' id='word_1_416' title='bbox 218 5011 273 5074; x_wconf 87' lang='lat' dir='ltr'>cul</span> <span class='ocrx_word' id='word_1_417' title='bbox 297 5013 388 5078; x_wconf 88' lang='lat' dir='ltr'>dubio</span> <span class='ocrx_word' id='word_1_418' title='bbox 410 5016 534 5089; x_wconf 87' lang='lat' dir='ltr'>accidit,</span> <span class='ocrx_word' id='word_1_419' title='bbox 558 5015 641 5095; x_wconf 92' lang='lat' dir='ltr'>qued</span> <span class='ocrx_word' id='word_1_420' title='bbox 662 5016 761 5080; x_wconf 88' lang='lat' dir='ltr'>multis</span> <span class='ocrx_word' id='word_1_421' title='bbox 784 5016 878 5093; x_wconf 87' lang='lat' dir='ltr'>solet,</span> <span class='ocrx_word' id='word_1_422' title='bbox 909 5024 942 5078; x_wconf 91' lang='lat' dir='ltr'>ut</span> <span class='ocrx_word' id='word_1_423' title='bbox 971 5016 1040 5080; x_wconf 92' lang='lat' dir='ltr'>dum</span> <span class='ocrx_word' id='word_1_424' title='bbox 1053 5018 1295 5099; x_wconf 54' lang='lat' dir='ltr'>⁸quaestionibus</span> <span class='ocrx_word' id='word_1_425' title='bbox 1319 5017 1466 5081; x_wconf 86' lang='lat' dir='ltr'>abstrusis</span> <span class='ocrx_word' id='word_1_426' title='bbox 1490 5018 1603 5081; x_wconf 88' lang='lat' dir='ltr'>Orien-</span> 
     </span>
    </p>
   </div>
   <div class='ocr_carea' id='block_1_5' title="bbox 253 5135 1390 5208">
    <p class='ocr_par' dir='ltr' id='par_1_5' title="bbox 253 5135 1390 5208">
     <span class='ocr_line' id='line_1_43' title="bbox 253 5135 1390 5208; baseline 0.011 -13"><span class='ocrx_word' id='word_1_427' title='bbox 253 5153 340 5196; x_wconf 79' lang='lat' dir='ltr'>rnmm</span> <span class='ocrx_word' id='word_1_428' title='bbox 354 5154 369 5196; x_wconf 87' lang='grc' dir='ltr'>ι</span> <span class='ocrx_word' id='word_1_429' title='bbox 1345 5135 1390 5208; x_wconf 83' lang='lat'>51</span> 
     </span>
    </p>
   </div>
   <div class='ocr_carea' id='block_1_6' title="bbox 0 0 2268 6034">
    <p class='ocr_par' dir='ltr' id='par_1_6' title="bbox 0 0 2268 6034">
     <span class='ocr_line' id='line_1_44' title="bbox 0 0 2268 6034; baseline 0 4"><span class='ocrx_word' id='word_1_430' title='bbox 0 0 2268 6034; x_wconf 95' lang='lat' dir='ltr'> </span> 
     </span>
    </p>
   </div>
  </div>
 </body>
</html>
