4525 6034
686 587 760 661 1oo
1201 588 1565 666 blTllllGlb

672 774 781 851 salute
807 783 935 862 nostra,
962 797 1277 848 commemoramus:
1304 779 1556 867 generationem
1583 787 1671 849 mam
1699 800 1745 848 ax
1770 775 1870 849 Patre
1895 774 2039 849 abscon-

630 890 759 984 dito:
785 894 991 963 nativitatem
1020 901 1107 964 tuam
1137 913 1184 962 ex
1209 890 1350 983 Virgine
1381 891 1668 987 inexplicabilem:
1701 904 1807 966 ortum
1841 902 1930 964 tuum
1961 898 2038 965 exi-

671 1009 773 1080 mium
799 1018 833 1079 et
858 1006 1086 1103 praeclarum:
1114 1006 1338 1080 elevationem
1365 1017 1453 1081 tuam
1479 1011 1511 1080 in
1538 995 1640 1081 cruce
1667 1009 1846 1083 salutarem
1872 1020 1906 1080 et
1932 1009 2038 1081 admi-

671 1124 826 1195 randam:
854 1124 1032 1196 adventum
1058 1132 1149 1195 tuum
1174 1122 1296 1196 mundo
1320 1127 1423 1196 vitam
1439 1134 1674 1221 praestantem,
1700 1128 1937 1199 excitationem
1955 1136 2039 1198 mam

672 1239 805 1337 plenam
841 1240 1018 1313 miraculo:
1051 1243 1331 1314 resurrectionem
1364 1250 1454 1313 tuam
1486 1242 1688 1335 gloriosam,
1720 1241 1918 1338 plenamque
1954 1244 2039 1313 omni

673 1356 816 1450 gaudio:
843 1356 1067 1431 elevationem
1095 1368 1183 1429 tuam
1210 1360 1244 1429 in
1271 1356 1442 1431 sublimia:
1469 1358 1769 1458 excellentiamque
1789 1362 1953 1432 sessionis
1968 1366 2040 1428 tuae

673 1472 716 1545 ad
752 1473 924 1546 dexteram
957 1476 1119 1566 genitoris
1153 1477 1216 1561 tui;
1249 1485 1426 1569 praeterea
1462 1478 1563 1547 etiarn
1594 1475 1837 1549 revelationem
1869 1476 1966 1567 regni
1998 1476 2040 1545 tui

673 1588 833 1683 gloriosi,
867 1614 954 1685 quaa
979 1589 1088 1662 iutma
1122 1600 1174 1661 est
1207 1594 1241 1662 in
1275 1589 1419 1662 adventu
1453 1600 1509 1662 tuo
1541 1591 1705 1664 secundo:
1738 1590 1870 1686 quando
1903 1601 1938 1663 tu
1969 1612 2041 1661 cum

674 1704 783 1798 gloria
810 1705 965 1779 ineffabili
992 1709 1171 1796 exoriens,
1207 1715 1241 1778 et
1272 1711 1306 1777 in
1338 1704 1442 1779 turbis
1468 1710 1576 1799 igneis
1602 1706 1857 1802 legionibusque
1883 1706 2041 1778 flammeis

674 1825 968 1917 circumgestatus,
1011 1833 1164 1917 tanquam
1199 1821 1311 1914 lulgur
1346 1821 1521 1895 timendum
1556 1832 1590 1894 et
1623 1823 1787 1914 validum,
1831 1846 1878 1895 ex
1913 1821 2041 1896 sublim

673 1939 804 2032 gloriae
831 1951 908 2012 tuae
934 1939 1099 2035 prodibis:
1126 1938 1258 2034 prendo
1285 1948 1445 2012 stauretur
1471 1939 1589 2014 solium
1616 1937 1764 2012 terribile
1787 1941 1984 2031 majestatis,
2012 1947 2043 2009 et

673 2055 775 2130 sedes
801 2056 918 2129 electis
944 2059 1010 2128 tuis
1036 2054 1301 2129 collocabuntm:
1329 2054 1460 2149 qnando
1486 2054 1599 2152 populi
1621 2066 1655 2127 at
1672 2060 1824 2129 natones
1846 2076 2043 2148 congrega·

674 2170 807 2261 buntur,
834 2171 936 2243 etad
962 2170 1074 2245 locum
1097 2171 1213 2264 judicii
1240 2176 1409 2258 sistentm,
1435 2180 1471 2242 ut
1497 2175 1656 2268 suscipiat
1670 2175 1897 2267 unusquisque
1916 2192 2042 2246 secun-¹

675 2288 751 2361 dum
779 2310 863 2384 opus
891 2309 1002 2360 suum:
1031 2299 1131 2383 atque
1157 2287 1359 2360 retribuetur
1384 2291 1559 2384 unicuique
1581 2289 1762 2361 secundum
1780 2290 1931 2361 actiones
1952 2308 2043 2374 suas,

674 2405 809 2501 quando
835 2404 909 2477 libri
943 2406 1152 2499 aperientur,
1184 2413 1218 2476 et
1249 2427 1372 2500 opera,
1406 2403 1531 2494 verba,
1565 2415 1599 2477 et
1630 2410 1781 2478 actiones
1812 2404 2044 2476 discutientur:

674 2522 806 2617 quando
833 2519 1060 2595 recitabuntur
1085 2524 1243 2610 crimina,
1272 2531 1306 2593 et
1331 2533 1486 2617 anquam
1513 2521 1566 2594 sol
1593 2521 1802 2617 splendidus,
1827 2520 1939 2615 palam
1967 2519 2045 2591 lient

673 2636 880 2725 abscondita,
914 2636 1118 2710 clarissime:
1158 2637 1290 2733 quando
1324 2660 1418 2710 marc
1452 2641 1539 2729 ignis
1574 2637 1775 2722 exundabit,
1814 2635 2045 2732 aestuabitque

671 2752 782 2826 fumus
799 2751 1017 2843 flammarum,
1043 2752 1292 2849 descendetque
1307 2753 1427 2827 fluvius
1444 2756 1532 2847 ignis
1554 2754 1713 2844 ardentis,
1740 2753 1783 2826 ad
1800 2746 2044 2849 probationem,

673 2880 709 2942 et
735 2892 879 2942 examen
906 2873 1013 2943 omnis
1047 2873 1178 2958 carnis3
1211 2869 1343 2965 quando
1376 2874 1550 2963 angustiae
1583 2874 1813 2943 amarissimae
1847 2879 1944 2941 enmt
1975 2871 2044 2940 ini-

674 2988 765 3082 quis:
794 2995 829 3057 et
854 2996 1053 3082 praeparata
1081 2997 1177 3059 erunt
1202 2984 1292 3058 bona
1319 2997 1353 3059 et
1379 2986 1519 3059 deliciae
1541 2990 1657 3081 justis:
1689 2985 1820 3083 quando
1847 2989 2047 3058 misericor-

675 3101 729 3174 dia
756 3101 947 3186 auferetur,
980 3112 1014 3173 et
1039 3104 1131 3198 impii
1157 3101 1326 3175 tradentur
1352 3103 1550 3196 gehennae,
1578 3114 1677 3199 atque
1709 3106 1755 3199 pii
1787 3104 1890 3174 vitam
1921 3123 2045 3173 novam

675 3223 710 3289 in
737 3229 908 3291 aeternum
934 3216 1194 3290 haereditabunt
1248 3218 1389 3305 Quando
1415 3239 1489 3290 vox
1515 3218 1627 3292 valida
1659 3218 1809 3291 audietur
1841 3240 1927 3312 quae
1959 3239 2045 3313 par-

675 3345 744 3407 tem
770 3358 868 3407 unam
895 3333 937 3407 ab
966 3333 1070 3405 altera
1098 3334 1286 3429 separabit,
1319 3334 1562 3431 nansfererque
1588 3357 1695 3428 agnos
1724 3334 1766 3406 ad
1793 3335 1985 3420 dexteram,
2012 3344 2045 3405 et

675 3451 802 3524 haedos
829 3450 870 3521 ad
897 3452 1073 3524 sinistram.
1127 3451 1178 3521 'l'e
1205 3449 1422 3546 deprecamur
1447 3451 1580 3547 plenum
1611 3449 1856 3541 misericordia,
1892 3452 2044 3535 Domine,

675 3571 710 3638 iu
736 3565 818 3639 bora
846 3566 900 3638 illa
928 3566 1135 3654 decretoria,
1167 3565 1346 3663 multiplica
1373 3567 1581 3639 clementiam
1608 3579 1695 3640 tuam
1730 3588 1814 3659 erga
1848 3566 2043 3640 adoratores

675 3694 762 3771 tuos,
789 3687 822 3754 in
849 3695 1000 3778 tempore
1026 3681 1083 3754 illo
1111 3681 1261 3773 terribili,
1288 3693 1322 3755 et
1348 3686 1500 3756 tristitiae
1525 3683 1636 3780 pleno.
1677 3685 1843 3778 Propitius
1865 3692 1941 3754 esto
1966 3702 2042 3772 erga

677 3803 805 3872 animas
832 3820 1009 3871 servorum
1036 3810 1185 3888 tuorum:
1211 3801 1244 3870 in
1270 3799 1351 3873 bora
1378 3799 1434 3873 illa
1460 3805 1611 3888 terroris,
1639 3799 1769 3872 effunde
1785 3797 2043 3871 misericordiam

675 3926 765 3987 tuam
793 3938 895 4012 super
921 3937 995 4003 coe,
1022 3919 1078 4011 qui
1104 3938 1167 4011 per
1193 3938 1327 4010 crucem
1352 3926 1441 3989 tuam
1469 3916 1590 3988 salvati
1617 3926 1700 3988 sunt
1750 3917 1786 3988 ln
1814 3925 1965 4010 tempore
1990 3912 2042 3985 illo

676 4034 822 4118 timoris,
856 4034 1019 4104 miserere
1051 4031 1182 4103 illorum
1214 4035 1269 4126 qui
1302 4031 1499 4104 confitentur
1529 4035 1705 4127 passiones
1739 4043 1827 4104 tuas:
1868 4041 1984 4124 tangat
2014 4039 2043 4101 te

677 4167 759 4217 cura
784 4146 924 4236 illorum,
952 4150 1006 4243 qui
1033 4146 1186 4218 lidnciam
1212 4145 1335 4220 habent
1361 4171 1463 4245 super
1489 4170 1636 4221 amorem
1664 4158 1751 4219 tuum
1779 4169 1863 4240 erga
1883 4147 2040 4231 homines,

677 4271 711 4332 et
736 4285 837 4358 parca
863 4266 1011 4360 peccatis
1038 4286 1173 4352 eorum;
1199 4277 1451 4338 commoveatur
1477 4263 1665 4356 benignitas
1693 4272 1759 4353 tua,
1786 4286 1870 4357 erga
1893 4263 1970 4336 illos
1992 4266 2041 4357 qui

676 4381 836 4452 invocant
862 4401 983 4455 nomen
1010 4389 1098 4452 mum
1126 4390 1277 4453 sanctum
1305 4393 1340 4454 et
1363 4384 1493 4454 remitte
1521 4380 1640 4453 delicta
1667 4379 1808 4452 illorum.
1861 4378 1915 4450 Ne
1946 4377 2040 4451 auia-

675 4504 791 4567 rantur
817 4499 1049 4569 miserationes
1076 4507 1154 4569 tuae
1180 4502 1350 4594 perirem
1377 4509 1483 4584 tuam,
1519 4519 1628 4593 neque
1658 4495 1788 4568 deficiat
1814 4492 1912 4567 nobis
1939 4497 2041 4587 gaia

675 4619 745 4700 tua,
770 4625 908 4709 propter
934 4612 1171 4686 multitudinem
1199 4613 1343 4687 malitiae
1369 4624 1516 4687 nostrae.
1570 4613 1622 4685 Ne
1648 4612 1809 4685 excludas
1838 4611 2038 4683 clementiam

677 4736 787 4819 tuam,
821 4740 958 4825 propter
984 4732 1189 4825 iniquitatem
1214 4741 1381 4803 nostram:
1417 4752 1461 4801 ne
1492 4715 1635 4802 mutetur
1659 4739 1777 4801 natura
1804 4739 1876 4814 tua,
1910 4737 2041 4823 propter

678 4846 936 4937 magnitudinem
963 4846 1222 4941 insipientiamm
1248 4855 1445 4921 nostrarum.
1497 4845 1574 4919 Non
1606 4845 1731 4938 eligant
1756 4867 1820 4918 nos
1849 4845 1975 4937 Angeli
2001 4844 2039 4914 tui

679 4965 821 5050 sancti,'
840 4973 874 5034 et
909 4973 1062 5056 tanquam
1096 4960 1278 5037 fasciculos
1311 4966 1531 5051 zizaniomm,
1564 4965 1597 5034 in
1632 4965 1743 5055 ignem
1770 4983 1834 5034 nos
1860 4964 2037 5058 projiciant

680 5073 757 5151 Non
783 5081 935 5174 increpes
962 5080 1131 5152 ministros
1157 5084 1254 5173 regni
1280 5082 1339 5171 tui,
1365 5089 1502 5176 propter
1528 5078 1646 5154 sordes
1666 5080 1952 5170 vestimentorum,
1976 5099 2036 5148 ne-
