4525 6034
491 546 494 547 *
541 580 593 658 rn
628 575 1258 657 luroremssrnmcrs.
1547 575 1597 649 55

219 761 288 848 lr'rp.
333 766 459 829 Diaconi
480 764 554 828 illud
576 772 646 829 ante
668 772 776 846 pectus
806 764 836 826 in
867 762 992 825 turmam
1021 761 1120 825 crucis
1149 780 1212 825 non
1242 762 1384 844 cinquant,
1415 767 1449 823 ut
1476 759 1599 823 tradunt

218 866 409 930 Pontificales
433 866 501 928 libri
523 866 610 944 van'i,
634 873 665 928 et
688 864 767 927 idem
788 869 938 926 testantur
959 863 1098 942 picturae
1120 861 1190 924 illac
1213 859 1333 924 Codicis
1356 859 1532 923 Florentini.

305 966 352 1028 De
382 965 465 1026 Zona
496 964 636 1041 diximus,
670 970 810 1044 quantum
848 979 925 1043 opus
960 961 1025 1041 luit,
1040 962 1087 1022 *in
1111 959 1333 1024 Commentario
1365 959 1403 1023 ad
1432 959 1598 1043 liturgiam

220 1066 387 1147 Copticam.
1241 1066 1246 1070 ’
1500 1124 1508 1146 Ι

306 1163 492 1243 dearmatum
513 1164 671 1240 vertimus,
695 1161 856 1242 quodSyri
878 1167 990 1223 vocant
1005 1157 1207 1234 &tollenda
1228 1164 1262 1220 ut
1284 1166 1369 1220 recte
1391 1156 1595 1219 Boderianus:

216 1261 384 1344 respondet
397 1270 495 1324 autem
518 1261 577 1325 boc
600 1269 807 1347 ornamentum
830 1259 944 1341 duplex
966 1258 1046 1341 apud
1060 1257 1167 1339 Syros,
1192 1265 1226 1320 ut
1246 1255 1326 1339 apud
1340 1256 1487 1335 Graecos,
1508 1243 1598 1317 Ἐπι-

217 1358 383 1441 μαιίκιόις
404 1363 470 1423 sire
491 1361 637 1437 Mandris,
668 1361 707 1423 de
737 1378 862 1442 quarum
893 1358 989 1420 lorma
1011 1359 1091 1420 inter
1114 1356 1286 1420 Orientales
1315 1355 1503 1420 Christianos
1527 1354 1599 1417 nihil

219 1464 296 1524 certi
320 1461 465 1524 adlrmare
488 1478 660 1542 possumus.
705 1460 739 1522 ln
762 1476 820 1521 una
843 1459 1027 1540 picturarum
1050 1456 1167 1519 illenim
1197 1456 1456 1533 Florentinarum,
1486 1454 1599 1517 Sacer-

218 1561 274 1624 dos
298 1567 560 1641 repraesentatur,
583 1578 651 1621 cum
674 1558 852 1639 quibusdam
880 1545 1126 1635 Ἐπιμανικὶοις,
1156 1554 1264 1637 quibus
1288 1554 1410 1618 brachia
1434 1556 1597 1640 cinguntur

218 1677 313 1742 sopra
336 1658 466 1736 cubitos,
490 1677 568 1739 quae
592 1676 659 1720 cum
683 1657 807 1720 Graecis
831 1674 989 1720 commune
1011 1656 1083 1719 nibil
1106 1654 1228 1720 babent.

305 1759 402 1821 Faino
425 1758 562 1836 tandem,
585 1759 652 1821 sive
675 1758 792 1833 comto,
815 1757 865 1819 vel
884 1757 1023 1836 planeta,
1053 1762 1102 1818 est
1130 1755 1226 1816 vestis
1255 1753 1453 1818 sacerdotalis
1482 1755 1596 1837 ultima,

219 1876 298 1940 quac
320 1851 498 1944 φαινωλίῳ,
521 1856 570 1918 vel
593 1851 734 1943 φελονίῳ
756 1855 940 1918 Graecorum
962 1854 1140 1937 respondet,
1163 1853 1201 1916 de
1225 1871 1284 1935 qua
1307 1853 1435 1916 diximus
1458 1854 1526 1917 loco
1549 1856 1598 1917 ci-

216 1964 292 2020 tato.
338 1956 386 2018 Ab
417 1974 452 2018 ea
483 1974 577 2037 porro
609 1954 766 2018 deductam
797 1973 885 2033 esse,
915 1960 1002 2016 autor
1025 1961 1072 2016 est
1093 1954 1220 2035 insignis
1244 1952 1324 2032 apud
1346 1952 1441 2034 Spros
1463 1953 1599 2019 lexico-

217 2054 355 2140 grapbus
378 2053 625 2118 isa-Bar-llali.
647 2055 754 2130 Fatue,
777 2054 883 2135 lnquit,
907 2061 961 2116 aut
982 2054 1098 2128 Filena,
1121 2060 1176 2114 aut
1196 2051 1316 2145 l'lroiao
1338 2053 1432 2114 vestis
1453 2072 1514 2133 qua
1534 2052 1600 2115 Su-

126 2220 128 2224 ,
219 2155 359 2217 cerdotes
387 2155 555 2215 indomitur
583 2155 654 2216 dnm
681 2172 776 2216 sacru
806 2153 974 2229 celebrant,
1009 2153 1076 2214 loco
1106 2150 1234 2227 Kmirro,
1265 2153 1330 2213 sice
1358 2145 1511 2231 χιτωνίου
1541 2171 1600 2233 quo

218 2255 384 2315 induuntur
404 2253 545 2315 Diaconi.
590 2252 731 2335 Explicat
753 2250 833 2313 illam
855 2251 988 2315 Arablce
1012 2269 1067 2332 per
1089 2248 1260 2326 Albenses,
1288 2266 1347 2330 qua
1375 2265 1453 2313 voce
1475 2257 1600 2313 utuntur

220 2351 361 2435 Coptitae
388 2352 419 2414 in
449 2351 533 2415 libris
563 2352 626 2414 suis
655 2350 807 2414 Arabicis.
853 2349 891 2412 Ut
912 2355 1162 2431 repraesentatur
1184 2349 1214 2410 in
1237 2348 1403 2411 Pontificali
1424 2348 1502 2430 Spro
1525 2350 1601 2413 Flo-

218 2454 349 2527 rentino,
372 2450 540 2531 respondet
561 2449 677 2513 lormae
701 2450 797 2512 veteri
820 2448 1009 2511 Planetarum
1031 2449 1248 2523 Romanarum,
1271 2465 1349 2528 quae
1372 2455 1467 2512 toturn
1489 2467 1600 2532 corpus

219 2549 402 2614 ambiebant.
449 2547 633 2612 Graecarum
664 2550 783 2613 iconem
813 2549 940 2612 inscruit
969 2549 1049 2612 notis
1078 2547 1143 2610 suis
1174 2545 1318 2626 Goarius,
1350 2565 1439 2628 quem
1468 2549 1538 2611 vide
1561 2549 1600 2612 de

222 2650 395 2729 Pbaenolio,
419 2657 452 2711 ut
475 2656 506 2711 et
529 2648 685 2731 Congium.

306 2749 352 2812 De
375 2749 623 2811 vestimentorum
646 2747 766 2810 illorum
789 2746 883 2810 variis
907 2745 1160 2829 appellationibus
1184 2750 1216 2807 et
1237 2743 1352 2823 forma,
1375 2748 1546 2809 accuratius
1569 2754 1601 2810 et

218 2849 369 2929 prolixius
391 2846 546 2927 inquirere
569 2846 679 2910 nullius
702 2845 837 2909 utilitatis
860 2853 921 2909 est:
955 2864 1023 2908 cum
1053 2846 1172 2908 nomina
1201 2846 1267 2925 ipsa
1289 2844 1389 2907 ranas
1413 2846 1600 2927 interpreta-

218 2949 319 3009 tiones
343 2944 465 3008 tulerint
488 2948 525 3009 ab
547 2946 726 3031 Aegyptiis,
759 2945 845 3028 Syris
867 2952 897 3008 et
919 2945 984 3007 aliis
1008 2946 1058 3026 qui
1080 2944 1214 3009 Arabice
1241 2944 1447 3025 scripserunt,
1477 2953 1600 3026 etymon

220 3046 342 3108 illorum
364 3044 453 3125 plane
476 3048 516 3109 sit
539 3048 612 3128 ipsis
634 3049 785 3128 ignotum:
816 3042 942 3107 somnam
964 3062 1056 3123 vero,
1087 3062 1165 3126 quae
1188 3052 1234 3108 tot
1256 3044 1446 3111 saeculorum
1468 3043 1600 3108 decursu

218 3146 414 3207 mutationem
435 3144 515 3207 haud
538 3145 627 3208 dubie
649 3163 740 3227 passa
763 3151 820 3221 est,
844 3143 997 3219 delineare
1020 3163 1060 3206 ex
1082 3144 1265 3224 conjecturis
1288 3143 1359 3206 nihil
1378 3144 1474 3224 juvat.
1500 3141 1601 3206 Grae·

219 3261 325 3305 corum
347 3245 561 3323 recentiorum,
584 3245 635 3326 qui
658 3244 696 3306 de
720 3243 838 3306 illarum
860 3244 997 3324 mysticis
1019 3242 1289 3327 significationibus
1312 3241 1380 3305 fuse
1402 3243 1600 3322 scripserunt,

219 3344 440 3423 commentarii,
463 3344 535 3405 nibil
550 3344 586 3405 ad
600 3342 773 3406 Orientales
797 3341 924 3405 iaciunt:
948 3342 1129 3423 praesertim
1144 3342 1303 3423 symeonis
1320 3341 1602 3405 Thessalonicensis

219 3449 251 3503 et
275 3441 401 3504 aliorum
423 3450 550 3525 argutae
573 3443 693 3505 nimium
717 3441 901 3526 allegoriae,
933 3441 971 3504 de
993 3442 1086 3503 variis
1110 3442 1274 3526 figurarum
1296 3444 1478 3505 intentarum
1500 3443 1601 3523 signi-

219 3540 426 3620 ficationibus,
458 3560 533 3623 quas
564 3541 651 3604 alteri
681 3543 831 3626 ignorant.
875 3541 982 3622 Neque
1011 3542 1091 3603 enim
1121 3540 1209 3604 color
1238 3548 1289 3603 aut
1320 3541 1416 3604 torma
1446 3556 1600 3603 sacrarum

218 3640 351 3702 vestium
374 3626 540 3720 perlectam
563 3631 699 3703 inter‘se
722 3640 943 3703 similitudinem
966 3639 1086 3702 habent.
1132 3638 1216 3702 Stola
1238 3639 1438 3703 sacerdotalis
1454 3640 1601 3720 Syrorum

218 3737 437 3816 Jacobitarum,
460 3757 528 3801 cum
552 3739 714 3802 cruciculis
736 3741 871 3823 pingitur
893 3740 922 3801 in
941 3738 1055 3802 Codice
1079 3736 1264 3817 Florentino,
1287 3747 1338 3801 aut
1359 3739 1479 3801 lineolis
1501 3739 1602 3800 inter-

1645 967 1726 1020 Zona.
1743 967 1774 1020 P.
1794 969 1854 1023 178.

1646 1156 1779 1225 blauipuli.

1646 1766 1747 1822 Casula.

1636 2507 1667 2561 P.
1687 2508 1747 2560 113.
1767 2516 1789 2560 ct
1807 2508 1861 2560 Not.
1879 2507 1925 2560 20.

1610 2614 1637 2667 p.
1657 2595 1720 2650 112.

219 3839 300 3901 cisa:
324 3837 514 3920 Episcopalis
537 3856 659 3918 semper
681 3857 748 3902 cum
771 3842 864 3903 variis
887 3837 1055 3901 cruciculis.
1096 3837 1207 3901 Casula
1229 3856 1305 3900 vero
1326 3837 1377 3899 vel
1400 3838 1522 3900 Planeta
1545 3855 1601 3900 seu
1681 3908 1683 3911 ¹

219 3937 319 3999 Fumo
341 3937 501 4017 aliquando
525 3937 673 4017 unicolor,
697 3956 852 4021 purpurea
874 3938 990 3999 scilicet
1012 3938 1043 3998 in
1066 3937 1162 3999 tribus
1184 3936 1271 4014 locis,
1295 3936 1399 3999 viridis
1422 3938 1452 3998 in
1475 3937 1546 4016 alio,
1570 3944 1601 3999 et

219 4036 251 4097 in
275 4053 335 4097 uno
358 4035 483 4099 floribus
506 4037 652 4117 acupictis
675 4038 824 4102 distincta.
867 4036 1053 4099 Graecorum
1075 4032 1223 4114 ποταμοὶ
1237 4037 1478 4099 siveundulutue
1492 4037 1600 4111 ια’πεαε,

219 4141 251 4197 et
274 4134 332 4196 alia
355 4154 432 4216 quae
455 4135 579 4199 Graecis
603 4136 727 4200 uberem
748 4135 951 4200 rhetoricandi
974 4136 1127 4197 materiam
1150 4135 1372 4216 praebuerunt,
1403 4135 1485 4197 nullo
1508 4135 1599 4198 modo

220 4243 380 4314 apparent.

309 4334 470 4415 Perperam
509 4352 584 4397 roro
618 4351 726 4398 vocem
761 4336 857 4397 Furiae
889 4332 1076 4397 Boderianus
1110 4335 1254 4395 amictum
1288 4340 1336 4396 est
1372 4334 1600 4415 interpretatus,

219 4450 291 4495 nam
312 4432 393 4497 illius
416 4433 445 4495 in
470 4433 617 4497 Orientali
640 4433 779 4497 Ecclesia
802 4452 874 4497 usus
897 4432 996 4495 nullus
1020 4439 1076 4495 est.
1098 4433 1190 4514 Apud
1212 4450 1269 4495 nos
1283 4434 1378 4515 prima
1391 4450 1463 4513 pars
1475 4439 1600 4494 ornatus

119 4530 124 4543 '
219 4532 418 4595 sacerdotalis
442 4540 498 4611 est,
522 4540 552 4595 at
573 4533 670 4595 Fainc
692 4533 757 4596 sive
771 4532 947 4594 Plenolium
968 4531 1081 4609 ultima,
1104 4550 1183 4613 quae
1205 4532 1330 4613 reliquis
1353 4531 1600 4612 circumponitur,

220 4650 280 4712 qua
305 4633 423 4694 ratione
447 4631 575 4694 diversis
597 4630 738 4696 Arabicis
767 4632 894 4694 vocibus
921 4632 976 4694 ista
1000 4649 1151 4713 expressa
1174 4640 1237 4708 est,
1266 4639 1297 4694 et
1324 4631 1417 4715 vulgo
1446 4629 1601 4693 Alburnus

219 4727 260 4791 ab
283 4726 446 4813 Aegyptiis
470 4730 648 4811 appellatur,
672 4749 730 4812 qua
753 4730 843 4793 ctiam
865 4747 943 4793 voce
966 4729 1046 4792 illam
1069 4731 1213 4810 exposuit
1233 4729 1448 4794 lca-Bar-Hali
1472 4745 1601 4808 compa-

218 4828 341 4890 ratione
364 4829 453 4893 ducta
476 4849 494 4893 a
516 4829 608 4911 pallio
631 4829 682 4892 illo
705 4829 851 4905 Arabum,
874 4830 1044 4893 notissimo:
1067 4836 1100 4891 ut
1121 4828 1295 4908 Mctsouro,
1318 4830 1384 4891 sive
1397 4827 1599 4908 Mupborium,

220 4935 254 4990 ct
276 4925 424 5005 Br’rouue,
448 4948 469 4991 o
488 4928 589 4991 Birra.
624 4928 684 4992 Sed
707 4928 783 4991 baec
806 4930 880 4992 satis
902 4946 1054 5010 superque
1077 4935 1164 4991 sunt:
1188 4928 1293 4990 sufficit
1307 4927 1491 4990 observasse
1504 4925 1600 5006 Syros

220 5043 285 5088 non
308 5026 405 5089 minus
428 5046 517 5109 quam
540 5026 689 5109 Coptitas,
712 5036 743 5095 et
766 5027 842 5092 alios
866 5027 1083 5110 cujuscumque
1105 5034 1209 5090 sectae
1231 5027 1283 5089 rel
1304 5026 1426 5107 linguae
1450 5025 1601 5090 Christia-
