4525 6034
685 587 762 664 138
1184 587 1541 668 tlt'tttutn

784 778 935 850 Elaeam
959 800 1085 849 vocem.
1137 776 1181 850 Et
1211 775 1254 849 ad
1285 776 1375 851 hona
1409 777 1464 850 illa
1496 788 1713 874 praeparata,
1747 799 1833 872 quae
1867 775 1929 849 illis
1960 787 2036 849 ate

681 905 856 968 reservata
882 904 974 985 sunt,
1009 915 1072 966 nos
1107 916 1241 989 quoque
1272 903 1307 966 at
1338 892 1510 968 defunctos
1546 905 1680 968 nostros
1705 893 1838 982 fideles,
1865 895 2038 989 pervenire

681 1010 748 1100 iac,
774 1015 882 1104 gratia
908 1022 963 1085 tua
988 1010 1132 1084 Domine
1159 1020 1193 1082 et
1217 1008 1401 1084 referemus
1428 1009 1486 1081 tibi
1513 1011 1665 1103 gloriam,
1692 1020 1756 1083 etc.

785 1128 973 1201 Diaconos.
1025 1128 1147 1201 lterum
1174 1149 1470 1200 commemoramus
1495 1126 1676 1216 Doctores,
1702 1138 1766 1199 etc.

786 1227 962 1317 Socerdm
987 1245 1179 1315 inclinatas.
1231 1241 1327 1333 Esto,
1354 1244 1505 1332 Domine,
1534 1243 1637 1317 decor
1661 1240 1936 1339 incorruptibilis,
1962 1240 2042 1314 illo-

682 1384 754 1434 rum
783 1365 838 1458 qui
864 1361 1038 1458 praeclare
1063 1367 1225 1433 rexerunt
1249 1382 1391 1453 gregem
1416 1369 1517 1451 tuum,
1545 1362 1665 1456 quique
1690 1364 1725 1432 in
1750 1383 1833 1434 vera
1851 1361 1975 1455 pietate
2001 1357 2043 1430 ad

682 1490 718 1552 tc
742 1476 884 1575 proiecti
910 1487 994 1551 sunt.

788 1597 938 1668 Eteonon
969 1618 1094 1668 vocem.
1145 1591 1191 1666 Dt
1225 1618 1245 1666 a
1277 1597 1447 1668 vicinitate
1476 1598 1682 1690 paternitatis
1714 1617 1829 1668 eorum
1860 1596 1954 1690 piae,
1984 1613 2044 1688 per

685 1709 784 1809 quam
809 1712 888 1786 lacti
924 1736 1035 1786 sumus
1071 1711 1127 1783 lilii
1160 1713 1289 1804 gratiae
1320 1720 1415 1799 tuae,
1442 1720 1476 1782 et
1500 1709 1621 1785 iratres
1648 1715 1807 1804 unigeniti
1832 1709 1889 1782 lilii
1913 1712 1977 1798 tui,
2003 1731 2045 1781 ne
2144 1711 2148 1722 '

684 1853 863 1904 removeas
890 1841 946 1902 aut
971 1828 1114 1927 repellas
1141 1850 1204 1901 uos
1229 1830 1387 1901 Domine:
1414 1839 1447 1900 et
1472 1828 1656 1901 referemus
1683 1828 1740 1901 tibi
1766 1828 1918 1921 gloriam,
1945 1836 2009 1897 etc.

788 1948 973 2019 Diaconos.
1025 1947 1148 2019 lterum
1174 1966 1470 2017 commemoramus
1498 1966 1613 2018 omnes
1641 1943 1826 2034 defunctos,
1852 1954 1916 2015 etc.

699 2121 707 2142 .
787 2063 962 2136 Smerden
987 2063 1177 2133 inclinatam.
1229 2060 1324 2150 Esto,
1356 2062 1509 2149 Domine,
1537 2064 1654 2156 quietis
1682 2072 1789 2152 autor,
1816 2071 1850 2131 et
1874 2060 2045 2158 propitia-

685 2192 738 2255 tor
763 2181 926 2253 delunctis
951 2177 1113 2270 fidelibus,
1141 2181 1196 2273 qui
1221 2177 1361 2250 redemti
1388 2188 1463 2250 sunt
1488 2200 1550 2274 per
1570 2187 1710 2250 mortem
1732 2180 1892 2270 unigeniti
1915 2176 1973 2249 lilii
1991 2176 2046 2246 tui

788 2298 937 2370 Eteonos
961 2318 1085 2367 nocem.
1136 2293 1182 2366 Ut
1215 2316 1276 2391 per
1309 2305 1360 2384 te,
1392 2294 1551 2380 Domine,
1583 2317 1603 2364 a
1636 2302 1744 2365 morte
1770 2294 1913 2382 salvati,
1940 2301 1975 2364 et
2002 2313 2047 2362 ex

683 2414 820 2488 informs
854 2415 975 2509 erepti,
1012 2420 1110 2508 atque
1141 2433 1162 2481 e
1196 2411 1337 2507 pidvere
1369 2413 1524 2500 excitati,
1558 2408 1754 2505 praevaleat
1789 2431 1891 2505 super
1922 2427 1987 2479 nos
2016 2415 2048 2478 et

684 2553 785 2628 super
811 2551 871 2603 eos
898 2531 1007 2623 gratia
1032 2529 1192 2620 unigeniti
1216 2525 1274 2599 filii
1299 2527 1360 2614 tui,
1387 2549 1448 2622 par
1474 2548 1573 2621 quem
1597 2548 1661 2599 nos
1690 2548 1822 2620 quoque
1847 2527 2047 2597 misericor-

685 2649 783 2737 diam,
810 2670 896 2744 qnae
921 2654 1059 2743 propter
1085 2637 1161 2716 euru
1188 2651 1250 2733 est,
1277 2647 1437 2738 consequi
1456 2664 1628 2739 speramus
1656 2651 1690 2714 et
1703 2643 1933 2714 remissionem
1957 2662 2047 2736 pec-

684 2776 845 2853 catorum,
871 2774 938 2834 tam
963 2760 1073 2850 nobis,
1100 2783 1198 2856 mam
1224 2762 1316 2856 ipsis.

786 2879 948 2975 Populus.
1002 2878 1157 2965 Quietem
1183 2885 1330 2973 praesta,
1357 2886 1420 2949 etc.
1512 2919 1516 2928 ·

695 3015 698 3019 ’
786 2996 970 3070 Sacerdos.
1022 2994 1067 3067 Et
1097 2996 1131 3065 iu
1162 2995 1382 3082 renovatione
1407 2991 1515 3065 lutura
1541 3014 1602 3087 per
1627 2993 1906 3066 resurrectionem
1931 3011 2045 3081 gene-

683 3116 805 3204 ralem,
832 3115 875 3187 ad
902 3114 1093 3186 convivium
1126 3110 1259 3183 beatum
1291 3112 1388 3202 regui
1420 3111 1465 3181 tui
1498 3131 1558 3181 nos
1589 3120 1624 3182 et
1654 3108 1730 3181 illos
1764 3111 1945 3205 pervenire
1976 3105 2044 3196 lac,

683 3234 912 3331 pergratiam
938 3238 1038 3317 tuam,
1064 3227 1223 3299 Domine:
1249 3231 1342 3299 utin
1369 3225 1445 3316 hnc,
1472 3228 1557 3300 sicut
1581 3229 1615 3298 in
1642 3224 1804 3314 omnibus,
1831 3224 2044 3317 glorificetur,

684 3358 719 3421 et
751 3348 902 3421 laudatur
927 3368 1048 3419 nomeu
1079 3352 1171 3416 urum
1196 3341 1422 3435 benedictum,
1459 3341 1620 3437 simulque
1652 3343 1786 3414 Domini
1824 3343 1932 3414 nostri
1965 3339 2045 3412 lesu

687 3464 822 3555 Christi,
847 3473 881 3535 et
907 3464 1048 3560 Spiritus
1075 3463 1183 3535 sancti
1209 3462 1266 3531 tui.

737 3593 738 3596 ’
788 3579 949 3673 Populea.
1001 3578 1104 3650 Sicut.

788 3696 970 3767 Sacerdos.
1022 3693 1106 3766 Pax.

789 3813 950 3906 Populea.
1002 3810 1144 3883 Etcum
1171 3811 1286 3905 spiritu
1313 3818 1378 3881 tun.

787 3928 970 4002 Sacerdos.
1022 3925 1274 4001 Misericordiae
1308 3925 1373 3997 Dei
1407 3926 1518 4016 magui
1551 3934 1586 3996 et
1611 3922 1798 3996 Salvatoris
1831 3925 1938 3993 nostri
1964 3922 2042 3993 lesu

685 4046 817 4136 Christi,
844 4051 909 4119 sint
934 4070 1008 4120 cum
1035 4044 1187 4117 omnibus
1213 4041 1323 4130 vohis,
1348 4039 1468 4113 fratres
1496 4043 1571 4129 mei,
1596 4043 1631 4112 in
1658 4039 1856 4113 saeculum..

789 4163 949 4258 Populea.
1001 4163 1120 4236 Arnen.

790 4280 965 4352 Sacerdos
986 4282 1119 4374 frangit
1145 4284 1180 4349 et
1204 4281 1329 4372 cipum,
1355 4275 1481 4346 dicens.

789 4395 980 4485 Credimus,
1016 4393 1222 4482 accedimus,
1260 4391 1474 4485 obsigmamus
1510 4388 1748 4462 Eucharistiam
1782 4387 1886 4475 hanc,
1923 4403 2040 4479 corpus

683 4513 789 4586 Verbi
810 4514 874 4586 Dei
900 4515 983 4600 vivi,
1010 4520 1043 4583 et
1070 4512 1264 4603 sanguinem
1291 4509 1404 4584 salutis
1431 4516 1465 4578 et
1493 4506 1599 4580 laudis
1622 4508 1792 4599 signamus
1815 4525 1889 4575 cnm
1921 4496 2039 4597 ⁶par-

684 4631 784 4704 ticula
816 4631 1061 4726 propitiatoria,
1101 4638 1136 4699 et
1168 4627 1266 4723 plena
1298 4628 1464 4724 mysteriis
1499 4627 1669 4720 supernis,
1701 4626 1735 4695 in
1766 4624 1899 4694 nomine
1935 4617 2037 4689 Patris

684 4753 768 4840 vivi,
795 4747 838 4820 ad
863 4750 974 4818 vitam.

787 4864 947 4958 Populea.
999 4863 1119 4936 Amen.
1178 4875 1181 4884 ‘'

788 4979 970 5052 Sacerdos.
1015 4978 1066 5051 Et
1095 4978 1172 5051 Filii
1205 4979 1362 5069 unigeniti
1394 4988 1428 5049 et
1461 4975 1574 5050 sancti¹
1598 4974 1640 5046 ab
1673 4995 1716 5044 eo
1752 4975 1866 5065 geniti,
1899 4978 1934 5041 et
1968 4987 2034 5038 cum

686 5124 729 5174 ao
758 5096 906 5174 similiter
935 5101 1016 5174 vivi:
1068 5096 1223 5171 advitam.
1484 5090 1643 5186 Popaduc.
1698 5092 1816 5165 Amen.
