4525 6034
685 521 755 598 XX
1184 533 1564 614 orssnuunrro

367 723 571 825 onuoeelpro
589 726 673 783 dono-
789 715 914 789 Postea
940 721 1110 791 orationes
1136 718 1216 792 liunt
1241 743 1304 816 pro
1330 722 1492 795 donorum
1519 722 1688 798 oblatione
1713 735 1747 798 et
1771 729 1913 824 petenda
1939 751 2051 802 eorum

364 828 420 863 ‘'¹''
437 812 575 866 ⁰¹³¹⁸¹⁴⁰¹¹⁰·
684 836 914 931 acceptatione
940 845 974 907 ει
999 840 1271 909 consecratione:
1297 847 1431 911 etcum
1457 842 1491 913 in
1518 840 1710 936 quihusdam
1738 842 1851 915 officiis
1873 844 2051 939 Litnrgicis

685 946 815 1044 aliquae
841 970 904 1047 pro
930 955 1020 1023 vivis
1047 962 1082 1025 et
1106 957 1262 1045 mortuis,
1288 976 1350 1049 pro
1364 953 1466 1029 rehus
1493 956 1650 1030 advitam
1664 963 1886 1049 necessariis,
1913 973 1947 1033 et
1964 962 2050 1054 aliis,

683 1089 804 1161 preces
830 1071 1086 1160 interserantur,
1111 1069 1168 1141 liat
1195 1074 1293 1142 etiam
1318 1082 1508 1145 sanctorum
1524 1078 1812 1165 commemorati03
1837 1075 2051 1173 inplerisque

682 1187 793 1255 statim
820 1185 863 1256 ad
888 1190 1174 1258 consecrationem
1201 1187 1371 1260 Sacerdos
1396 1190 1625 1284 progreditur,
1652 1195 1797 1265 recitatis
1828 1192 1944 1266 verbis
1969 1194 2049 1266 Do-

683 1302 831 1391 minicis,
858 1311 925 1372 turn
951 1324 1212 1397 superponam,
1241 1325 1339 1398 quam
1365 1325 1467 1400 super
1484 1305 1634 1381 calicem.
1686 1309 1819 1404 Seqitur
1840 1330 2048 1383 commemo-

683 1420 771 1489 ratio
796 1420 913 1490 mortis
940 1428 974 1490 et
1000 1418 1209 1515 sepulturae,
1236 1423 1442 1493 ascensionis
1468 1432 1502 1493 et
1528 1423 1689 1496 adventus
1707 1424 1809 1496 ultimi
1830 1424 1951 1499 Christi
1968 1426 2048 1499 Do-

682 1537 778 1606 mini:
805 1557 941 1628 quurum
973 1538 1180 1626 orationum,
1213 1546 1250 1607 ut
1280 1538 1565 1633 praecedentium,
1598 1543 1632 1612 in
1666 1538 1781 1614 verhis
1815 1542 1956 1617 diversis
1982 1566 2047 1617 nna

682 1656 846 1724 sententia
872 1662 934 1724 est

401 1780 535 1835 nemun
558 1782 671 1851 spiritur
785 1769 823 1840 In
848 1773 913 1840 ritu
940 1768 1100 1842 Orientali
1125 1772 1233 1842 statim
1260 1775 1405 1843 occurrit
1430 1773 1603 1846 invocatio
1616 1772 1758 1869 Spiritus
1776 1778 1898 1866 sancti,
1925 1787 1960 1847 ut
1979 1776 2047 1848 ad-

361 1872 452 1920 mi·
680 1887 823 1960 veniens
855 1890 889 1959 in
920 1887 1006 1959 dona
1038 1890 1210 1984 proposita
1243 1897 1278 1959 et
1306 1891 1376 1981 jam
1407 1912 1469 1985 per
1503 1886 1644 1962 verbum
1677 1887 1797 1962 Christi
1829 1891 2046 1983 sanctificata,

681 2026 723 2076 ea
749 2004 868 2078 efficiat
893 2028 1016 2101 corpus
1043 2016 1077 2077 ct
1102 2007 1298 2097 sangninem
1324 2007 1473 2098 ejusdem
1500 2006 1621 2079 Christi
1637 2005 1791 2078 Domini:
1818 2030 1927 2103 eoque
1944 2032 2046 2083 sensu
2172 2020 2177 2029 '

679 2121 765 2193 haec
788 2125 896 2194 oratio
922 2120 1136 2215 intelligenda
1162 2132 1234 2211 est,
1262 2145 1328 2217 quo
1353 2123 1466 2218 plures
1487 2145 1593 2219 prope
1613 2124 1735 2195 similes
1758 2121 1939 2215 Gallicani,
1966 2126 2045 2198 Go-

678 2238 775 2330 thici,
813 2248 847 2310 et
883 2237 1086 2312 hlosarahici
1119 2242 1217 2311 ritus:
1256 2248 1291 2309 ut
1324 2238 1500 2311 nonnullae
1534 2261 1666 2334 qnoque
1703 2239 1846 2311 Romani
1886 2237 2045 2331 Canonis,

678 2355 858 2427 secundum
886 2378 969 2450 quas
995 2356 1246 2429 Invocationem
1272 2377 1366 2427 suam
1391 2357 1578 2450 intelligere
1604 2379 1662 2448 se,
1690 2356 1813 2428 Graeci
1838 2361 1872 2429 in
1898 2356 2045 2432 Floren-

677 2473 746 2544 tina
772 2472 933 2568 Synodo,
960 2483 994 2545 et
1020 2482 1119 2544 antea
1146 2470 1320 2545 Cahasiias
1346 2479 1457 2547 testati
1473 2484 1557 2547 sunt
1610 2472 1699 2545 lilius
1727 2497 1858 2570 quoque
1879 2475 2045 2548 Orationis

677 2588 817 2687 Patres,
843 2592 1040 2686 praesertim
1065 2588 1209 2679 Graeci,
1235 2588 1344 2661 multis
1371 2589 1454 2664 locis
1480 2595 1708 2663 meminerunt

598 2717 668 2767 riis
782 2704 959 2779 Orationes
985 2727 1048 2800 pro
1074 2708 1163 2777 vivis
1191 2715 1224 2776 et
1249 2709 1404 2798 mortuis,
1431 2711 1583 2803 quamvis
1603 2710 1692 2779 istas
1709 2706 1900 2778 sustulerint
1918 2707 2044 2779 Prote-

678 2832 827 2914 siantcs,
857 2833 1010 2896 veterum
1037 2825 1261 2916 antiquissima
1288 2829 1447 2895 autoritas
1473 2823 1699 2913 commendat,
1734 2835 1768 2895 et
1799 2834 1876 2895 ante
1901 2826 2045 2896 omnium

677 2940 899 3035 liturgiarum
925 2938 1058 3034 pnhlice
1085 2939 1270 3033 descriptas
1302 2940 1427 3014 formas
1461 2940 1669 3037 Cyprianus,
1699 2940 1971 3036 Augustinusque
1997 2963 2044 3012 ex

676 3057 850 3131 Ecclesiae
876 3056 1050 3131 traditione
1076 3056 1108 3127 id
1136 3054 1207 3127 lieri
1234 3056 1424 3129 docuerunt

779 3175 833 3246 De
860 3178 1012 3247 oratione
1037 3173 1228 3259 Dominica,
1256 3197 1342 3269 quae
1368 3173 1584 3246 aSacerdote
1605 3177 1669 3245 ritu
1683 3172 1906 3257 Occidentali,
1932 3196 2042 3269 apo·

675 3295 754 3391 pnlo
781 3315 843 3389 per
869 3302 973 3364 toturn
999 3290 1168 3364 Orientem
1197 3290 1333 3381 dicitur,
1360 3291 1447 3362 nulla
1466 3291 1642 3384 singularis
1665 3289 1858 3363 observatio
1878 3300 1941 3379 est,
1968 3312 2042 3361 cum

674 3432 775 3482 nemo
802 3407 926 3481 dubitet
952 3412 1029 3504 quin
1054 3417 1237 3503 praecepto
1265 3408 1407 3500 Christi,
1434 3419 1468 3480 ει
1495 3412 1640 3481 omnium
1657 3406 1863 3480 saecudorum
1875 3408 2042 3503 exemplo,

675 3524 761 3598 haec
786 3525 958 3623 disciplina
984 3523 1177 3598 stabiliatur.

784 3642 918 3715 Fractio
950 3641 1079 3713 hostiae
1109 3645 1286 3733 imaginem
1322 3641 1426 3714 reiert
1465 3644 1617 3739 corporis
1651 3639 1775 3713 Christi
1808 3638 1971 3711 confracti
2007 3652 2043 3713 et

675 3759 845 3854 suppliciis
870 3759 1022 3846 lacerati,
1049 3767 1084 3829 ut
1110 3768 1247 3831 veteres
1274 3781 1389 3832 omnes
1422 3768 1626 3852 agnoscunt:
1661 3758 1827 3854 quomodo
1860 3760 1893 3828 in
1925 3760 2040 3851 primis

674 3873 851 3949 Ecclesiae
877 3875 1021 3949 saeculis
1047 3857 1158 3965 lieret,
1184 3880 1361 3971 perspicue
1383 3876 1482 3950 nohis
1505 3899 1571 3949 non
1595 3875 1780 3968 significant
1802 3873 2040 3946 Ecclesiastico

676 4004 906 4065 monumenta:
928 4015 991 4064 nec
1011 3995 1097 4063 enim
1116 4014 1239 4062 arcana
1258 3992 1313 4062 illa
1335 4015 1450 4083 sacra,
1478 4015 1564 4087 qnae
1584 3995 1617 4063 in
1636 3995 1710 4088 ipso
1725 3992 1906 4063 ministerio
1930 3989 2039 4061 doce-

674 4107 796 4180 bantur
820 4109 1045 4196 Sacerdotes,
1072 4108 1228 4200 evulgari
1255 4106 1305 4179 ias
1333 4120 1423 4182 erat:
1451 4109 1511 4205 sed
1532 4112 1609 4204 quin
1625 4130 1752 4179 mannua
1778 4130 1852 4177 cum
1878 4105 2038 4198 religione

674 4222 790 4315 heret,
815 4224 967 4297 duhitare
988 4248 1054 4299 non
1073 4246 1259 4320 possumus,
1311 4226 1407 4299 Ritus
1424 4249 1509 4299 vero
1534 4223 1790 4319 qualescumque
1816 4226 1897 4313 sint,
1922 4244 2038 4294 omnes

674 4344 717 4415 ad
742 4343 843 4415 realis
868 4346 1080 4439 praesentiae
1105 4340 1203 4413 iidem
1229 4346 1275 4414 ita
1301 4354 1375 4415 sunt
1401 4345 1553 4432 instituti,
1587 4352 1622 4413 ut
1654 4339 1709 4411 uhi
1743 4340 1817 4411 tulis
1843 4337 1925 4409 fides
1951 4339 2039 4411 nulla

673 4471 742 4549 est,
768 4459 878 4533 locum
903 4458 1029 4532 hahere
1054 4463 1283 4554 nonpossint,
1309 4483 1376 4533 non
1391 4463 1499 4552 magis
1516 4481 1613 4554 quam
1639 4460 1717 4528 nnio
1744 4456 1880 4527 duarum
1900 4459 2038 4550 specie·

673 4601 768 4667 rom,
793 4601 880 4673 quae
906 4575 1034 4649 snhlata
1061 4586 1114 4647 est
1140 4575 1287 4648 sindliter
1312 4599 1333 4647 a
1360 4573 1657 4648 Reformatorihus
1710 4572 1807 4645 Nulla
1838 4583 1949 4643 tanmn
1973 4571 2038 4643 Li-

675 4698 784 4786 turgia
809 4705 880 4781 est,
916 4698 950 4766 in
977 4717 1042 4790 qua
1068 4692 1143 4764 talis
1170 4696 1250 4765 ritus
1273 4715 1341 4765 non
1366 4691 1626 4788 praescribatur,
1660 4700 1694 4761 et
1720 4692 1871 4785 qnamms
1898 4687 2038 4760 diversis

678 4810 786 4883 modis
811 4812 884 4899 fiat,
911 4834 1071 4884 summum
1092 4832 1226 4905 semper
1245 4807 1345 4881 hahet
1366 4808 1596 4881 Eucharistiae
1621 4809 1852 4879 reverentiam.

786 4926 918 4999 Sancto
948 4931 1077 5000 coactis
1110 4926 1318 4999 denunciatio
1343 4929 1565 4998 venustissima
1600 4934 1651 4996 est
1683 4926 1717 4994 in
1752 4922 1891 4995 Graecis
1921 4919 2037 4992 Litur-

676 5047 761 5137 giis,
793 5066 814 5114 a
849 5042 967 5138 quihus
1000 5047 1034 5114 in
1065 5043 1253 5116 Orientales
1288 5065 1404 5116 omnes
1442 5050 1629 5139 propagata
1661 5051 1733 5130 est,
1766 5041 1917 5135 mamam
1952 5036 2038 5134 apud
