4525 6034
682 571 734 645 28
957 568 1097 646 otoo
1139 567 1429 648 cannonis
1464 571 1774 651 LITURGIAE.

781 756 964 830 Incensura.
1017 757 1054 830 Iu
1080 758 1226 832 'odorem
1260 759 1434 831 suauitatis
1465 761 1508 831 sit
1543 762 1653 833 servis
1691 761 1756 833 tuis
1791 768 1826 833 et
1861 762 2026 839 aucillnhus

677 878 742 947 tuis
768 876 965 949 sacrificium
991 873 1080 969 quod
1107 872 1283 947 obtulimus
1309 895 1371 969 pro
1398 874 1462 948 illis
1488 872 1604 948 hodie:
1631 873 1823 970 adquiescat
1847 879 1882 948 ia
1907 902 1946 951 eo
1959 882 2028 953 Do-

677 994 765 1067 mine
791 991 945 1063 voluntas
972 1001 1048 1081 tua,
1075 1001 1109 1063 et
1136 992 1279 1086 quietem
1305 990 1370 1063 illis
1395 1001 1531 1088 praesta
1556 1013 1618 1086 per
1649 992 1910 1066 miscricordiam
1940 1005 2028 1087 mam,

677 1130 781 1201 nunc,
808 1117 870 1181 etc.
1339 1185 1342 1191 ,

779 1223 954 1296 Sacerdos
979 1223 1088 1294 induit
1112 1227 1223 1295 cortes
1249 1223 1447 1294 ordinarias
1471 1246 1570 1311 snos,
1597 1229 1632 1295 et
1644 1224 1730 1295 dicit
1744 1226 1939 1297 Orationem
1952 1230 2028 1320 fiais.

779 1340 817 1414 Si
843 1339 984 1437 Moyses
1010 1342 1113 1413 vitam
1140 1338 1229 1411 dedit
1254 1338 1445 1427 Israelitis,
1471 1341 1527 1434 qui
1550 1351 1774 1435 peccaverat,
1805 1363 1868 1437 per
1899 1346 2027 1435 sangui-

672 1479 752 1531 nein
776 1440 978 1531 animalium:
1005 1464 1126 1550 quanta
1153 1458 1262 1548 magis
1292 1458 1427 1529 veniam
1459 1466 1704 1550 ,consequentur
1737 1456 1884 1529 defuncti
1913 1457 2028 1549 fideles,

675 1596 738 1669 per
771 1571 967 1648 sacrificium
1000 1575 1116 1647 nivium
1152 1571 1241 1666 quod
1274 1593 1336 1668 pro
1369 1571 1434 1645 iilis
1467 1569 1614 1644 oblatum
1647 1582 1708 1646 cst
1767 1571 1875 1670 Kyrie
1904 1573 2027 1650 eleison.

676 1690 818 1762 Domine
844 1692 1005 1762 miserere
1030 1690 1148 1761 nostri.
1200 1688 1302 1760 Pater
1326 1695 1451 1760 noster.

782 1805 980 1898 Obnipnotio
1006 1826 1068 1879 scu
1094 1804 1297 1876 benedictio.
1322 1804 1356 1877 Α
1381 1804 1470 1877 vivis
1497 1826 1581 1899 quos
1615 1825 1819 1895 conservas,
1855 1829 1876 1878 a
1905 1811 2031 1891 martiis

673 1941 760 2016 quos
785 1922 985 2011 resuscitas,
1012 1929 1046 1994 et
1072 1919 1114 1993 ab
1143 1922 1233 1994 omni
1258 1928 1429 2009 creatura,
1456 1942 1555 2016 quam
1580 1922 1710 1992 creavit
1736 1932 1792 1994 aut
1818 1934 1912 1997 creat
1929 1927 2028 2017 maje-

675 2048 746 2112 stas
772 2047 845 2129 tua,
877 2036 952 2109 laus
986 2035 1154 2111 referatur
1180 2057 1355 2132 supremae
1380 2038 1539 2132 potestati
1564 2045 1656 2109 tuae:
1682 2037 1803 2129 Pater,
1827 2038 1892 2110 Fili
1903 2051 1936 2113 et
1955 2041 2028 2138 Spi-

672 2157 756 2229 ritus
783 2163 924 2242 sancte,
949 2175 1057 2244 nunc,
1082 2163 1146 2224 eto.
1510 2174 1516 2179 ’

699 2326 706 2333 .
776 2271 974 2343 Prosternit
997 2291 1036 2341 co
1061 2291 1179 2340 eoram
1204 2267 1311 2340 ottoni
1336 2274 1406 2356 ter,
1434 2274 1469 2339 et
1493 2268 1586 2339 dicit.

684 2462 689 2485 ‚
776 2385 815 2458 In
849 2385 981 2458 domum
1013 2393 1128 2475 mam,
1165 2386 1278 2474 Deus,
1310 2385 1463 2473 introivi,
1495 2394 1530 2455 et
1563 2404 1677 2457 coram
1703 2386 1790 2459 solio
1818 2396 1876 2459 tuo
1902 2387 2028 2461 adorari

675 2501 756 2575 Rex
782 2499 956 2576 eoelestis:
982 2523 1085 2598 parce
1111 2500 1189 2573 mihi
1215 2524 1300 2596 quae
1327 2494 1469 2597 peccaui
1494 2499 1562 2573 tibi.

780 2619 960 2690 Oceutotur
985 2640 1134 2689 mensam
1158 2621 1268 2704 citae,
1295 2617 1444 2712 dicitque
1469 2617 1734 2711 suspirabamus
1759 2624 1796 2690 et
1820 2642 1895 2690 caan
1909 2625 2027 2716 offoca.

775 2733 877 2806 Mane
902 2737 937 2805 in
962 2756 1047 2830 pace
1073 2734 1179 2806 altare
1206 2744 1368 2824 sanctum,
1394 2744 1428 2805 et
1454 2732 1599 2805 divinum
1622 2731 1771 2806 Domini:
1797 2740 2024 2809 nescientium

671 2859 828 2923 revertar
854 2849 897 2923 ad
922 2860 966 2938 te,
993 2872 1110 2922 necne.
1136 2850 1291 2922 Praestet
1316 2848 1477 2922 Dominus
1504 2847 1599 2936 mihi,
1626 2860 1662 2921 ut
1687 2859 1722 2920 te
1746 2848 1883 2923 videam
1907 2855 1939 2922 in
1962 2851 2024 2923 Dc-

668 2966 778 3041 clesia
809 2969 1105 3063 primogenitorum
1138 2966 1292 3054 coelesti,
1328 2975 1362 3036 et
1396 2987 1497 3062 super
1531 2964 1598 3037 hoc
1627 2975 1860 3039 testamentum
1891 2966 2025 3040 fiduciam

673 3081 791 3156 habeo.
823 3082 925 3155 Mane
962 3086 997 3154 in
1026 3105 1112 3178 pace
1145 3081 1258 3155 altare
1282 3091 1433 3155 sanctim
1464 3090 1499 3154 ct
1530 3084 1809 3176 propitiatorium,
1855 3105 2026 3180 corpusque

674 3209 823 3273 sanctum
852 3209 886 3272 et
910 3202 1049 3292 sanguis
1075 3201 1322 3295 propitiatorius
1355 3220 1442 3293 quae
1474 3220 1522 3269 ex
1545 3206 1580 3269 te
1605 3201 1756 3294 suscepi,
1790 3201 1857 3272 sint
1890 3200 1962 3273 nitu
1991 3198 2025 3270 ad

675 3318 898 3410 expiationem
926 3315 1120 3388 delictorum
1153 3324 1188 3387 et
1216 3316 1447 3387 remissionem
1477 3322 1711 3408 peccatorum,
1744 3327 1780 3389 et
1814 3317 1859 3389 ad
1891 3316 2026 3389 fiduciam

668 3454 790 3505 coram
815 3430 934 3504 throno
960 3431 1100 3504 terribili
1124 3430 1261 3504 Domini
1287 3438 1322 3501 et
1345 3428 1412 3500 Dei
1437 3432 1541 3501 nostri
1567 3430 1759 3503 insaecula
1780 3432 1884 3505 Mane
1908 3437 1940 3504 in
1954 3452 2026 3527 paee

676 3546 780 3619 altare
806 3558 956 3621 sanetum
981 3558 1016 3621 et
1040 3569 1156 3621 mensa
1186 3550 1290 3635 vitae,
1317 3553 1352 3618 et
1384 3545 1567 3640 deprecare
1600 3568 1662 3641 pro
1694 3569 1750 3618 me
1782 3548 2025 3622 misericordiam

675 3686 697 3735 a
722 3661 866 3736 Domino
893 3673 1009 3737 nostro
1044 3662 1127 3737 Jesu
1155 3660 1305 3750 Christo,
1338 3672 1374 3733 ut
1406 3683 1573 3757 nunquam
1605 3685 1738 3737 cessem
1770 3670 1960 3737 memoriam
1987 3663 2025 3733 tni

669 3800 825 3868 servare,
854 3802 900 3851 ex
924 3780 990 3852 hoc
1015 3801 1103 3853 nunc
1129 3789 1164 3852 et
1188 3802 1295 3875 usque
1320 3781 1354 3850 in
1380 3777 1514 3852 saecula
1541 3779 1760 3853 saeculorum
1785 3782 1906 3857 Amen

1080 4133 1628 4186 ψ
