4525 6034
707 575 782 650 392
1079 597 1083 606 ’
1214 570 1573 649 trutinata

708 772 784 852 ota,
817 760 993 855 focusque
1024 769 1077 832 cst
1107 757 1227 846 homo,
1263 778 1364 844 vera,
1403 765 1438 828 ct
1471 758 1607 853 propria
1639 778 1785 850 persona
1818 777 1879 828 sua
1908 756 2046 848 llcmvit

707 878 920 970 salvavitque
946 884 1098 946 naturam
1125 873 1299 945 humanam
1327 871 1369 945 alr
1398 873 1580 960 erroribus,
1608 883 1641 944 et
1669 895 1689 943 a
1716 881 1866 967 peccato.

750 1039 760 1061 0
813 991 963 1062 ffleooos
988 1012 1114 1061 eocem.
1167 988 1315 1064 Verbum
1343 991 1431 1060 enim
1459 988 1552 1060 Deus
1580 986 1687 1060 lactus
1714 997 1766 1059 cst
1798 985 1912 1072 homo,
1939 990 2049 1080 propria

707 1107 897 1180 voluntate:
924 1127 992 1177 non
1018 1108 1206 1176 immutatus
1234 1127 1253 1174 a
1280 1116 1396 1176 natura
1425 1102 1629 1176 substantiae
1656 1125 1751 1189 suae,
1779 1103 1839 1175 sed
1865 1105 1977 1172 unione
1997 1123 2050 1171 rra·

708 1221 806 1294 turali
834 1230 867 1292 et
892 1219 1083 1315 personali,
1117 1222 1227 1291 omnia
1262 1219 1346 1291 hacc
1377 1229 1493 1292 nostra
1527 1224 1694 1315 suscepit,
1730 1228 1764 1290 ct
1795 1240 1914 1315 passus
1937 1225 1983 1288 est
2003 1238 2051 1311 pro

708 1336 808 1410 nobis
835 1339 867 1408 in
895 1359 1007 1409 carae.
1060 1336 1216 1430 Vespere
1250 1347 1359 1407 autem
1392 1338 1559 1430 passionis
1595 1334 1767 1421 salutaris,
1803 1356 1921 1426 agnum
1947 1331 2051 1426 quidem

709 1450 857 1544 legalem
892 1450 1038 1524 comedit
1069 1460 1104 1523 et
1138 1448 1331 1542 abrogavit:
1370 1459 1437 1522 tam
1471 1454 1602 1545 accepit
1633 1472 1753 1545 panem
1788 1453 1821 1520 iu
1855 1470 1965 1519 manus
1991 1469 2053 1518 suas

712 1577 858 1653 sanctas,
886 1578 920 1638 ct
947 1569 1080 1663 aspexit
1112 1565 1155 1637 ad
1181 1575 1231 1652 te,
1259 1565 1352 1636 Deus
1379 1564 1492 1654 Pater,
1519 1569 1646 1657 gratim
1674 1587 1792 1657 agene,
1818 1571 1839 1646 †
1865 1561 2053 1642 benedixit't

714 1694 748 1755 et
775 1683 994 1756 sanctificavit
1021 1689 1041 1764 †
1068 1690 1103 1753 et
1137 1680 1259 1772 fregit,
1293 1680 1447 1777 deditque
1483 1680 1650 1777 discipulis
1683 1684 1753 1754 suls
1788 1684 1922 1768 sanctis,
1947 1678 2053 1748 dicens:

711 1798 877 1892 Accipite,
904 1798 992 1868 edite
1019 1820 1066 1868 ex
1093 1819 1147 1869 eo.
1201 1798 1274 1868 Hoc
1302 1805 1354 1868 est
1380 1819 1503 1894 corpus
1531 1818 1639 1868 meum
1667 1795 1756 1890 quod
1782 1817 1844 1891 pro
1874 1791 2056 1867 omnihusin

712 1935 766 1985 me
792 1912 1004 1986 credentibus
1030 1912 1194 2005 frangitur
1220 1923 1254 1984 et
1280 1912 1447 2002 dividitur,
1473 1917 1507 2012 in
1534 1915 1758 2006 expiationem
1786 1909 1986 1996 delictorum,
2007 1929 2055 1977 rc·

712 2031 973 2122 missionemque
998 2037 1226 2124 peccatorum,
1254 2038 1288 2100 et
1313 2031 1415 2101 vitam
1443 2039 1623 2100 aeternam.

817 2143 979 2235 Populos.
1031 2145 1152 2216 Amen.

817 2257 1002 2330 Sacerdos.
1054 2258 1213 2330 Similiter
1240 2268 1274 2331 ct
1300 2257 1439 2331 calicem
1462 2264 1592 2331 mistum
1612 2269 1794 2354 temperate
1818 2280 1908 2351 aqua
1933 2265 1964 2327 ct
1985 2260 2059 2338 vino,

715 2375 864 2467 accepit,
901 2383 935 2444 et
969 2375 1096 2464 gratias
1134 2395 1240 2465 agens
1272 2380 1293 2455 †
1319 2372 1493 2446 benedixit
1525 2381 1545 2456 †
1580 2385 1613 2446 et
1639 2374 1858 2447 sanctificavit
1886 2380 1907 2455 †
1933 2371 2060 2464 deditque

715 2487 885 2584 discipulis
913 2498 947 2559 ct
967 2487 1143 2583 Apostolis
1161 2487 1328 2581 omnihus,
1355 2488 1484 2562 dicens:
1510 2493 1677 2586 Accipite,
1704 2488 1807 2562 bibite
1830 2511 1880 2559 ex
1900 2510 1941 2558 co
1958 2507 2060 2558 omna.

714 2603 778 2674 Hic
805 2612 859 2676 est
891 2605 1029 2695 sanguis
1061 2625 1177 2693 meus,
1212 2608 1268 2698 qui
1302 2627 1364 2700 pro
1392 2604 1513 2694 vobis,
1540 2615 1575 2678 et
1599 2627 1661 2702 pro
1689 2604 1835 2700 illisqui
1863 2608 1899 2675 in
1924 2624 1974 2673 me
1995 2624 2060 2672 cre·

714 2716 805 2805 dunt,
832 2715 1025 2806 effunditur,
1061 2726 1095 2790 et
1127 2718 1244 2809 datur,
1279 2742 1395 2793 omnes
1427 2721 1516 2792 illum
1544 2724 1765 2817 suscipientes
1800 2739 2002 2816 praeparans
2028 2714 2059 2786 ad
2198 2709 2199 2772 ἶ

715 2835 819 2905 vitam
847 2843 1027 2905 aeternam.
1275 2843 1279 2852 '

819 2948 981 3042 Populus.
1034 2949 1155 3020 Amen.

819 3063 1005 3135 Sacerdos.
1060 3063 1342 3158 Quotiescumque
1368 3063 1453 3137 haec
1479 3069 1526 3154 ita
1549 3065 1780 3162 perfeceritis,
1815 3064 1944 3137 credite
1968 3072 1998 3135 et
2018 3083 2064 3156 pro

716 3187 809 3252 certo
835 3178 967 3267 habete,
995 3177 1085 3273 quod
1111 3199 1235 3273 corpus
1262 3201 1371 3251 meum
1398 3179 1512 3270 editis,
1540 3192 1573 3252 et
1600 3184 1796 3274 sanguinem
1829 3202 1942 3251 meum
1965 3178 2064 3262 bibitis,

717 3298 914 3388 mortisque,
941 3293 1132 3389 sepulturae
1161 3304 1195 3365 et
1220 3298 1476 3368 resurrectionis
1504 3319 1600 3367 meae
1627 3298 1823 3368 memoriam
1851 3299 1956 3387 agite,
1979 3295 2065 3366 deum

716 3412 858 3480 veniam.

821 3523 984 3618 Populos.
1035 3523 1155 3596 Mortis
1182 3535 1271 3612 tuae,
1298 3523 1451 3612 Domine,
1479 3529 1672 3597 memoriam
1700 3528 1844 3617 agimus,
1874 3535 1936 3597 etc.

820 3638 1005 3710 Sacerdos.
1059 3636 1179 3710 Omnia
1206 3643 1306 3711 etiam
1332 3638 1387 3710 illa
1415 3662 1500 3734 quae
1531 3642 1640 3714 fecisti
1674 3663 1737 3736 pro
1773 3639 1873 3712 nobis
1909 3642 2066 3735 dispensa·

718 3755 816 3843 toric,
842 3758 996 3828 novimus
1024 3763 1058 3825 et
1084 3753 1191 3826 oculis
1218 3757 1357 3826 secretis
1385 3758 1612 3828 conscientiae
1638 3768 1776 3828 nostrae
1802 3761 1975 3828 intuemur.
2004 3752 2067 3826 Ad-

717 3880 853 3940 ventum
881 3891 1014 3964 quoque
1040 3878 1131 3941 tuum
1158 3868 1339 3941 secundnm
1366 3872 1517 3942 timemus
1553 3881 1587 3942 et
1620 3893 1828 3968 magnopere
1864 3869 2069 3952 formidamus,

588 4001 596 4008 ·
718 3993 795 4056 tunc
822 4007 897 4056 cum
920 3988 1010 4076 juste
1036 3988 1070 4055 ia
1092 3987 1219 4076 iustitia
1246 3984 1420 4074 advenies,
1448 3987 1579 4080 quando
1599 4009 1698 4082 super
1718 3986 1865 4059 tribunal
1888 3986 1998 4077 Judicii
2020 4006 2069 4055 sc·

718 4096 824 4186 debis,
861 4110 894 4171 et
928 4121 1002 4170 cum
1036 4103 1203 4195 aequitate
1233 4099 1398 4172 retribues
1435 4104 1609 4196 unicuique
1651 4103 1833 4175 secundnm
1875 4122 1977 4195 opera
2012 4122 2070 4170 sna,

719 4210 803 4284 Cum
831 4212 1066 4304 vehementer,
1093 4225 1128 4286 et
1155 4218 1187 4285 in
1213 4214 1341 4304 surore,
1369 4215 1474 4288 latera
1502 4218 1567 4289 duo
1601 4217 1793 4314 separabiS,
1827 4225 1864 4287 et
1896 4219 2011 4311 impios
2038 4212 2070 4285 ad
2199 4227 2200 4320 }

717 4325 804 4399 latus
831 4332 999 4402 sinistrum
1026 4334 1225 4402 constitues:
1253 4329 1385 4425 quando
1413 4353 1501 4404 voce
1527 4332 1605 4405 lorti
1631 4343 1686 4405 tua
1709 4334 1802 4407 dices
1830 4332 1916 4403 illis:
1942 4335 1985 4404 ite
2007 4350 2071 4400 ma·

719 4438 831 4515 ledicti
862 4445 897 4514 in
934 4448 1048 4537 ignem
1082 4449 1137 4540 qui
1171 4467 1239 4517 non
1274 4450 1486 4538 extinguitur.
1547 4448 1584 4519 In
1616 4448 1672 4520 illa
1704 4448 1787 4521 hora
1819 4446 1978 4533 terribili,
2002 4467 2071 4539 pro-

719 4561 819 4651 pitius
846 4569 920 4632 esto
948 4561 1092 4632 Domine
1118 4583 1180 4658 per
1206 4561 1467 4634 misericordiam
1504 4572 1592 4633 tuam
1618 4565 1742 4661 populo
1769 4576 1844 4651 tuo,
1880 4584 1987 4656 neque
2011 4569 2071 4631 sta-

719 4681 794 4746 tuas
819 4695 883 4747 nos
911 4674 951 4745 ad
978 4676 1063 4748 latus
1090 4679 1271 4766 sinistrum,
1297 4699 1406 4771 neque
1434 4698 1554 4749 vocem
1581 4679 1669 4750 illam
1704 4681 1950 4753 amarissimam
1979 4680 2071 4747 intom

721 4787 885 4860 adversus
912 4811 987 4880 nos,
1015 4813 1100 4885 quac
1127 4792 1170 4864 ad
1195 4795 1308 4885 ignem
1335 4791 1481 4864 deducit:
1510 4792 1570 4866 sed
1597 4805 1631 4867 te
1657 4799 1764 4892 ipsam
1790 4818 1853 4891 pre
1882 4793 1980 4867 nohis
2001 4812 2072 4863 cou-
2199 4769 2200 4864 l

720 4903 808 4993 cilia,
835 4916 870 4978 et
895 4905 937 4978 alr
966 4906 1118 4979 incendio
1144 4931 1207 4982 nos
1234 4907 1357 4980 libera:
1385 4931 1405 4978 a
1432 4907 1607 4999 gehennae
1633 4910 1804 4985 doloribus
1828 4933 1894 4984 nos
1922 4912 2072 5004 eripc3et

720 5042 740 5090 a
767 5032 862 5094 reatu
888 5035 1103 5118 peccatomm
1129 5022 1236 5096 libera
1262 5045 1334 5098 nos.
1367 5023 1553 5117 Propterea
1578 5025 1732 5102 Ecclesia
1759 5038 1816 5108 tua
1845 5036 1963 5100 saaca
1995 5040 2074 5117 qvem
