4525 6034
765 602 1076 682 PRAEFATIO.

348 792 452 871 ldem
491 819 585 874 armo
630 791 816 873 MDXGV.
858 795 960 872 aliam
997 793 1194 898 Liturgiam
1239 795 1349 875 edidit
1391 795 1462 876 hoc
1498 798 1612 877 titulo.

228 927 349 1007 Mssa
369 927 591 1030 Apostolico
605 954 674 1007 sec
694 928 861 1006 damnum
886 930 1117 1029 sacrificinm
1135 928 1174 1006 S.
1195 929 1369 1033 Apostoli
1397 931 1514 1031 Petri,
1538 957 1610 1010 uec

228 1061 397 1141 iudicavit
426 1061 522 1140 unde
545 1063 638 1140 illam
666 1062 865 1141 habuisset:
894 1060 1076 1165 subjunxit
1100 1063 1237 1167 aliquot
1260 1061 1433 1141 Willelini
1463 1064 1611 1143 Lindani

227 1207 342 1296 notas,
378 1220 453 1273 non
482 1197 626 1300 jejunas
658 1195 767 1275 modo
799 1206 835 1273 et
867 1193 1075 1274 eruditionis
1102 1221 1249 1298 vacuas,
1279 1196 1344 1283 sed
1377 1222 1526 1299 prorsus
1551 1202 1611 1277 in-

228 1329 342 1408 utiles.
407 1328 501 1422 Quid
534 1333 629 1407 enim
652 1328 831 1408 relerebat
859 1326 1004 1407 Missam
1036 1330 1160 1443 talem,
1205 1356 1288 1408 cum
1323 1342 1445 1409 nostra
1480 1335 1610 1410 conoi-

228 1461 332 1540 laudi
378 1462 538 1541 laborem
576 1463 756 1566 perdere,
797 1447 879 1540 eum
921 1462 1066 1540 alteram
1107 1466 1209 1541 istam
1249 1488 1342 1566 opus
1374 1488 1457 1541 esse
1484 1470 1612 1568 privati

201 1595 377 1699 ‚alicujus
413 1621 498 1674 esse
531 1608 733 1698 constaret,
767 1600 827 1700 qui
872 1620 919 1673 ex
950 1595 1087 1674 Graeca
1115 1608 1153 1674 et
1185 1595 1307 1676 Latina
1338 1598 1431 1675 illam
1466 1599 1610 1679 arbitrio

228 1753 294 1810 suo
326 1742 590 1832 composuerat.

347 1860 491 1941 Eodem
521 1888 637 1967 prope
663 1875 827 1966 tempore
856 1862 1024 1942 Andreas
1055 1861 1190 1943 Masius
1216 1868 1272 1942 vir
1298 1862 1446 1967 Syriaca
1471 1864 1611 1943 doctis-
1644 1858 1938 1998 ΡΙἭῑΞΨΜ·

165 2047 170 2053 -
230 1999 357 2075 simus
383 1995 545 2075 ediderat
586 1996 773 2101 cujusdam
809 1996 991 2101 Liturgiae
1035 1996 1205 2100 Syriacae
1245 1997 1376 2078 Basilio
1411 1998 1611 2104 adscriptae
1624 1962 1693 2016 Μ
1754 1962 1792 1997 ¹¹¹
1817 1962 1938 2014 ynaeam.

229 2127 386 2207 Latinam
424 2134 649 2233 versionem,
690 2134 747 2209 oui
796 2131 1052 2233 praefationem
1088 2130 1245 2232 addidit,
1286 2135 1321 2209 in
1360 2133 1508 2237 quade
1554 2134 1611 2211 illa

230 2287 306 2363 sua,
334 2272 371 2339 et
401 2261 539 2341 Graeca
571 2264 734 2369 ejusdem
756 2268 909 2343 nominis
933 2268 1160 2370 conjecturas
1189 2269 1357 2366 inseruit,
1390 2292 1483 2371 quae
1513 2269 1611 2347 mul-

227 2399 271 2473 tis
296 2394 414 2473 iraudi
447 2396 603 2500 inertum,
635 2408 675 2476 ut
700 2398 780 2476 alibi
815 2398 1083 2501 explicavimus,
1124 2402 1367 2503 nequeenim
1400 2399 1447 2477 de
1483 2401 1611 2503 Syria-

229 2534 280 2607 cis
302 2528 472 2632 Liturgiis
495 2512 658 2634 judicare
686 2543 784 2609 recte
813 2542 964 2634 poterat,
998 2536 1058 2636 qui
1082 2536 1225 2610 unicam
1254 2532 1347 2611 illam
1370 2532 1519 2611 viderat.

351 2659 514 2741 Tandem
543 2665 611 2743 sub
642 2664 749 2742 linem
775 2665 909 2744 saeculi
942 2665 1070 2744 decimi
1101 2670 1194 2745 sexti
1224 2665 1340 2746 editae
1370 2678 1453 2745 sunt
1488 2665 1611 2744 Litur-
1660 2683 1937 2753 syracmuarurgaa,

229 2800 312 2899 giae
342 2794 527 2900 Syriacae,
561 2799 661 2876 titulo
687 2797 841 2877 blissalis
873 2797 1073 2901 Chaldaici,
1101 2799 1240 2880 Romae
1275 2799 1318 2877 ad
1346 2824 1451 2878 usum
1486 2800 1612 2879 llaro·
1625 2777 1674 2822 ‘²⁰'

230 2933 406 3031 nitarrm,
450 2930 516 3008 sed
551 2930 656 3011 valde
696 2932 947 3035 interpolatae,
985 2958 1105 3038 neque
1146 2933 1270 3012 Latine
1310 2959 1530 3013 conversae:
1574 2944 1613 3010 ut

231 3064 474 3142 Anuenorum
495 3066 668 3169 vulgaris,
699 3065 764 3143 sed
800 3091 882 3144 cum
915 3070 1096 3145 versione.
1163 3065 1277 3145 Paulo
1304 3079 1387 3169 post
1407 3066 1613 3146 Conimbri-

232 3222 295 3274 cae
324 3196 449 3275 Latine
474 3199 605 3301 prodiit
636 3198 745 3277 Missa
782 3198 1063 3283 Christianorum
1095 3199 1191 3302 apud
1224 3198 1358 3301 lndos,
1390 3199 1456 3280 sed
1490 3199 1612 3277 relor-

232 3342 321 3407 mata
356 3330 477 3409 multis
504 3337 539 3409 in
564 3332 666 3434 locis,
693 3337 879 3412 autoritate
905 3332 1023 3411 Alexii
1049 3333 1200 3412 lllenesii
1229 3330 1382 3412 Goensis
1415 3332 1608 3434 Archiepi·

233 3468 353 3567 scopi,
399 3490 492 3569 quae
541 3478 598 3546 est
647 3471 847 3546 communis
887 3465 1181 3545 Nestorianorum
1226 3465 1403 3570 liturgia:
1469 3464 1612 3544 andem

233 3596 716 3701 Augustae-Vindelicomm
752 3603 873 3680 versio
905 3603 1009 3678 trium
1031 3596 1271 3702 Copticarum.

354 3730 490 3810 Omnes
525 3734 605 3811 illae
635 3731 683 3811 de
721 3733 852 3837 quibus
884 3733 956 3811 huc
993 3756 1110 3836 usque
1142 3732 1275 3810 dictum
1310 3744 1382 3833 est,
1419 3731 1611 3810 Annenioa
1681 3755 1772 3808 nura
1806 3756 1937 3827 liturgiae

233 3876 400 3967 excepta,
431 3868 467 3943 in
497 3866 753 3946 Bibliothecam
784 3865 930 3944 Patrum
955 3866 1142 3944 translatae
1168 3878 1261 3945 sunt.
1324 3865 1460 3944 Verum
1490 3869 1525 3943 in
1556 3865 1612 3943 illa
1626 3841 1937 3978 ffl⁸‘¹⁰³¹¹⁸¹¹'¹·¹'⁸'

234 3999 447 4076 collectione
482 4002 528 4077 ita
556 4012 725 4102 versatus
761 4012 817 4079 est
842 3998 1068 4102 Margarinus
1101 3998 1276 4102 Bigneus,
1316 4011 1355 4077 ut
1385 4004 1421 4077 in
1463 3995 1610 4077 Graecis

233 4129 370 4232 Jacobi,
398 4130 530 4235 Basilii,
564 4131 811 4235 Chrysostomi
840 4145 876 4211 et
899 4132 1022 4235 Marci,
1052 4131 1145 4211 edita
1172 4133 1247 4236 jam
1274 4133 1487 4235 exemplaria
1519 4136 1611 4235 typis

234 4262 388 4343 describi
423 4271 616 4346 curaverit:
655 4267 792 4371 absque
825 4265 895 4344 ulla
927 4291 1008 4344 cum
1047 4265 1195 4346 Graecis
1235 4265 1419 4345 codicibus
1460 4290 1612 4369 compa-

233 4400 382 4499 ratione,
409 4403 503 4479 notis
525 4401 642 4501 nullis,
674 4400 770 4478 nulla
797 4401 988 4479 multorum
1018 4426 1181 4479 errorum
1210 4425 1302 4503 quae
1332 4403 1368 4478 in
1395 4411 1531 4478 textum
1552 4400 1613 4478 vel

233 4534 490 4613 inversiones
522 4539 750 4639 irrepserant,
779 4533 1039 4613 emendatione.
1102 4533 1181 4612 Nec
1219 4535 1320 4612 aliter
1349 4536 1385 4611 in
1424 4557 1469 4612 eo
1500 4558 1613 4636 opere

233 4679 398 4746 versatus
432 4678 499 4770 est,
529 4694 636 4773 quam
666 4669 814 4748 iecisset
852 4668 1005 4772 diligens
1043 4668 1310 4773 typographus,
1340 4669 1408 4745 nisi
1440 4666 1538 4771 quod
1566 4666 1613 4744 de

235 4821 301 4876 suo
335 4800 498 4904 pluribus
525 4803 615 4882 locis
643 4803 798 4881 lectores
829 4801 1023 4904 admonuit,
1054 4815 1093 4881 ut
1122 4812 1227 4880 caute
1260 4801 1426 4904 legerent
1458 4826 1501 4878 ea
1537 4805 1613 4904 ipsa

235 4930 359 5035 verba,
392 4960 486 5039 quae
519 4939 730 5016 sanctissimi
755 4935 943 5017 Ecclesiae
965 4936 1144 5015 Doctores
1173 4934 1218 5012 ad
1245 4932 1364 5014 altaria
1393 4938 1614 5037 pronuncia·

234 5077 370 5168 verant,
399 5070 497 5148 nullo
521 5069 849 5152 florentissimarum
878 5068 1124 5151 Ecclesiarum
1158 5068 1337 5150 scandalo.
1376 5171 1380 5181 Ι
