4525 6034
1186 623 1494 700 PRAEFATIO.

335 822 397 922 'na
410 823 562 924 intentio
577 823 638 877 Cri-
760 815 829 907 Qui
854 817 949 892 circa
979 813 1159 918 liturgias
1185 813 1261 891 illas
1294 811 1450 892 criticen
1483 825 1724 892 exercuerunt
1745 839 1847 893 suam
1876 815 2026 920 duplicis

322 915 432 962 ‘mmm
449 917 602 965 'emm‘
650 947 786 1026 ordinis
811 947 966 1025 fuerunt.
1020 945 1112 1025 Nam
1147 943 1319 1025 Catholici
1351 948 1568 1050 complures,
1600 952 1702 1051 quasi
1726 952 1860 1051 periret
1889 951 2027 1029 illarum

649 1085 839 1182 autoritas,
880 1085 911 1159 si
943 1080 1182 1184 Apostolicis,
1213 1090 1274 1157 aut
1298 1081 1374 1159 aliis
1407 1084 1493 1159 viris
1526 1085 1710 1160 sanctitate
1733 1086 1938 1185 conspicuis
1957 1085 2028 1162 ab·

643 1214 901 1319 judicarentur,
922 1215 1042 1293 titulos
1066 1214 1348 1319 qualescumque
1363 1213 1493 1317 forent,
1518 1214 1753 1294 vindicandos
1773 1230 2027 1321 susceperunt:

649 1359 829 1427 ettamen
855 1353 892 1426 in
920 1352 1007 1451 ipsis
1032 1347 1202 1452 Liturgiis
1234 1359 1401 1450 suspecta
1428 1347 1630 1428 habuerunt
1662 1373 1736 1428 non
1769 1374 1895 1454 pauca,
1925 1357 2027 1456 quasi

647 1508 668 1559 a
699 1482 959 1562 recentioribus
988 1482 1130 1560 inducta
1157 1490 1293 1559 essent:
1330 1493 1391 1560 aut
1423 1485 1470 1560 ita
1503 1493 1586 1561 sunt
1622 1485 1862 1587 interpretati,
1898 1496 1937 1562 ut
1964 1490 2027 1564 vix

647 1619 714 1717 ipsi
744 1615 823 1718 sibi,
857 1626 950 1694 tanta
981 1625 1035 1707 est
1063 1620 1156 1692 inter
1189 1637 1255 1692 eos
1287 1613 1486 1718 diversitas,
1521 1616 1783 1717 satisfacerent,
1812 1618 1922 1696 multo
1954 1622 2026 1695 mi-

647 1774 715 1827 nus
746 1747 934 1827 Ecclesiae
969 1747 1174 1828 Catholicae
1204 1746 1440 1850 adversariis,
1474 1773 1627 1852 quorum
1663 1753 1817 1827 maxime
1846 1753 2026 1853 intererat,

646 1894 685 1960 ιιι
719 1884 963 1985 supposititiae
995 1893 1031 1960 et
1058 1881 1169 1962 falsae
1204 1880 1439 1960 haberentur:
1477 1888 1560 1960 cum
1600 1882 1679 1960 illos
1707 1886 1853 1962 nimium
1887 1895 2026 1987 premat

645 2016 782 2094 illarum
814 2017 994 2117 autoritas.
1055 2014 1108 2093 lta
1144 2039 1271 2094 omnes
1303 2013 1458 2094 Graecas
1486 2016 1643 2095 editores
1672 2020 1797 2120 primi,
1837 2017 2025 2119 Baronius,

644 2149 879 2228 Bellanuinus
912 2158 949 2226 et
976 2149 1100 2251 plures
1134 2149 1191 2226 alii
1216 2148 1414 2253 defendere
1446 2154 1614 2253 aggressi
1651 2162 1746 2252 sunt,
1785 2176 1935 2254 prorsus
1964 2155 2025 2228 in-

645 2283 814 2384 feliciter,
845 2283 1058 2386 pletumque
1090 2307 1138 2361 ex
1180 2280 1530 2386 Pseudepigraphis,
1566 2295 1627 2361 aut
1656 2285 1872 2387 conjecturis
1901 2288 2025 2362 incer-

644 2420 798 2498 tissimis.
852 2416 942 2494 lnde
973 2416 1100 2495 accidit
1124 2428 1163 2493 ιιι
1181 2420 1272 2493 inter
1293 2419 1393 2518 ipsos
1416 2414 1620 2495 Catholicos
1652 2420 1719 2494 viri
1747 2441 1819 2495 non
1847 2418 2024 2519 ineruditi,

642 2550 821 2654 liturgias
841 2551 917 2630 illas
950 2574 1088 2652 omnes,
1113 2561 1174 2628 aut
1204 2552 1406 2652 suppositas
1429 2575 1524 2652 esse,
1556 2562 1616 2628 aut
1645 2548 1751 2628 valde
1783 2551 2024 2653 interpolatas,

644 2694 705 2762 aut
734 2683 778 2762 ab
810 2684 999 2764 haereticis
1023 2695 1222 2788 corruptas,
1253 2695 1313 2762 aut
1339 2683 1483 2762 tandem
1513 2684 1632 2762 multis
1657 2684 1811 2763 saeculis
1839 2688 2024 2762 recentio-

643 2842 704 2896 res
732 2842 827 2919 esse,
861 2842 967 2922 quam
990 2818 1104 2922 vulgo
1137 2817 1311 2896 creditum
1348 2816 1475 2919 linerat,
1507 2816 1792 2897 Protestantibus
1821 2842 2023 2897 concesse-

643 2955 721 3037 rint.
784 2950 955 3055 Reliquas
985 2952 1097 3031 multo
1131 2954 1247 3055 magis
1279 2956 1456 3053 aspernati
1493 2963 1593 3029 sunt:
1619 2955 1862 3053 turpissimum
1897 2954 2024 3031 existi·

642 3095 793 3187 manteS,
812 3110 1014 3189 agnoscere
1036 3084 1169 3186 Basilii,
1191 3096 1231 3162 ut
1253 3085 1419 3188 exemplo
1440 3096 1592 3186 utamur,
1612 3084 1807 3187 liturgiam
1826 3081 2023 3187 GoptIcam,

643 3223 703 3322 qui
736 3215 921 3321 Graecam,
954 3230 994 3297 ιιι
1023 3222 1165 3297 noviter
1196 3222 1430 3321 compositam
1458 3220 1658 3323 rejicerent.
1720 3217 1798 3295 lmo
1825 3244 1908 3296 cum
1926 3243 2024 3296 non·
2160 3242 2162 3251 ’

643 3352 748 3431 nullis
771 3352 957 3432 diversitas
981 3352 1220 3456 Liturgiarum
1245 3351 1378 3454 Basilii,
1403 3349 1575 3454 Graecae,
1599 3349 1770 3455 Copticae
1795 3362 1832 3430 et
1854 3350 2024 3454 Syriacae

643 3496 893 3588 argumentum
919 3489 1155 3565 certissimum
1185 3485 1380 3588 videretur,
1412 3511 1485 3590 quo
1510 3486 1643 3575 nullam
1665 3485 1810 3572 ,illarum
1845 3512 1865 3563 a
1891 3485 2022 3564 Basilio

643 3622 810 3721 scriptam
837 3643 920 3697 esse
954 3629 1150 3721 constaret,
1192 3643 1319 3698 omnes
1350 3644 1466 3722 prope
1496 3622 1712 3697 teterrimam
1743 3618 1791 3697 de
1827 3619 1894 3698 illis
1932 3644 2023 3697 sen-

642 3757 786 3832 tentiam
815 3738 983 3856 tulerunt,
1026 3764 1066 3832 ut
1106 3753 1248 3832 inutiles
1279 3753 1384 3856 plane
1420 3751 1465 3830 ad
1501 3751 1779 3832 confirmandam
1813 3778 1860 3830 ex
1888 3751 2023 3831 Orien-

642 3887 762 3964 talium
789 3884 1034 3965 Ecclesiarum
1068 3886 1262 3966 concordia
1294 3884 1512 3965 Catholicam
1542 3885 1650 3965 fidem
1685 3885 1925 3965 efficerentur.

750 4019 791 4097 ln
824 4032 876 4099 tot
909 4045 1000 4098 vero
1031 4018 1248 4099 Graecarum
1289 4020 1528 4124 Liturgiarum
1565 4019 1798 4122 editionibus,
1844 4031 1883 4097 ιιι
1918 4023 2059 4109 etiam

365 4136 407 4172 Η
437 4137 455 4173 ¹¹
501 4140 850 4232 uam‘'¹¹¹¹versionurn
882 4155 1018 4233 illarum
1045 4179 1139 4259 quae
1165 4152 1404 4232 Orientalibus
1432 4158 1600 4257 propriae
1630 4164 1742 4254 erant,
1769 4153 2022 4232 nihilomnino

641 4312 817 4368 annorum
846 4288 1034 4393 plusquam
1064 4300 1207 4366 centum
1238 4287 1419 4388 decursu,
1449 4313 1471 4363 a
1499 4310 1680 4391 quoquam
1711 4289 1918 4389 praestitum
1945 4285 2023 4387 fuit,

641 4447 714 4527 quo
759 4427 849 4501 ritus
892 4426 984 4502 sacri
1030 4433 1308 4526 exponerentur.
1384 4418 1477 4499 Nam
1518 4445 1611 4524 quae
1653 4418 1824 4499 Claudius
1866 4417 2023 4498 Sancte·

641 4560 716 4636 sius
761 4557 959 4659 collegerat
1003 4580 1050 4634 ex
1086 4550 1375 4660 chrysostomo,
1414 4566 1535 4660 partes
1573 4555 1745 4660 quasdam
1788 4553 2021 4655 illustrabant,

640 4687 707 4767 sed
742 4715 805 4770 eas
836 4689 932 4768 solas
969 4714 1062 4794 quae
1095 4694 1158 4768 toti
1195 4688 1384 4770 Ecclesiae
1421 4714 1653 4792 communes,
1697 4714 1771 4767 non
1812 4691 1928 4792 magis
1973 4688 2018 4766 ad

641 4823 842 4902 Orientales
867 4848 974 4928 quam
1004 4823 1049 4902 ad
1083 4823 1335 4905 Occidentales
1371 4825 1605 4928 pertinebant.
1665 4822 1812 4903 Rituum
1847 4835 1885 4901 et
1911 4826 2018 4901 totius

641 4958 847 5061 disciplinae
882 4955 1151 5037 Eucharisticae
1179 4960 1258 5038 talis
1298 4970 1375 5037 erat
1393 4958 1604 5061 obscuritas,
1631 4968 1672 5036 ιιι
1701 4957 1814 5036 verba
1843 4960 1919 5061 ipsa
1945 4979 2019 5033 non

640 5092 937 5196 intelligerentur,
965 5091 1063 5198 quod
1083 5118 1130 5173 ex
1149 5096 1275 5200 primis
1295 5093 1523 5175 versionibus
1542 5091 1767 5175 manifestum
1787 5102 1852 5172 est
1889 5088 2019 5193 Neque
