4525 6034
507 613 538 691 S.
563 614 763 692 nustntfflt
787 616 1049 696 insuescunt
1074 621 1316 700 ntrtoonnrtt.
1518 623 1596 699 23⁷

234 808 343 870 ctam:
369 810 405 871 ut
430 797 472 872 ab
499 798 650 875 omnibus
676 802 894 897 glorificeris,
920 828 994 879 cnm
1019 811 1188 901 unigenito
1207 810 1293 883 Filio
1319 822 1389 900 tuo,
1417 822 1451 884 ot
1469 809 1593 909 Spiritu

234 925 292 988 tuo
318 927 453 1004 sancto,
480 925 543 988 eto.

294 1031 297 1037 '
338 1032 498 1126 Popolac.
550 1034 670 1105 Amen.

336 1148 520 1222 Sacerdos.
574 1147 705 1223 Coeroe
730 1161 765 1222 et
790 1150 885 1223 aufer
911 1175 931 1224 a
957 1151 1053 1227 uobis
1078 1154 1242 1247 Domine,
1277 1179 1407 1230 omnem
1439 1169 1595 1253 potesta-

233 1273 300 1335 tem
325 1267 488 1338 inimicam
512 1276 715 1364 pugnantem
741 1266 904 1340 adversus
929 1290 1003 1343 uos.

337 1381 487 1454 ntem
511 1405 636 1454 coceio.
689 1381 733 1454 Et
757 1384 906 1456 concedo
931 1385 1072 1457 Domino
1097 1384 1327 1460 liberationem
1358 1390 1539 1486 perlectam
1575 1419 1595 1466 a

232 1494 341 1586 bellis,
381 1497 586 1586 tumultibus,
629 1507 663 1569 et
699 1499 941 1572 incursionibus
975 1499 1213 1593 barbarorum,
1241 1505 1364 1601 populo
1400 1518 1456 1581 tuo
1490 1509 1595 1582 fideli:

235 1621 335 1707 atque
361 1616 394 1685 in
421 1636 526 1709 pace,
554 1635 638 1709 quae
665 1638 685 1685 a
712 1623 746 1686 te
779 1624 845 1703 ost,
878 1636 1045 1689 conserva
1079 1639 1209 1690 omnem
1244 1641 1386 1715 gregem
1418 1633 1525 1698 mum:
1560 1637 1596 1699 ut

235 1727 368 1800 assidue
395 1728 616 1821 glorificemus
643 1738 689 1820 te,
714 1733 981 1827 unigenitumque
1002 1732 1119 1806 Filium
1146 1744 1247 1826 tuum,
1273 1746 1307 1808 et
1324 1737 1482 1834 Spiritum
1508 1764 1594 1815 san-

233 1846 423 1916 ctissimum,

338 1959 498 2053 Populos.
550 1961 670 2035 Amen.

337 2075 512 2147 Sacerdos
537 2076 728 2147 inclinatos.
780 2076 949 2149 Memento
982 2078 1126 2154 Domino
1159 2095 1295 2157 sancus
1330 2083 1505 2161 Genitriois
1531 2092 1595 2162 Dei

232 2192 379 2283 Mariae,
406 2202 440 2265 ot
465 2201 653 2266 sanctorum
678 2191 918 2288 Apostolorum
945 2204 1083 2286 tuorum,
1110 2209 1146 2271 ut
1171 2203 1271 2272 etiam
1285 2200 1416 2274 illorum
1442 2207 1594 2298 qudinter

232 2333 294 2384 eos
320 2311 489 2382 recenseri
513 2318 713 2381 meruerunt.

334 2427 483 2498 Mosam
507 2446 633 2495 vocem.
684 2423 757 2497 Nos
784 2426 881 2497 etiam
907 2425 1051 2518 robora,
1086 2440 1122 2502 ut
1146 2430 1296 2523 gloriose
1322 2436 1532 2530 perficiamur
1557 2440 1592 2511 in

231 2544 369 2615 scientia
401 2563 503 2629 vera,
537 2551 571 2612 et
602 2543 804 2613 conscientia
836 2543 982 2616 sincero:
1019 2555 1055 2616 ut
1087 2568 1128 2618 ea
1163 2551 1293 2622 ratione
1324 2551 1450 2624 similes
1483 2555 1593 2628 effecti

230 2662 355 2732 sanctis
380 2663 460 2748 tuis,
488 2661 542 2755 qui
568 2656 628 2730 tibi
652 2661 786 2747 vivunt,
813 2668 847 2730 et
873 2660 960 2755 apud
985 2670 1018 2732 te
1044 2662 1209 2754 custoditi,
1236 2665 1389 2739 cumillis
1404 2665 1589 2745 referamus

230 2774 289 2848 tibi
315 2775 474 2869 gloriam,
500 2784 563 2847 etc.
1495 2815 1496 2818 ¹

334 2892 494 2985 Populus.
546 2893 665 2964 Amen.

336 3009 509 3081 Sacerdos
541 3008 731 3081 inclinatos.
791 3008 958 3082 Memento
990 3009 1134 3084 Domine
1169 3013 1302 3085 Patrum
1336 3026 1524 3090 sanctorum
1559 3028 1593 3092 et

231 3123 423 3216 beatorum,
450 3128 504 3221 qui
530 3124 742 3220 spiritualiter
766 3148 830 3198 nos
856 3136 1058 3218 genuemnt,
1085 3125 1331 3220 educavemnt,
1363 3141 1398 3203 et
1432 3130 1592 3223 aluerunt,

229 3244 264 3314 in
290 3247 380 3316 omni
405 3246 524 3315 timore
550 3243 624 3313 Dei.

333 3359 481 3430 Maccus
505 3380 630 3429 vocem.
681 3357 806 3432 Eorum
846 3362 901 3455 qui
934 3358 1092 3432 doctores
1137 3362 1212 3431 veri
1252 3359 1384 3434 fuerunt
1414 3361 1591 3439 Ecclesiae

230 3486 306 3547 tuae
334 3486 485 3562 sanctae,
513 3484 547 3546 et
572 3498 592 3545 a
618 3474 863 3549 seductionibus
891 3478 1033 3565 erroris,
1059 3497 1133 3547 earn
1166 3486 1418 3569 converterunt,
1451 3492 1485 3553 et
1515 3484 1590 3556 vias

228 3601 339 3663 rectos
366 3590 408 3663 ad
434 3595 535 3664 vitam
561 3590 794 3681 immortalem,
829 3592 874 3664 illi
910 3591 1233 3664 demonstravemut:
1266 3603 1457 3668 numeratos
1489 3597 1590 3688 igitur

228 3710 315 3781 inter
341 3707 474 3780 ordines
500 3728 615 3779 eorum
646 3705 701 3777 lac
734 3729 816 3798 nos,
854 3716 890 3778 ut
915 3730 989 3779 cum
1021 3707 1085 3781 illis
1120 3720 1155 3781 et
1178 3712 1264 3780 inter
1294 3710 1369 3784 illos
1402 3710 1588 3785 referamus

227 3825 285 3898 tibi
311 3825 470 3917 glorium,
498 3834 560 3895 etc.

333 3941 492 4033 Populos.
545 3940 663 4012 Amen.

330 4056 504 4128 Sacerdos
529 4055 719 4127 inclinatos.
771 4054 934 4128 Miserere
959 4064 995 4126 et
1020 4078 1122 4150 parce
1147 4056 1290 4128 Domine
1316 4080 1379 4154 per
1398 4058 1462 4132 boo
1475 4064 1588 4134 sacri·

227 4172 354 4259 ficium,
382 4171 532 4247 omnibus
558 4171 720 4244 defunctis
745 4153 914 4261 fidelibus,
941 4175 997 4267 qui
1022 4173 1150 4268 pridem
1166 4170 1404 4265 decubuerunt,
1431 4198 1505 4247 cum
1526 4197 1588 4272 spe

228 4299 303 4380 tua,
330 4292 364 4359 in
388 4288 453 4361 fido
480 4288 685 4362 Ortbodoxa.

335 4406 484 4476 Edecooo
509 4428 632 4477 coceio.
686 4402 809 4476 Omnes
843 4406 1007 4501 aspiciens
1042 4428 1117 4477 cum
1153 4406 1398 4496 misericordia,
1432 4417 1587 4502 tanquam

226 4520 380 4594 conditor
405 4526 586 4595 animarum
612 4531 645 4593 et
671 4542 846 4616 corporum
873 4519 1011 4593 illorum.
1063 4522 1233 4619 Acceptas
1259 4527 1359 4616 igitur
1392 4520 1478 4595 habe
1504 4527 1585 4597 istas

226 4638 426 4725 oblationes,
453 4662 538 4735 quae
563 4660 626 4735 pro
652 4636 716 4708 illis
743 4636 801 4709 tibi
828 4637 1022 4710 offeruntur:
1058 4648 1093 4710 et
1118 4650 1252 4735 praesta
1283 4640 1348 4711 illis
1374 4637 1463 4712 bona
1497 4663 1586 4737 pro·
1667 4635 1671 4645 ’

225 4759 328 4828 missa
355 4755 563 4848 diligentibus
592 4755 757 4830 Christum
782 4764 891 4844 tuum3
916 4777 979 4851 per
1005 4779 1112 4851 quem,
1140 4767 1174 4829 et
1199 4781 1271 4830 cum
1300 4780 1365 4852 quo
1387 4758 1585 4830 misericor-

226 4871 313 4944 diam
339 4877 499 4968 consequi
532 4895 721 4969 sperumus,
754 4880 789 4941 et
819 4875 1048 4947 remissionem
1080 4883 1293 4968 peccatorum
1331 4896 1416 4968 quae
1449 4882 1586 4970 propter

227 5010 303 5060 eum
329 5000 397 5079 est,
424 4999 458 5061 et
482 4987 577 5063 nobis
605 5000 640 5061 et
664 4986 738 5060 illis.

331 5104 491 5200 Populos.
544 5105 694 5193 Quietem
718 5111 863 5201 praesta.

1295 5221 1377 5297 ³3*
