4525 6034
693 569 773 646 444
1202 568 1564 646 LITURGIA

693 755 760 830 hoc
785 759 961 851 mysticum
989 767 1024 828 et
1050 757 1139 828 omni
1173 776 1235 850 spe
1265 753 1366 828 beuta
1399 754 1542 850 plenum.
1596 753 1760 844 Domine,
1795 756 1925 848 suscipe
1953 751 2041 825 obse-

693 874 878 944 crationem
904 880 1054 944 nostram
1079 880 1219 967 propter
1246 891 1321 960 eos,
1348 879 1383 942 et
1409 868 1485 941 dele
1500 880 1641 962 peccem
1658 880 1757 964 utque
1772 867 1919 941 deiectus
1937 889 2044 954 eorum,

696 986 816 1059 dealba
843 986 992 1059 macules
1020 993 1154 1059 eorum:
1182 987 1258 1079 qruio
1284 1008 1353 1057 non
1381 994 1435 1058 est
1465 1007 1576 1079 neque
1608 983 1686 1075 fuit,
1716 986 1803 1056 inter
1833 1006 1946 1057 omnes
1968 986 2045 1055 cumi

694 1099 872 1193 alligatos,
900 1106 954 1197 qui
981 1124 1084 1198 purus
1111 1104 1247 1174 omnino
1275 1105 1318 1172 sit
1344 1110 1379 1173 et
1404 1103 1566 1200 innocens
1593 1121 1707 1172 corum
1723 1110 1770 1186 te,
1796 1101 1859 1170 nisi
1876 1121 1954 1171 unus
1969 1098 2044 1171 seim

693 1216 854 1289 Dominus
881 1227 997 1290 noster
1024 1229 1058 1289 et
1088 1217 1192 1289 Filius
1226 1226 1317 1304 tuus,
1349 1237 1411 1311 per
1447 1237 1545 1311 quem
1580 1236 1643 1289 nos
1677 1218 1777 1286 etiem
1808 1213 2044 1287 misericordem

694 1334 856 1428 consequi
885 1355 1078 1428 speremus,
1106 1343 1140 1405 et
1171 1335 1406 1405 remissionem
1438 1339 1672 1427 peccatorum,
1709 1352 1795 1425 mune
1824 1337 1958 1426 propter
1984 1350 2045 1399 eun

695 1457 763 1533 est,
791 1457 859 1520 tem
885 1447 983 1521 nobis
1011 1471 1110 1544 quum
1136 1447 1210 1520 illis.

798 1561 961 1656 Populus.
1015 1563 1168 1649 Quietem
1194 1573 1340 1657 praesto.

799 1676 984 1751 »Sacerdos
1037 1677 1163 1751 Libero
1190 1680 1291 1750 etiem
1318 1687 1353 1750 et
1377 1697 1563 1773 praeservu
1590 1697 1674 1765 nos,
1699 1676 1862 1763 Domine,
1889 1672 1929 1746 uh
1952 1676 2046 1745 omni·

693 1790 756 1863 bus
784 1793 912 1866 insidiis
944 1793 1040 1866 melis
1072 1792 1209 1886 maligni
1242 1792 1428 1867 adversarii
1460 1795 1585 1864 nostri:
1621 1790 1775 1885 quamdiu
1808 1798 1920 1863 numm
1944 1793 1974 1860 in
1995 1788 2048 1860 hoc

694 1906 817 1978 mundo
845 1907 1022 2000 degemus,
1057 1910 1146 1981 muni
1171 1907 1270 1982 nobis
1303 1910 1380 1981 vies
1414 1907 1574 1980 decursus
1608 1909 1731 1979 nostri:
1766 1905 1821 1978 foe
1853 1927 1918 1979 nos
1948 1904 2048 1995 dignos

694 2021 761 2093 fine
787 2019 891 2112 bono,
919 2033 954 2096 et
978 2027 1072 2096 exitu
1097 2046 1160 2120 per
1186 2023 1450 2097 misericordium
1477 2021 1576 2096 felici.
1622 2020 1764 2117 Depelle
1790 2045 1811 2093 u
1836 2022 1936 2094 nobis
1959 2041 2048 2090 exer-

695 2139 795 2208 eitum
822 2160 965 2232 nequam
990 2137 1158 2212 latronum
1182 2142 1217 2210 in
1244 2147 1325 2211 uere
1351 2137 1545 2228 volentium,
1572 2147 1607 2212 et
1626 2149 1761 2234 praesto
1780 2137 1881 2210 nobis
1897 2146 1931 2208 ut
1948 2133 2049 2207 nudiu-

695 2274 769 2325 mus
795 2273 916 2326 vocem
950 2253 1037 2325 iilum
1073 2253 1197 2326 loetum
1233 2253 1396 2326 dicentem
1429 2253 1473 2325 ud
1506 2276 1589 2343 nos,
1622 2257 1737 2326 venite
1768 2251 1936 2324 benedieti
1966 2252 2050 2346 petris

695 2371 780 2457 mei,
805 2367 977 2462 possidete
1003 2367 1263 2459 hoereditatem,
1291 2392 1378 2465 quae
1403 2379 1522 2464 paratu
1548 2380 1600 2443 est
1625 2368 1740 2443 vobis:
1773 2379 1808 2440 ut
1833 2372 1871 2439 in
1896 2365 1959 2440 hoc
1982 2369 2051 2438 sieut

695 2491 730 2552 et
755 2483 789 2553 in
816 2482 986 2572 omnibus,
1018 2483 1226 2577 glorificetur
1250 2493 1285 2557 et
1308 2484 1462 2558 laudetur
1488 2484 1530 2559 eir
1558 2484 1711 2559 omnibus
1737 2506 1862 2558 nornen
1888 2494 1974 2554 mum
1996 2478 2049 2550 ho-

693 2597 878 2670 norandum
914 2598 1067 2672 omnibus
1103 2599 1228 2688 modis,
1268 2611 1303 2673 et
1334 2599 1564 2691 benedictum,
1600 2600 1762 2695 simrdque
1794 2601 1933 2672 Domini
1965 2597 2050 2670 nostri

692 2710 776 2784 Jesu
804 2711 939 2803 christi,
965 2723 1001 2785 et
1026 2713 1170 2811 Spiritus
1198 2718 1313 2789 suncti.

799 2828 961 2921 Peperine.
1015 2828 1067 2901 Ut

798 2942 984 3016 Sacerdos.
1037 2945 1122 3017 Pon.

797 3057 961 3152 Peperine.
1013 3058 1159 3133 Etcum
1187 3062 1303 3157 spiritu
1330 3070 1396 3133 tuo.

797 3163 984 3246 Socerdoe.
1036 3173 1291 3249 Misericordiae
1316 3174 1382 3246 Dei
1409 3177 1492 3265 sint,
1519 3182 1583 3247 ete.

797 3288 962 3382 Populus.
1013 3286 1160 3362 Etcum
1187 3293 1302 3385 spiritu
1329 3299 1396 3364 tuo.

803 3403 980 3476 Sacerdos
1002 3409 1139 3500 sranpit
1164 3411 1200 3476 ei
1224 3410 1349 3501 eipoot.

798 3518 979 3592 Diaconos
1004 3520 1091 3592 dicit
1116 3520 1338 3593 catholicon.

934 3789 1110 3871 Sacerdos
1137 3793 1223 3864 dicit
1250 3793 1448 3865 Οιαέίοιιειιι
1473 3781 1554 3865 ante
1579 3794 1681 3866 Peter
1706 3801 1835 3864 noster.

797 3978 855 4050 Ad
886 3989 921 4050 te
953 3979 1047 4052 Deus
1082 3979 1202 4067 Pater,
1236 3981 1292 4074 qui
1324 4001 1428 4056 ceusu
1459 4003 1498 4055 es
1531 3984 1674 4054 omnium
1708 3983 1905 4077 spirituum,
1940 3978 2058 4048 offertur

692 4095 802 4167 orotio
828 4103 943 4166 nostru
969 4094 1150 4166 secundum
1178 4094 1361 4168 doctrinam
1387 4098 1463 4171 Deo
1492 4097 1626 4191 dignam
1652 4099 1811 4189 unigeniti
1838 4095 1919 4168 Filii
1946 4097 1991 4166 tui
2013 4092 2058 4162 di-

692 4206 784 4298 leeti,
811 4208 944 4280 Domini
959 4208 1024 4280 Dei
1042 4213 1150 4283 nostri
1176 4209 1259 4283 Jesu
1286 4208 1420 4287 Christi.
1447 4214 1630 4311 Acceptum
1657 4216 1757 4305 igitur
1783 4235 1861 4284 eam
1890 4209 1989 4300 habe,
2011 4227 2060 4303 per

695 4345 844 4395 umorem
871 4332 962 4395 tuum
988 4345 1072 4417 ergo
1103 4323 1256 4399 homines
1288 4329 1483 4402 immensum
1517 4339 1551 4402 et
1581 4339 1772 4427 paternum:
1805 4326 1981 4400 sanctifice
2010 4342 2061 4394 nos

694 4459 757 4534 per
783 4439 939 4534 Spiritum
968 4447 1057 4511 tuum
1084 4450 1246 4530 sanonum,
1274 4442 1333 4515 tibi
1359 4445 1686 4535 consubstantialem,
1714 4448 1768 4538 qui
1794 4455 1940 4517 sanctos
1962 4459 2061 4516 omnes

695 4552 841 4649 perficit:
868 4562 905 4624 ut
930 4575 992 4648 per
1018 4575 1095 4625 eum
1121 4556 1334 4630 sanctificatis
1360 4558 1542 4648 mentibus,
1577 4560 1691 4633 oribus
1723 4568 1756 4631 et
1788 4557 1918 4651 linguis
1944 4558 2062 4638 nosiss‘is

697 4666 926 4763 abstersisque
950 4680 983 4741 et
1004 4669 1197 4765 purificatis,
1223 4695 1307 4768 pure
1327 4682 1362 4746 et
1385 4686 1502 4748 sancte
1523 4697 1711 4748 mereamur
1726 4678 1897 4747 invocare
1915 4687 1951 4748 te
1972 4674 2062 4745 Deum

695 4783 833 4855 Putrem
860 4786 1139 4879 omnipotentem,
1173 4808 1307 4861 oremus
1340 4798 1375 4861 et
1400 4789 1564 4866 dicemus:
1597 4791 1697 4863 Peter
1728 4800 1847 4864 noster
1883 4793 1942 4886 qui
1975 4786 2063 4860 eeir

692 4900 808 4971 coelis.

797 5014 960 5109 Populoo.
1014 5014 1267 5109 Sanctificetur,
1293 5029 1357 5091 eto.
