4525 6034
491 613 746 691 Ahllllhllbllllll
777 610 1042 690 Jucosstrtaun
1067 607 1340 687 PAl'lllARCHAd.
1522 607 1602 682 tol.

230 804 390 875 scantiae
415 803 480 876 Dei
505 801 686 875 secundnm
712 822 830 897 opera,
850 802 923 894 ejus
949 796 1173 871 inscrutabilia
1186 796 1331 882 Domini,
1359 797 1504 868 omnium
1529 817 1599 866 no-

230 929 334 990 strum
362 917 484 993 Christi
517 920 592 991 veri
617 916 697 989 Dei:
734 920 790 1012 qui
821 919 918 988 novit
949 917 1059 988 omnia
1092 924 1269 1009 antequam
1295 910 1387 984 hant:
1414 914 1471 1007 qui
1497 933 1601 984 soru-

229 1043 317 1105 tutur
343 1035 446 1109 corda
473 1045 508 1107 et
532 1055 632 1107 renes
658 1032 840 1108 hominnm:
877 1035 930 1127 qui
962 1053 1128 1127 nunquam
1155 1040 1268 1102 cessat
1302 1053 1323 1101 a
1357 1027 1497 1100 consilio
1524 1051 1601 1101 curn

230 1151 329 1225 Patre
356 1160 390 1223 et
415 1151 540 1248 Spiritu
566 1160 696 1238 sancto,
718 1148 871 1243 judicans
907 1146 1086 1221 secuudum
1117 1148 1290 1219 veritatem
1324 1155 1358 1217 et
1384 1147 1599 1240 aequitatem:

231 1266 317 1362 apud
344 1288 442 1362 quem
467 1266 630 1339 reconditi
656 1275 732 1338 sunt
756 1266 870 1358 magni
896 1266 1079 1361 sapientiae
1106 1262 1261 1336 thesauri.
1292 1259 1352 1333 llle
1378 1262 1478 1352 igitur
1494 1281 1601 1356 nuper

232 1393 389 1479 tanquam
414 1383 576 1456 Dominus
601 1403 705 1454 verus
731 1383 879 1476 suscepit
912 1380 954 1452 ad
990 1403 1028 1453 se
1061 1381 1196 1452 divitem
1222 1377 1374 1452 omnibus
1401 1374 1498 1448 bouis
1525 1376 1598 1446 Pa-

234 1510 317 1570 trem
344 1510 496 1572 nostrum
521 1497 748 1571 Patriarcham
780 1495 880 1570 Abba
912 1497 954 1569 N.
987 1501 1041 1593 qui
1068 1497 1209 1570 obtinuit
1239 1504 1363 1569 sortem
1399 1503 1600 1566 sanctorum.

234 1613 350 1687 Visum
377 1625 429 1687 est
454 1617 554 1707 igitur
580 1614 676 1687 nobis
701 1622 799 1709 prout
823 1616 1008 1686 necessitas
1035 1610 1213 1705 exigebat,
1245 1614 1447 1705 congregari
1474 1630 1602 1683 sccun-

234 1730 309 1802 dum
343 1726 500 1805 Oenones
533 1730 752 1827 Apostolicos
782 1733 926 1802 unanimi
957 1750 1144 1818 consensu,
1182 1750 1246 1801 nos
1281 1726 1410 1800 scilicet
1440 1725 1601 1822 Episcopi

232 1850 382 1939 regionis
409 1850 572 1943 Aegypti,
599 1846 761 1942 sinurlque
775 1845 895 1920 Clarus
923 1857 957 1918 et
982 1846 1123 1941 populus
1151 1866 1295 1937 magnae
1321 1843 1412 1917 urbis
1438 1843 1600 1916 Alexan-

155 2021 162 2032 .
233 1963 339 2052 driae,
365 1986 439 2035 curn
466 1961 628 2057 aliquibus
655 1985 701 2035 ex
726 1965 891 2057 primariis
916 1964 1077 2058 Aegypti.
1104 1960 1293 2055 Hubitoque
1319 1964 1404 2031 inter
1430 1981 1493 2031 nos
1511 1980 1601 2032 cou-

233 2079 308 2152 sibo
334 2080 443 2152 Deum
470 2078 722 2152 obsecravimus
749 2089 785 2151 ιιι
809 2078 907 2152 nobis
934 2078 1022 2172 quod
1058 2082 1216 2174 optimum
1248 2077 1338 2149 factu
1372 2085 1465 2148 esset
1489 2076 1602 2148 mani-

232 2195 384 2284 festaret,
411 2193 684 2291 suscepimusque
710 2199 774 2266 iter
800 2194 842 2268 ad
870 2195 1003 2266 deserta
1028 2205 1158 2267 remota
1186 2194 1315 2283 Scetis,
1346 2191 1448 2264 etad
1475 2190 1603 2261 Nitriae

232 2321 392 2400 montem,
417 2334 607 2406 magnoque
634 2311 742 2384 studio
770 2315 1010 2406 quaesivimus,
1046 2313 1176 2406 quinam
1211 2309 1329 2403 dignus
1361 2307 1450 2382 loret
1482 2329 1604 2399 magna

234 2426 289 2499 illa
315 2425 499 2500 Pontificali
526 2426 704 2520 dignitate:
731 2431 788 2523 qui
814 2437 969 2523 pasceret
994 2450 1058 2499 uos
1085 2430 1117 2497 in
1140 2431 1197 2498 via
1213 2428 1357 2512 Domini,
1385 2436 1419 2497 et
1445 2424 1606 2517 dirigeret

232 2566 296 2616 nos
324 2543 367 2616 ad
393 2554 523 2640 portum
549 2542 736 2616 Ecclesiae.

339 2659 489 2753 Cumque
515 2667 711 2755 perspectus
737 2656 835 2731 nobis
863 2670 954 2732 esset
981 2661 1118 2732 amantis
1145 2658 1310 2733 Christum
1336 2658 1428 2730 urbis
1445 2657 1604 2732 Alexan-
1663 2655 1668 2664 ’

233 2776 326 2848 dniac
360 2798 454 2849 amor
480 2797 562 2868 erga
589 2787 703 2873 patres
740 2796 841 2866 suos,
868 2779 1086 2871 sincerasque
1111 2775 1223 2847 cordis
1250 2775 1387 2848 adectus
1414 2798 1498 2868 erga
1524 2794 1605 2848 suos

232 2892 429 2987 praesules,
462 2896 623 2965 sciremus
659 2894 757 2965 etiam
789 2891 879 2964 nolle
906 2914 966 2967 eos
994 2892 1112 2964 diutius
1140 2890 1308 2987 orphanos
1335 2913 1520 2980 remanere,
1547 2888 1604 2960 id-

232 3011 325 3080 circo
352 3009 460 3082 visum
487 3017 539 3080 est
563 3008 662 3081 nobis
689 3009 853 3103 perlicere
878 3029 963 3104 opus
981 3009 1058 3097 Dei,
1084 3005 1266 3081 bonitalem
1284 3012 1357 3100 ejus
1374 3008 1605 3103 deprecantes,

232 3134 436 3220 orantesque
464 3125 706 3213 ardentissime,
731 3123 911 3216 vigilantes
937 3147 999 3220 per
1024 3135 1143 3196 noctes
1169 3128 1203 3196 in
1230 3126 1397 3209 oratione,
1430 3131 1467 3194 ιιι
1492 3125 1604 3195 ιιιιιιιι-

230 3239 373 3312 festaret
398 3240 495 3314 nobis
522 3242 595 3336 quis
621 3240 710 3312 foret
736 3240 876 3313 idoneus
903 3241 1010 3313 officio
1045 3240 1256 3327 mediatoris,
1291 3251 1327 3313 ut
1359 3261 1435 3311 eum
1460 3261 1605 3334 promo·

233 3377 395 3428 veremus
430 3354 474 3427 ad
507 3355 647 3449 gradum
682 3354 771 3429 illum
806 3356 938 3430 Ordinis
965 3355 1177 3430 Pontihcalis.
1230 3357 1282 3428 Ea
1312 3364 1450 3452 propter
1476 3367 1605 3428 matura

231 3471 474 3544 deliberatione
506 3469 637 3563 habita,
670 3477 830 3546 convenit
862 3477 948 3545 inter
979 3495 1043 3546 nos
1070 3483 1104 3545 nt
1129 3475 1373 3568 respiceremus
1401 3470 1442 3541 ad
1469 3491 1605 3544 servum

230 3590 312 3678 Dei,
337 3588 579 3684 Presbyterum
604 3598 639 3661 et
669 3591 853 3686 piissimum
878 3588 1096 3676 Monachum,
1131 3588 1333 3662 habitantem
1364 3592 1398 3660 iu
1430 3589 1605 3684 praeclara

230 3705 345 3777 Laura
373 3707 478 3776 suncti
503 3704 612 3778 Patris
643 3710 750 3779 nostri
781 3703 924 3778 Abbatis
958 3705 999 3777 N.
1027 3716 1195 3796 ascetum,
1228 3709 1282 3801 qui
1313 3710 1347 3777 in
1374 3706 1489 3778 eadem
1516 3705 1605 3778 edu-

230 3833 331 3894 catus
358 3830 422 3908 est,
449 3843 469 3891 a
495 3823 599 3915 prima
625 3844 685 3894 sue
713 3831 822 3894 aetate
850 3822 911 3895 sub
933 3822 1073 3918 pedibus
1099 3824 1435 3895 Patrurnnostrorum
1463 3833 1606 3896 sancto-

227 3959 326 4008 rnm:
353 3939 569 4033 percepitque
594 3941 739 4029 gratiam
763 3940 923 4033 ipsorum,
949 3942 1035 4010 sicut
1058 3937 1214 4012 Elisaeua
1242 3963 1315 4011 curn
1343 3938 1417 4010 Elia
1434 3937 1606 4028 Thesbitc,

230 4074 301 4149 per
334 4051 477 4125 habitum
510 4053 726 4145 Angelicum:
760 4064 795 4125 ut
837 4059 994 4150 scriptum
1030 4065 1082 4127 est
1120 4059 1154 4126 in
1189 4055 1387 4150 Apostolico
1432 4077 1605 4128 sermone:

228 4171 359 4243 scimus
386 4173 542 4264 qnoniam
568 4169 780 4263 diligentibus
806 4172 926 4260 Deum,
953 4170 1090 4263 adjuvat
1115 4173 1189 4267 ipse
1215 4169 1290 4244 illos
1325 4171 1367 4243 ad
1395 4193 1493 4244 omne
1519 4194 1603 4267 opus

225 4283 372 4375 bonnm,
399 4287 438 4358 iis
466 4289 520 4380 qui
546 4288 659 4359 vocati
686 4297 763 4360 sunt
788 4287 968 4360 secundum
994 4291 1200 4384 propositum
1232 4287 1411 4361 voluntatis
1445 4308 1542 4359 suae:
1570 4296 1604 4357 et

227 4422 322 4496 quos
353 4403 552 4496 praescivit,
584 4400 646 4473 bos
680 4413 714 4474 et
745 4403 1021 4499 praedestinavit:
1058 4414 1092 4476 et
1125 4425 1210 4500 quos
1236 4403 1515 4499 praedestinavit,
1541 4401 1603 4476 hos

226 4520 390 4589 vocavit:
425 4540 510 4612 quos
542 4521 689 4606 vocavit,
715 4517 778 4592 bos
806 4529 840 4593 et
861 4519 1069 4612 justificavit:
1103 4530 1138 4592 et
1170 4542 1255 4616 quos
1284 4521 1495 4613 Justilicavit,
1528 4518 1603 4591 illos

227 4630 445 4726 glorificavit
498 4633 542 4706 Et
567 4636 684 4706 iterum
705 4638 762 4707 -ait
793 4635 994 4733 Apostolus:
1030 4658 1129 4709 nemo
1165 4637 1256 4709 solus
1290 4640 1411 4733 accipit
1444 4635 1606 4708 bonorem

227 4771 284 4821 ex
310 4770 349 4821 se
374 4752 461 4845 ipso,
489 4749 550 4822 sed
577 4753 631 4846 qui
656 4763 798 4825 vocatus
823 4765 878 4826 est
904 4776 923 4825 a
949 4755 1024 4826 Deo
1057 4761 1213 4848 tanquam
1238 4752 1375 4824 Aaron:
1408 4754 1453 4823 ita
1489 4773 1605 4824 omues

227 4866 292 4961 qui
318 4875 394 4961 post
419 4889 493 4938 eum
521 4877 685 4939 venerunt
711 4870 891 4942 secundum
918 4880 1069 4967 tempora
1096 4878 1130 4942 et
1141 4872 1390 4963 generationes,
1417 4868 1481 4940 huc
1500 4890 1607 4965 usque

225 4991 271 5054 et
295 5003 401 5076 usque
427 4982 469 5054 ad
495 4988 812 5057 consrrmmationem
837 4982 933 5077 hujus
960 4983 1095 5060 saeculi.

1316 5099 1400 5176 74*
