4525 6034
533 612 736 691 manuus
762 608 1030 690 rtrumcnrn
1056 607 1296 686 xnrrocnnnr.
1522 602 1600 681 ιιι
1697 701 1704 712 ι

332 800 517 873 Sacerdos.
571 799 749 873 Sanctibca
775 819 840 896 nos
866 817 929 893 per
954 817 1076 868 nornen
1102 806 1193 867 ιιιιιιι
1220 805 1387 885 sanctum,
1421 792 1509 889 (prod
1545 795 1604 864 in-

228 926 388 991 vocatum
414 926 468 987 est
493 935 595 1011 super
619 913 763 987 nos'O
791 913 892 984 Pater
918 919 1034 984 noster
1061 907 1220 983 coelestis
1247 909 1372 1005 perfice
1400 917 1434 981 et
1460 907 1604 1004 adimple

229 1037 264 1105 in
289 1031 388 1105 nobis
413 1030 621 1104 voluntatem
646 1040 753 1102 ιιιιιιιε
790 1027 948 1100 adveniat
979 1048 1121 1119 regnum
1154 1036 1243 1097 tuum
1279 1034 1314 1096 et
1346 1025 1501 1097 divinitus
1537 1033 1604 1111 tua,

228 1147 420 1243 habitetque
445 1150 479 1218 in
506 1144 603 1220 nobis
631 1148 717 1220 sicut
742 1148 775 1215 iu
803 1142 901 1217 coelo
928 1141 1088 1214 excelso:
1114 1164 1225 1236 neque
1252 1140 1392 1214 deseras
1418 1162 1482 1213 nos
1502 1142 1547 1212 ita
1570 1150 1606 1210 ut

230 1272 415 1350 tentemur,
452 1265 528 1359 quia
561 1282 628 1333 non
661 1258 821 1332 babemus
848 1261 1001 1331 virtrrtem
1029 1257 1072 1328 ad
1099 1256 1335 1332 sustinendum.
1388 1255 1514 1329 Libera
1540 1276 1604 1328 nos

229 1379 374 1451 Domine
407 1402 428 1450 a
459 1377 624 1470 maligno,
658 1387 693 1448 et
726 1373 768 1446 ab
805 1376 893 1447 omni
926 1372 1156 1469 quodcumque
1188 1395 1262 1445 cum
1291 1395 1334 1445 eo
1361 1370 1606 1445 similitudinem

229 1491 331 1566 babet
356 1502 415 1564 aut
441 1493 645 1566 affinitatem:
672 1514 782 1586 neque
806 1493 980 1587 permittas
1006 1500 1043 1562 ιιι
1068 1490 1223 1561 volontas
1250 1492 1323 1580 ejus
1342 1492 1376 1560 in
1396 1486 1494 1562 nobis
1518 1493 1604 1583 ped-

230 1606 373 1680 ficiatur:
402 1607 502 1680 audet
529 1611 617 1680 eninr
643 1607 800 1679 allectore
830 1615 867 1676 ut
898 1627 961 1678 nos
995 1605 1147 1696 dejiciat,
1183 1614 1217 1675 et
1246 1612 1368 1697 regnet
1399 1625 1500 1698 super
1532 1625 1608 1690 nos,

230 1735 321 1797 tuum
348 1733 458 1795 autem
486 1734 539 1795 est
564 1745 723 1815 regnum,
749 1731 783 1793 et
807 1743 871 1794 nos
899 1724 1009 1808 servi,
1040 1731 1075 1793 et
1100 1722 1265 1815 mancipia
1291 1730 1346 1791 tua
1379 1739 1501 1792 sumus.
1555 1718 1607 1789 Tu

233 1841 287 1934 qui
315 1847 412 1935 potes
440 1842 551 1910 omnia
578 1848 657 1910 nutu
689 1847 765 1927 tuo,
797 1846 936 1909 contere
971 1847 1071 1932 caput
1103 1840 1177 1928 ejus
1211 1833 1273 1907 sub
1308 1832 1450 1930 pedibus
1484 1837 1608 1908 nostris

231 1954 414 2039 velociter,
440 1962 476 2023 ιιι
502 1974 565 2048 pro
592 1961 762 2047 reportata
789 1974 809 2022 a
835 1950 934 2024 nobis
960 1953 1119 2039 victoria,
1156 1950 1341 2022 referamos
1367 1949 1426 2022 tibi
1453 1949 1608 2042 gloriam,

233 2078 267 2140 et
295 2069 474 2141 oderamus
501 2067 732 2140 adorationem
758 2066 845 2139 Filio
872 2055 929 2139 tuo
956 2077 991 2139 et
1017 2065 1153 2162 Spiritui
1180 2067 1389 2139 sanctissimo
1423 2086 1511 2137 nuuc
1544 2073 1608 2136 etc.

338 2182 501 2275 Populea.
553 2184 674 2255 Amen.

338 2297 523 2369 Sacerdos.
572 2298 656 2369 Pax.

336 2412 499 2507 Populea.
551 2412 697 2485 Etcum
724 2416 839 2507 spiritu
866 2421 933 2486 too.

337 2529 526 2600 Diaconos.
578 2530 679 2602 Ante.

336 2643 499 2736 Populus.
555 2640 680 2718 Coram
707 2652 750 2715 te.

337 2757 522 2829 Socerdea
586 2757 751 2831 Miserere
784 2757 929 2830 Domine
964 2759 1077 2855 populi
1112 2762 1158 2832 tui
1197 2762 1252 2854 qui
1285 2766 1443 2853 expectat
1486 2757 1608 2828 donum

233 2887 323 2948 tuum
359 2874 518 2946 eoeleste.
571 2871 680 2946 Nemo
715 2896 762 2944 ex
794 2883 895 2947 coetu
926 2885 1043 2948 nostro
1077 2873 1266 2969 expellatur
1302 2898 1322 2946 a
1355 2875 1610 2970 participatione

233 2990 386 3085 mysterii
412 2988 566 3061 sacrificii
592 2987 687 3080 hujus
714 2987 926 3079 vivificantis,
953 2991 998 3062 ita
1023 3001 1060 3064 ut
1084 2988 1183 3064 nobis
1210 2993 1244 3061 in
1266 2991 1424 3063 convivio
1444 2989 1511 3062 boc
1534 2988 1609 3082 spi-

233 3102 342 3176 rituali
369 3102 591 3199 epulantibus,
618 3127 694 3175 cum
720 3108 925 3178 conscientia
951 3106 1131 3203 inculpata,
1158 3109 1279 3202 pignus
1306 3105 1363 3178 fiat
1387 3106 1480 3177 vitae
1497 3124 1611 3176 novae

235 3230 269 3292 et
295 3218 491 3316 spiritualis,
527 3231 561 3292 et
596 3223 752 3292 viaticum
787 3219 830 3291 ad
861 3223 951 3294 viam
985 3221 1075 3295 illam
1111 3231 1296 3307 aeternam,
1333 3231 1433 3316 atque
1465 3219 1533 3291 illie
1568 3216 1611 3289 ad

180 3363 183 3376 ·
234 3355 385 3406 mensam
412 3345 500 3406 tuam
527 3337 763 3430 incorpoream
790 3334 973 3430 epulemur,
999 3337 1253 3432 referamusque
1280 3335 1338 3408 tibi
1364 3335 1506 3427 gloriam
1524 3355 1611 3430 per-

233 3458 368 3543 petuam
395 3457 429 3519 et
456 3451 638 3540 gratianum
665 3453 831 3522 actionem
860 3451 1118 3545 indesinentem,
1152 3462 1186 3524 et
1219 3454 1389 3545 unigenito
1416 3450 1504 3523 Filio
1541 3459 1612 3540 tuo,

236 3573 270 3635 et
295 3564 433 3658 Spiritui
459 3571 516 3636 ιιι
543 3574 670 3637 saneto.

341 3677 504 3770 Populus.
556 3679 677 3752 Amen.

340 3791 525 3864 Sacerdos.
578 3796 662 3866 Pax.
766 3799 801 3854 ι’

341 3907 503 3999 Populea.
555 3907 700 3980 Etcum
727 3912 843 4004 spiritu
869 3918 937 3985 tuo.

342 4020 527 4094 Sacerdos.
580 4025 632 4096 Sit
657 4023 894 4114 misericordia,
922 4037 983 4099 etc.

235 4205 240 4230 ¹
342 4137 503 4230 Populea.
556 4139 701 4212 Etcum
729 4143 845 4235 spiritu
871 4149 938 4215 tuo.

345 4254 530 4325 Diaconos.
584 4254 667 4328 Cum
695 4258 823 4330 timore.

343 4368 528 4440 Sacerdos.
580 4371 703 4442 Sancta
729 4375 864 4445 sanctis.

257 4499 262 4506 ·
343 4484 504 4576 Populus.
558 4484 652 4558 Unus
679 4488 778 4559 Pater
804 4497 948 4561 sauctus.

343 4599 532 4671 Diocooua.
585 4600 730 4673 Stemus.

343 4714 505 4807 Populos.
561 4715 694 4788 Gratias
721 4720 860 4809 agimus.

343 4827 528 4901 Sacerdos.
583 4830 698 4903 Gloria
724 4832 974 4905 misericordiae
1001 4844 1078 4905 tuae
1104 4835 1265 4921 Domine,
1292 4835 1386 4924 cujus
1412 4835 1520 4925 gratia
1546 4842 1612 4904 tam

240 4942 446 5017 abundanter
473 4946 578 5018 effusa
606 4958 675 5018 est:
703 4948 899 5040 confitemur
924 4952 1048 5021 nomini
1073 4960 1142 5036 tuo,
1173 4958 1206 5020 et
1222 4947 1447 5021 benedicimus
1470 4948 1612 5040 gloriam

239 5069 342 5151 tuam,
366 5065 443 5155 quia
460 5060 581 5153 dignos
607 5060 716 5136 fecisti
740 5084 816 5152 nos,
838 5066 989 5158 quamvis
1011 5065 1080 5137 luto
1101 5064 1281 5160 implexos,
1307 5063 1477 5136 hauriendi
1494 5087 1613 5159 aquam

1324 5181 1405 5255 59*
