4525 6034
710 604 776 678 Xll
1136 610 1639 691 DISSERTATIO

713 806 746 867 et
772 796 922 870 codicum
948 801 1155 888 testimonio,
1182 798 1228 872 illi
1254 798 1420 872 tribuitur:
1448 809 1482 872 et
1507 799 1586 873 illud
1612 802 1779 898 estquod
1805 803 1906 877 edidit
1930 803 2061 901 Syriaco

711 923 746 984 et
769 912 888 986 Latine
915 913 1023 988 Guido
1050 913 1225 991 Fabricius
1250 916 1477 1007 Boderianus,
1504 916 1565 990 sub
1598 922 1731 992 nomine
1764 920 1886 993 Severi
1916 920 2064 994 Alexan-

712 1029 815 1120 drini,
849 1034 904 1126 qui
929 1054 1096 1127 uunquam
1129 1031 1201 1105 luit.
1260 1033 1361 1106 Dedit
1394 1056 1527 1129 quoquc
1560 1035 1656 1109 simul
1690 1035 1909 1130 fragmentum
1943 1037 2064 1113 Ordinis

710 1144 854 1237 Missae,
881 1152 955 1221 sive
981 1147 1169 1241 Liturgr’ae,
1196 1148 1256 1222 sed
1284 1146 1326 1221 ab
1354 1170 1397 1222 co
1430 1171 1529 1261 quqm
1563 1150 1699 1224 codices
1730 1156 1837 1226 nostri
1869 1174 2065 1249 repracsen-

711 1271 781 1335 tant
805 1264 906 1337 valde
934 1264 1121 1356 diversum,
1149 1275 1183 1338 et
1209 1264 1251 1338 de
1278 1287 1343 1360 quo
1371 1267 1434 1338 erit
1459 1263 1546 1338 infra
1573 1266 1701 1340 dicendi
1727 1268 1831 1343 locus.

440 1394 505 1456 ouu
537 1398 698 1451 versunum
813 1381 904 1453 ΧΧΙ.
957 1381 995 1452 Si
1022 1380 1098 1475 quid
1124 1386 1223 1454 inre
1249 1381 1485 1455 obscurissima
1519 1384 1701 1474 conjectari
1733 1406 1928 1480 possumus,
1957 1390 2063 1483 paucis

389 1480 422 1533 ‘¹⁰
440 1483 489 1536 “¹⁶⁸
504 1484 675 1550 ludioefldum·
710 1496 787 1569 illud
815 1495 1063 1594 explicabimus.
1117 1497 1271 1572 Celebris
1298 1520 1431 1594 semper
1459 1496 1546 1593 apud
1570 1497 1744 1572 Jacobitas
1759 1500 2063 1595 Antiochenosiuit,

708 1625 744 1686 ut
770 1617 869 1686 etiam
895 1616 928 1684 iu
954 1623 1021 1686 tota
1047 1612 1202 1688 Ecclesia
1228 1616 1347 1708 Ignatii
1364 1614 1523 1712 Martyris
1537 1619 1715 1689 memoria:
1742 1616 1960 1690 celeberrima
1973 1619 2066 1712 louge

709 1735 742 1803 in
776 1754 818 1803 ea
849 1732 922 1825 ipsa
958 1752 1055 1824 quam
1087 1733 1189 1805 vivus
1222 1739 1370 1803 rexerat.
1421 1732 1460 1804 ln
1492 1729 1683 1806 solennibus
1715 1731 1780 1805 illis
1814 1732 1910 1808 festis
1941 1747 2065 1832 practer

709 1868 901 1920 communes
937 1849 1126 1938 orationes,
1160 1851 1195 1919 in
1230 1846 1348 1943 quibus
1375 1846 1418 1919 de
1442 1845 1593 1920 laudibus
1620 1858 1810 1921 sanctorum
1843 1851 2065 1925 inserebantur

708 1965 827 2051 multa,
852 1962 1010 2056 Liturgiis
1036 1963 1196 2036 nonnulla
1223 1963 1320 2055 adjici
1347 1962 1515 2055 solebant,
1543 1963 1609 2037 alio
1636 1974 1747 2037 amen
1773 1987 1869 2038 more
1897 1990 1995 2063 quam
2014 1970 2064 2063 qui

706 2085 740 2152 in
767 2080 949 2154 Occidente
974 2082 1091 2172 viguit.
1144 2075 1377 2153 Vetustissima
1404 2083 1526 2176 quippe
1552 2080 1758 2153 cousuetudo
1783 2080 1844 2154 fuit
1869 2087 1904 2154 in
1920 2081 2063 2172 Gotbica,

706 2196 935 2285 Mosarabica,
963 2198 1070 2269 veteri
1098 2194 1286 2285 Gallicana,
1313 2205 1348 2268 ct
1374 2196 1446 2269 nliis
1471 2194 1653 2287 Ecclesiis,
1679 2206 1716 2268 ut
1741 2219 1816 2269 cum
1842 2201 2063 2271 anniversaria

706 2314 777 2386 dics
804 2324 993 2387 sauctorum
1020 2311 1269 2403 celebrabatur,
1295 2311 1422 2385 blissae
1448 2313 1603 2407 propriae
1630 2313 1901 2404 assignarentur,
1934 2318 1967 2385 iu
1993 2318 2063 2410 qui·

706 2413 769 2501 bu's
795 2450 862 2500 non
888 2428 1005 2519 modo,
1032 2433 1127 2502 utin
1152 2451 1215 2501 usu
1240 2428 1415 2518 hodierno,
1442 2438 1511 2501 tres
1538 2431 1708 2501 orationes
1734 2439 1850 2501 essent
1868 2430 1986 2524 quibus
2010 2435 2062 2502 in-

707 2554 899 2617 sererentur
923 2544 1054 2617 illorum
1090 2549 1242 2636 nomina,
1284 2544 1345 2619 scd
1376 2542 1608 2619 Praelationes
1650 2554 1741 2617 totae
1765 2568 1873 2642 prope
1905 2555 1999 2618 erant
2029 2545 2066 2618 dc

705 2660 834 2733 illorum
861 2660 1032 2751 laudibuS,
1058 2672 1093 2734 et
1117 2665 1296 2759 praecipua
1323 2662 1452 2735 illorum
1479 2673 1576 2754 gesta
1603 2664 1644 2732 iis
1669 2660 1818 2734 breviter
1845 2662 2063 2759 exponeban-

706 2787 767 2847 tur.
819 2776 911 2849 ldem
936 2781 971 2849 in
998 2777 1135 2851 Oriente
1160 2778 1284 2851 facum
1308 2778 1430 2866 brisso,
1458 2800 1504 2850 ex
1531 2800 1596 2874 quo
1623 2775 1776 2850 Ecclesia
1802 2801 1864 2874 per
1890 2779 2063 2852 Nestoriu-

705 2915 768 2965 nos
796 2903 830 2965 et
854 2894 1027 2969 Jacobitas
1056 2897 1163 2968 scissa
1189 2903 1260 2984 est,
1286 2916 1354 2966 non
1381 2891 1596 2967 observatur:
1624 2891 1683 2965 sed
1710 2891 1753 2963 ad
1778 2896 1943 2985 maiorem
1975 2895 2063 2967 cele-

704 3009 858 3083 britatem
889 3011 1062 3106 Liturgiae
1097 3009 1284 3103 singulares
1314 3009 1580 3099 destinabantur,
1613 3007 1702 3103 quod
1727 3030 1748 3078 a
1777 3007 1989 3083 Nestoriauis
2012 3008 2063 3082 la-

705 3137 792 3198 ctum
819 3127 980 3200 videmus.
1034 3127 1084 3201 llli
1112 3129 1199 3199 enim
1232 3149 1275 3199 eo
1307 3125 1361 3198 die
1392 3149 1458 3222 quo
1484 3125 1618 3197 Patrum
1645 3125 1851 3196 Graecorum
1877 3129 2063 3199 memoriam

705 3254 826 3336 agunt,
852 3252 984 3316 utuntur
1009 3243 1161 3336 liturgia
1189 3265 1286 3339 quam
1311 3252 1436 3315 vocant
1461 3241 1626 3314 Nestorii:
1662 3242 1821 3333 singulari
1856 3243 2003 3331 scilicet,
2033 3251 2061 3312 et

705 3384 791 3455 quac
817 3361 904 3457 apud
930 3361 1005 3434 illos
1033 3361 1132 3433 talem
1157 3359 1284 3432 titulum
1310 3356 1469 3448 obtinuit,
1503 3357 1591 3453 quod
1616 3356 1746 3429 ultimus
1773 3359 1910 3430 Petrum
1943 3358 2061 3431 illorum

705 3500 839 3549 suorum
872 3476 1077 3550 Graecorum
1111 3475 1199 3550 foret
1224 3476 1410 3549 Nestorius.
1463 3475 1512 3546 lta
1544 3473 1690 3546 fortasse
1715 3496 1837 3546 nomen
1863 3478 1996 3571 accepit
2025 3495 2060 3545 ca

704 3616 802 3688 quam
826 3593 1010 3690 Aethiopes
1037 3591 1160 3665 habent
1184 3595 1318 3664 nomine
1343 3593 1479 3664 Patrum
1504 3589 1744 3675 Nicaenorum,
1777 3591 1852 3684 quia
1879 3593 1917 3661 in
1942 3589 2059 3662 illorum

704 3708 758 3780 die
783 3711 871 3782 desto
899 3708 1253 3787 celebrationum
1278 3707 1353 3781 illos
1379 3707 1563 3799 liturgiam
1584 3709 1772 3801 scripsisse,
1797 3728 1900 3778 nemo
1927 3727 2059 3801 unquam

704 3828 914 3899 existimavit.
967 3826 1163 3919 Singulares
1197 3828 1299 3917 igitur
1324 3824 1399 3897 illas
1425 3825 1599 3912 Dioscuri,
1632 3822 1771 3913 Severi,
1806 3821 2000 3911 Philoxeni,
2030 3827 2059 3890 et

704 3944 854 4014 similium
881 3941 998 4016 diebus
1023 3942 1118 4017 lestis
1151 3940 1354 4028 celebratas,
1387 3941 1469 4034 ipsis
1502 3949 1656 4034 tanquam
1687 3937 1858 4011 autoribus
1891 3938 2058 4010 atuibuere

704 4059 932 4154 postmodum,
960 4060 1111 4155 proclive
1137 4057 1198 4130 luit
1224 4055 1311 4153 apud
1336 4054 1485 4128 homines
1511 4054 1701 4144 illiteratos,
1728 4064 1763 4125 et
1790 4051 1938 4127 Griticac
1964 4056 2058 4127 amnis

705 4185 873 4271 expertes.
934 4175 1052 4273 Neque
1099 4175 1142 4247 de
1182 4173 1247 4247 hoc
1293 4181 1487 4264 argumento
1526 4171 1737 4245 verisimilius
1777 4170 1954 4267 quidquam
2000 4191 2057 4242 oc-

704 4296 815 4364 currit.

434 4416 473 4468 De
490 4417 539 4468 ritu
558 4431 624 4484 quae
645 4432 690 4468 τε·
805 4409 912 4482 ΧΧΠ.
939 4408 1102 4505 Reliquae
1127 4407 1298 4500 Liturgiae
1319 4415 1454 4478 autores
1469 4402 1591 4475 habent
1605 4403 1722 4499 procul
1740 4401 1861 4494 dubio,
1887 4404 1962 4477 illos
1977 4426 2057 4499 quo·

381 4502 774 4641 pqprioqbuqauroubuamm
799 4526 985 4600 nornirdbus
1013 4524 1236 4617 designantur.
1288 4522 1374 4594 Nam
1399 4520 1563 4593 lacobum
1588 4519 1813 4611 Edessenum‚
1840 4520 1977 4593 alterum
1999 4542 2056 4591 co-

433 4606 533 4643 uuuuu
702 4648 859 4738 gnomine
885 4641 1134 4735 Serugensem,
1158 4640 1304 4737 Moysen
1330 4634 1519 4732 Barcepba:
1547 4646 1581 4708 et
1607 4635 1691 4710 alios
1705 4639 1912 4709 recentiores
1935 4656 2056 4710 suanum

702 4772 837 4835 autores
863 4759 987 4851 fuisse,
1013 4781 1080 4831 uon
1107 4768 1159 4831 est
1185 4781 1245 4830 cur
1270 4755 1464 4829 dubitemus.
1516 4753 1723 4828 Jacobiticae
1750 4758 1871 4850 quippe
1892 4753 2056 4826 Ecclesiae

702 4902 744 4951 ea
772 4877 943 4974 disciplina
969 4876 1047 4965 luit,
1074 4886 1109 4947 ut
1135 4873 1294 4971 Episcopi
1321 4896 1481 4949 summam
1507 4874 1540 4943 in
1568 4876 1674 4946 sacris
1694 4871 1816 4944 Officiis
1843 4867 2056 4967 disponendis,

700 4994 921 5091 precibusque
948 4992 1138 5067 ordinandis
1164 4990 1324 5064 haberent
1349 4991 1575 5079 autoritatem
1611 5010 1696 5084 quac
1722 4991 1820 5059 etiam
1846 4989 1933 5058 iuter
1958 4984 2082 5081 Syros'

701 5113 809 5204 maj0r
836 5115 987 5206 omniuo,
1014 5134 1110 5207 quam
1138 5110 1224 5181 inter
1248 5109 1440 5205 Aegyptios
1465 5104 1536 5177 fuit
1564 5103 1695 5200 Quippe
1719 5101 1967 5181 Alexandrinus
1990 5097 2055 5169 Pa·
