4525 6034
696 573 772 648 508
1073 569 1691 649 OBSERVATIONES

696 779 763 823 cum
787 776 853 822 eam
875 757 906 818 in
928 755 1178 820 scholasticorum
1201 755 1315 838 aliquot
1337 755 1422 818 libris
1444 755 1582 836 legisset,
1604 774 1662 818 nec
1687 754 1765 817 illam
1788 754 1926 838 neglexit
1946 754 2058 818 Ladol·

694 858 755 937 ius,
777 857 864 940 quasi
885 855 988 920 verbis
1010 855 1069 919 illis
1088 854 1312 940 significaretur
1333 856 1423 917 etiam
1446 855 1677 918 consecratione
1692 853 1838 936 perlecta,
1861 873 1970 936 panem
1984 873 2061 933 esse,

694 960 726 1023 id
756 958 837 1040 quod
865 959 896 1019 in
927 957 1013 1020 altari
1043 954 1185 1035 offertur,
1215 962 1306 1037 atque
1333 953 1410 1018 adeo
1436 972 1499 1017 uon
1527 972 1597 1018 esse
1628 973 1702 1017 vere
1737 960 1769 1016 et
1795 954 1920 1017 realiter
1948 952 2062 1036 Corpus

697 1058 820 1123 Christi.
865 1057 977 1119 Verum
1000 1055 1037 1119 ad
1061 1055 1292 1138 comparandam
1313 1054 1467 1118 levissimo
1497 1052 1567 1117 huic
1589 1060 1767 1137 argumento
1789 1056 1997 1133 autoritatem,
2023 1055 2063 1115 ita

695 1168 730 1223 ut
752 1158 833 1240 quod
854 1156 1028 1220 Alhertinus
1048 1157 1155 1238 jactat,
1176 1162 1304 1237 possent
1333 1172 1371 1218 eo
1393 1153 1461 1217 solo
1483 1154 1597 1217 laudati
1618 1155 1826 1219 Protestautes
1853 1154 1893 1217 de
1914 1171 2063 1217 oensem

697 1261 828 1324 onmium
849 1255 1053 1320 Ecclesiarum
1075 1274 1179 1319 secum
1197 1255 1266 1337 Jure
1289 1253 1426 1336 gloriari,
1444 1254 1505 1317 duo
1519 1254 1604 1335 prius
1618 1253 1750 1336 probare
1772 1254 1946 1338 oportebat.
1968 1254 2063 1317 Primo

695 1359 755 1422 illis
778 1358 896 1420 verbis:
919 1355 977 1418 Hic
995 1356 1087 1435 panio
1109 1364 1155 1417 eat
1176 1374 1286 1436 corpus
1303 1373 1411 1430 meam
1433 1353 1598 1435 significari
1620 1353 1650 1416 id
1670 1353 1751 1434 quod
1774 1355 1962 1417 existimant:
1983 1353 2063 1417 sodi·

697 1467 748 1522 cet
768 1475 878 1540 panem
901 1455 1002 1519 verbis
1025 1454 1188 1519 Dominicis
1212 1461 1432 1532 consecratum,
1455 1454 1486 1515 in
1508 1455 1604 1535 prima
1617 1461 1793 1516 suanatura
1807 1470 1984 1516 remanere:
2007 1461 2064 1515 tum

695 1558 864 1638 Aethiopes
894 1555 1000 1619 eadem
1025 1556 1067 1617 ita
1096 1553 1283 1636 intelligere:
1318 1575 1395 1639 quac
1427 1559 1454 1620 si
1484 1557 1659 1638 probentur,
1689 1557 1770 1637 quod
1796 1544 1984 1637 impossihile
2010 1559 2063 1631 cst,

696 1664 839 1742 superest
870 1663 902 1718 ut
931 1655 1173 1734 demonstretur,
1209 1656 1382 1719 universam
1414 1656 1582 1721 Ecclesiam
1617 1656 1802 1719 Orientalern
1828 1659 1861 1718 in
1888 1653 2063 1734 Aethiopica

697 1758 855 1833 contineri,
878 1764 909 1819 et
932 1756 970 1818 ab
993 1773 1029 1817 ea
1053 1755 1209 1836 accepisse
1232 1754 1357 1818 formam
1376 1756 1530 1834 credendi,
1552 1756 1714 1838 legemque
1727 1755 1935 1838 supplicandi.
1958 1755 2064 1817 Verum

696 1858 726 1922 id
750 1856 880 1920 fortasse
902 1853 1020 1933 inisset,
1044 1854 1133 1916 modo
1155 1853 1363 1937 Aethiopicam
1384 1855 1568 1937 Ecclesiam,
1596 1855 1714 1936 qualem
1735 1855 1816 1917 illam
1838 1855 1927 1918 uobis
1950 1853 2065 1916 descri-

695 1957 741 2021 bit
760 1954 916 2033 heloisae,
940 1972 1035 2035 purae
1057 1953 1099 2016 illi
1122 1953 1320 2035 Apostolicae
1343 1974 1431 2037 qum
1453 1955 1629 2019 simillimam
1651 1973 1722 2018 essa
1745 1962 1911 2019 constaret.
1945 1953 1979 2015 ld
2000 1953 2064 2034 qui·

697 2057 766 2121 dem
795 2054 971 2119 sevidisse
998 2054 1130 2136 putavit,
1161 2062 1192 2117 et
1222 2054 1383 2118 inculcavit
1412 2057 1547 2138 saepius,
1576 2071 1742 2136 verumque
1775 2056 1850 2132 erit,
1885 2072 1955 2116 cum
1981 2055 2063 2115 unius

696 2164 823 2221 naturae
845 2155 997 2233 haeresin,
1019 2154 1252 2234 superstitiones
1274 2154 1416 2218 Judaicas
1443 2155 1561 2234 multas,
1583 2153 1801 2236 polygamiam‚
1829 2153 1985 2234 multaque
2013 2151 2064 2215 alia

695 2255 881 2339 hujusmodi,
900 2254 1023 2336 puritati
1045 2252 1116 2315 fidei
1148 2252 1386 2336 disciplinaeque
1407 2253 1603 2337 Apostolicae
1625 2254 1743 2317 inimica
1765 2270 1827 2316 non
1850 2271 1934 2332 esse,
1956 2252 2064 2334 proha·

696 2357 777 2420 verit
798 2354 907 2436 aliquis
935 2354 1003 2436 ejus
1030 2351 1207 2433 discipulus.
1256 2353 1370 2417 Demus
1399 2354 1441 2417 ita
1466 2353 1591 2433 factam,
1621 2353 1680 2416 erit
1714 2351 1810 2416 adhuc
1838 2351 2063 2430 ostendendum,

697 2473 757 2536 qua
778 2454 897 2517 ratione
919 2451 1086 2532 Aethiopes
1100 2449 1334 2516 Alexandrinam
1346 2453 1525 2533 Ecclesiam,
1548 2471 1640 2534 aqua
1662 2451 1772 2515 dudum
1794 2452 1941 2534 pendent,
1964 2450 2064 2533 Syria·

697 2574 750 2619 cas
773 2572 894 2636 quoque
916 2552 1181 2629 tamlacohiticas,
1204 2571 1292 2633 quam
1306 2553 1501 2616 Nestorianas
1523 2550 1582 2617 ide
1605 2559 1636 2616 et
1657 2552 1790 2616 moribus
1814 2554 1878 2615 suis
1902 2552 2063 2629 imbuerint,

697 2671 758 2735 quo
780 2652 853 2715 nihil
876 2651 1046 2718 absurdius.
1304 2647 1309 2657 “

785 2750 948 2814 Praeterea
969 2751 1000 2814 in
1022 2750 1081 2813 illis
1104 2750 1219 2828 verbis,
1241 2750 1300 2814 Hic
1318 2754 1411 2831 panio
1432 2761 1480 2814 ert
1497 2751 1615 2832 Corpus
1634 2771 1750 2815 meum:
1773 2770 1840 2814 curn
1852 2752 2065 2833 pronunciatur

697 2852 793 2933 prima
815 2851 885 2929 duo,
908 2868 1017 2932 panem
1038 2849 1068 2913 id
1091 2868 1162 2913 esse
1178 2849 1349 2930 quoderat,
1372 2851 1451 2915 ultro
1464 2853 1672 2935 agnoscimus:
1696 2871 1763 2915 oum
1786 2859 1848 2915 tota
1872 2852 1972 2914 oratio
1994 2868 2063 2931 pro-

697 2951 759 3015 lata
781 2957 843 3032 est,
867 2949 1042 3032 simpliciter
1069 2949 1280 3034 intelligimus,
1307 2950 1338 3012 id
1368 2952 1448 3030 qnod
1476 2953 1564 3034 panis
1593 2960 1676 3028 erat,
1706 2969 1777 3014 csso
1805 2969 1922 3032 corpus
1952 2950 2063 3014 Christi

696 3052 765 3116 Non
788 3057 873 3113 recte
895 3048 1007 3113 fecisse
1029 3049 1170 3113 videntur
1192 3051 1371 3131 quicumue
1397 3050 1556 3114 additionis
1577 3051 1741 3115 verborum
1761 3050 1820 3114 Hie
1837 3054 1945 3131 panis,
1967 3057 2063 3113 contra

697 3151 883 3232 reliquarum
910 3149 1115 3212 Ecclesiarum
1144 3148 1347 3230 disciplinam,
1385 3150 1610 3214 Alexandrinae
1643 3152 1823 3232 praesertim
1864 3152 1915 3213 cui
1945 3149 2062 3231 subjecti

698 3259 795 3328 erant,
819 3257 942 3312 autores
965 3247 1100 3311 luerunt:
1130 3268 1188 3330 per
1215 3248 1295 3311 illam
1324 3257 1425 3313 tamen
1447 3252 1599 3331 corrumpi
1622 3251 1741 3331 penitus
1769 3252 1829 3312 vim
1857 3250 1972 3315 Christi
1997 3265 2062 3311 ver-

698 3351 816 3427 borum,
839 3346 1011 3430 effectuque
1030 3366 1087 3411 suo
1106 3348 1157 3410 illa
1172 3348 1307 3428 spoliari,
1329 3366 1390 3411 non
1405 3349 1482 3412 adeo
1496 3358 1612 3413 certum
1634 3357 1692 3428 est,
1715 3357 1748 3413 ut
1769 3350 1874 3412 vocari
1897 3353 1930 3412 in
1952 3349 2061 3412 dubium

699 3456 841 3530 nequeat.

787 3545 974 3610 Probanduru
997 3545 1089 3629 igitur
1110 3544 1270 3610 Alhertino
1299 3554 1330 3610 et
1351 3545 1478 3610 Ludolfo
1501 3546 1570 3610 fuit:
1599 3547 1766 3629 Aethiopes
1795 3566 1864 3611 cum
1888 3550 1919 3619 in
1942 3567 1995 3611 sna
2014 3546 2061 3608 hi-

700 3648 801 3730 turgia
823 3646 940 3723 dicunt,
969 3645 1028 3708 Hic
1045 3648 1139 3726 ponis
1160 3653 1208 3707 est
1227 3644 1345 3726 Corpus
1371 3666 1484 3723 mam,
1512 3646 1659 3726 credere,
1689 3648 1767 3711 istud
1796 3648 1879 3730 quod
1910 3653 2060 3711 tenentet

700 3747 814 3825 vident,
836 3761 945 3826 panem
968 3744 1064 3808 adhuc
1087 3764 1168 3823 esse,
1193 3763 1254 3809 non
1277 3763 1388 3826 corpus
1411 3745 1533 3809 Christi.
1562 3746 1603 3809 At
1625 3746 1667 3809 illi
1689 3765 1772 3810 suam
1793 3748 1851 3830 ipsi
1874 3749 1976 3811 statim
1995 3764 2060 3810 sen-

699 3849 821 3910 tentiam
844 3844 1005 3926 explicant,
1029 3861 1095 3908 cum
1117 3852 1187 3926 post
1209 3847 1408 3926 pronunciata
1434 3864 1522 3909 sacra
1538 3846 1634 3910 verba
1649 3847 1788 3910 inclamat
1799 3848 1947 3930 populus.
1966 3847 2060 3923 Aaou,

699 3946 804 4021 Aaron,
826 3943 931 4010 Amen.
962 3943 1119 4006 Credimus
1140 3953 1170 4007 et
1191 3947 1267 4007 certi
1287 3963 1399 4022 sumtu,
1421 3955 1452 4009 ot
1472 3947 1632 4008 tondamus
1653 3955 1682 4009 te
1702 3946 1831 4009 Domine
1850 3947 1939 4010 Deua
1958 3954 2060 4009 nostru

699 4048 758 4109 hoc
779 4064 851 4108 nere
873 4051 919 4105 cst
939 4063 1050 4124 empus
1072 4052 1163 4109 amm.
1206 4044 1313 4126 Neque
1335 4044 1446 4123 dieunt,
1470 4047 1621 4109 credimus
1641 4047 1720 4110 hunc
1738 4065 1849 4126 panem
1871 4067 1941 4110 ease
1962 4063 2060 4125 comit

700 4152 792 4207 mum.
836 4143 972 4206 Doceant
994 4162 1051 4206 nos
1075 4145 1125 4224 qui
1148 4141 1316 4206 Ecclesiam
1332 4134 1516 4208 Catholicam
1537 4147 1722 4228 impugnant,
1744 4164 1806 4209 non
1827 4146 1901 4228 quid
1915 4146 2058 4209 Ecclesiae

701 4242 884 4321 Orientales,
907 4250 938 4306 et
966 4244 1034 4325 ipsa
1064 4242 1102 4307 de
1131 4262 1190 4325 qua
1218 4244 1334 4326 agimus
1362 4243 1541 4325 Aethiopica
1568 4244 1606 4308 de
1639 4245 1833 4311 sacramento
1862 4245 2058 4309 Eucharistiae

701 4342 842 4419 credant,
871 4342 926 4405 sed
954 4361 1010 4405 cur
1038 4342 1213 4407 Albertinus
1244 4344 1292 4406 vir
1321 4343 1452 4408 infinitae
1480 4344 1636 4423 lectionis,
1665 4344 1869 4427 Ludoliusque
1894 4364 1913 4408 a
1935 4361 2007 4426 quo,
2031 4347 2058 4403 ut

700 4442 806 4534 herici
828 4450 935 4507 autore
957 4451 1099 4505 accurato
1121 4450 1153 4505 et
1181 4443 1325 4527 diligente
1354 4442 1497 4526 quidquid
1518 4443 1698 4525 Aethiopica
1721 4443 1833 4507 editum
1854 4453 1914 4524 est,
1936 4440 2057 4526 syllaba·

701 4543 753 4604 tim
776 4542 886 4605 lectum
909 4540 973 4621 luit,
996 4541 1082 4605 istius
1104 4544 1249 4606 orationis
1278 4543 1459 4608 mentionem
1482 4542 1591 4605 nullam
1613 4542 1750 4620 fecerim,
1773 4562 1852 4625 quae
1876 4541 2057 4627 ambiguitate

702 4642 782 4705 omni
805 4642 910 4705 caret?
933 4640 1157 4705 Calumniamne
1179 4642 1354 4706 doctoribus
1384 4644 1448 4706 suis
1467 4643 1592 4726 impingi
1614 4643 1733 4724 dicent,
1764 4661 1832 4706 cum
1861 4644 1967 4707 malam
1993 4641 2056 4723 ipsis

701 4740 791 4804 fidem
813 4740 1087 4824 exprobrabimus?
1122 4741 1155 4806 Si
1177 4743 1216 4805 de
1238 4742 1295 4805 hac
1318 4743 1455 4806 oratione
1477 4740 1666 4822 dubitabant,
1696 4741 1785 4807 facilc
1812 4752 1879 4807 erat
1908 4762 1972 4807 eam
1998 4757 2055 4803 con

703 4840 830 4919 Coptica
853 4859 1041 4923 comparare,
1073 4849 1163 4923 atque
1192 4860 1232 4904 ex
1253 4842 1302 4904 illa
1332 4843 1556 4923 comparatione
1583 4844 1727 4907 autoritas
1757 4845 1823 4928 ejus
1853 4841 2053 4907 stabihebatur.

704 4937 832 5019 Scimus,
854 4956 913 5002 nee
935 4939 973 5003 ab
996 4940 1071 5020 ipsis
1093 4939 1260 5019 didicimus,
1283 4942 1411 5025 aliquam
1440 4940 1479 5004 dc
1500 4940 1580 5005 illius
1601 4942 1705 5007 brevis
1728 4943 1929 5007 consessionis
1950 4937 2055 5024 signifi·

705 5046 774 5101 eatu
796 5039 911 5104 moveri
932 5057 1025 5122 posse
1047 5041 1264 5122 quaestionem,
1288 5050 1319 5106 et
1340 5042 1420 5105 illam
1440 5042 1471 5105 in
1489 5040 1711 5108 Commentario
1733 5043 1770 5107 ad
1783 5043 1885 5107 Basilii
1903 5039 2052 5122 Litargiau
