4525 6034
769 573 1211 655 otvtnaroi
1608 582 1679 660 141

288 766 488 862 μέλλοντες,
514 757 575 834 και
600 789 666 858 την
688 757 883 860 τριήμερόν
903 762 964 838 καὶ
1006 769 1211 887 nuntiantes,
1248 778 1282 842 et
1312 768 1496 844 triduanam
1521 771 1680 847 heamm-

287 865 473 963 μακαρίαν
500 861 612 939 αὑτοῦ
642 868 681 937 ἐκ
708 873 873 995 νεκρῶν
868 863 963 941 ἀνά·
1006 892 1071 963 que
1098 873 1171 962 ejus
1198 895 1218 942 a
1244 876 1382 945 mortuis
1399 882 1679 952 resurrectionem

288 992 420 1044 στασιν
447 968 725 1066 ὁμολογοῦντας,
751 968 811 1042 καί
831 968 899 1065 την
915 974 961 1056 εἰς
1005 973 1242 1065 confitentess
1233 998 1266 1047 ιιι
1274 976 1391 1049 coelos
1403 1001 1535 1075 quoque
1549 1004 1677 1054 ascen-

288 1070 476 1205 οὐρανούς
485 1070 669 1169 ἀνάληψιν
694 1072 959 1173 ὁμολογοῦμεν,
1003 1080 1132 1157 sionem
1146 1030 1341 1153 coniitemur
1348 1090 1531 1178 ‚tuamque
1550 1109 1569 1157 a
1585 1086 1677 1158 dex-

286 1206 348 1251 και
371 1176 439 1272 την
461 1180 500 1250 ἐκ
524 1174 654 1256 δεξιῶν
682 1201 750 1250 σου
772 1184 839 1250 τοῦ
866 1180 959 1253 θεοῦ
1001 1183 1082 1252 teris
1104 1183 1168 1255 Dei
1198 1186 1244 1254 tui
1274 1193 1308 1255 et
1335 1183 1444 1257 Patris
1470 1187 1677 1281 cathedram,

285 1281 348 1355 καὶ
362 1279 496 1377 πατρός
511 1278 783 1377 καθέδραν,καὶ
797 1279 865 1377 τὴν
878 1280 962 1357 dav-
1005 1307 1137 1358 necnon
1171 1287 1352 1360 secundum
1378 1299 1412 1360 et
1438 1289 1617 1364 terribilem
1645 1305 1679 1367 et

284 1392 394 1509 πέραν
408 1381 704 1515 adimplevimus
695 1384 961 1483 φοβιράναό-
1003 1389 1209 1462 tremendum
1242 1393 1314 1482 eJ'us
1348 1392 1527 1466 adventum
1559 1419 1674 1493 expe-
1704 1390 1708 1401 ’

283 1497 378 1563 τοῦ
368 1486 903 1584 παροισίανάπικάοχόμινοι,’
885 1520 924 1565 εν
937 1485 960 1586 ᾗ
1003 1503 1145 1582 etentes,
1171 1497 1204 1565 in
1224 1517 1290 1589 quo
1316 1506 1477 1570 venturus
1505 1509 1557 1570 est
1578 1501 1675 1591 J'udi-

282 1598 404 1689 μιλλει
413 1594 583 1691 ἔρχεσθαι
593 1620 713 1689 νριναι
724 1588 958 1682 ζῶντας
869 1621 930 1666 ναι
1002 1619 1081 1669 carc
1106 1599 1206 1671 vivos
1233 1606 1267 1669 et
1291 1609 1442 1673 mortuos
1472 1604 1506 1673 in
1536 1605 1675 1695 justitia,

282 1693 478 1796 νικροόςὲν
490 1694 712 1791 ἀικαιοσόνη,
725 1724 785 1770 και
776 1694 958 1771 ἀποάοό-
1001 1711 1036 1772 et
1051 1701 1212 1790 reddere,
1228 1711 1291 1774 etc
1313 1701 1407 1793 Tibi,
1424 1703 1568 1778 Domine
1580 1708 1674 1781 Deus

281 1798 453 1876 νααΣοὶ
468 1798 569 1897 κύριε
586 1829 606 1873 ο
596 1798 747 1883 ‘dada‘
725 1807 831 1895 ημῶν
847 1800 892 1875 cd
909 1800 956 1874 σά
999 1813 1133 1925 noster,
1162 1828 1249 1899 quae
1267 1816 1322 1877 tua
1339 1817 1431 1897 sunt,
1459 1808 1501 1880 do
1522 1813 1584 1883 tuis
1601 1809 1673 1884 bo-

281 1910 322 1978 ἐκ
343 1912 419 1979 τῶν
443 1913 520 1980 σῶν
546 1901 679 2000 ἀώρων
700 1901 957 2000 προεθήκαμεν
999 1911 1051 1978 nis
1093 1906 1177 1981 haec
1209 1913 1444 2005 proposuimus
1479 1934 1594 1985 coram
1628 1925 1672 1988 te

280 2006 439 2084 ε’νῶπιόν
453 2035 532 2082 σου.
560 2006 633 2082 Knu
648 2004 808 2101 ἀιόιιεθα
821 2007 957 2083 καὶπα-
998 2010 1183 2085 Enimvero
1211 2024 1244 2084 te
1269 2035 1429 2106 rogamus
1456 2025 1490 2087 et
1504 2015 1671 2090 obsecra-

280 2118 512 2209 ρακαλουμιν
521 2138 560 2186 σε
568 2108 809 2209 φιλανθρῶπε
822 2110 955 2210 ἀγαθέ,
998 2138 1092 2204 mus,
1119 2119 1253 2208 generis
1280 2115 1412 2189 humani
1425 2129 1555 2192 amator
1569 2120 1672 2209 hone,

279 2215 534 2296 ἐξαπόστειλον
555 2215 634 2295 ἐξ(
619 2216 735 2312 όηιους
756 2222 823 2290 τοι)
847 2215 955 2317 ἀγίου
997 2228 1033 2290 ut
1059 2224 1190 2293 emittas
1217 2220 1357 2293 exalto
1384 2230 1500 2295 sancto
1528 2233 1603 2311 tuo,
1625 2248 1672 2298 ex

279 2346 360 2409 σου,
375 2322 451 2400 ἐξ
432 2319 954 2446 ιτοίμουκατσικητηρίουσαυ,
996 2334 1198 2419 praeparatu
1226 2323 1413 2397 habitaculo
1441 2336 1517 2416 tuo,
1546 2350 1592 2399 ex
1613 2331 1671 2400 in-

279 2428 320 2499 ἐκ
356 2431 431 2500 τῶν
473 2421 750 2524 ἀπιριγράπταιν
787 2421 953 2515 κόλπων,
996 2429 1253 2523 circumscriptis
1280 2429 1417 2501 sinubus
1447 2432 1529 2518 tuis,
1562 2435 1670 2526 ipsum

278 2526 474 2602 condrada
490 2526 732 2627 παράκλητον,
750 2525 792 2601 τό
810 2535 952 2622 πνεῦμα
995 2528 1204 2602 Paracletum
1206 2530 1387 2627 ,Spiritum
1401 2535 1564 2623 veritatis,
1585 2558 1670 2607 san-

277 2639 340 2727 τῆς
362 2630 545 2729 ἀληθείας,
567 2630 633 2706 τόν
656 2631 776 2732 ἅγιον,
796 2630 862 2707 τόν
886 2630 952 2707 κό-
995 2643 1094 2724 ctum,
1121 2636 1318 2724 Dominum,
1344 2636 1587 2727 vivificantem,
1615 2640 1671 2734 qui

278 2765 374 2835 ριον,
398 2733 465 2810 τόν
486 2732 737 2825 ζωοποιόν,
697 2764 764 2809 τον
786 2739 825 2810 ἐν
847 2734 951 2832 νόιια)
996 2738 1029 2807 ἰιι
1055 2736 1170 2831 Lege,
1206 2749 1240 2811 et
1270 2739 1465 2835 Prophetis,
1500 2751 1534 2812 et
1566 2744 1670 2838 Apo-

277 2868 338 2912 και
359 2868 559 2937 πραηνταις
571 2867 629 2914 και
622 2837 862 2922 ἀποστόλοις
884 2805 954 2915 itu-
996 2840 1091 2914 stolis
1118 2842 1248 2916 locutus
1264 2853 1333 2914 est.
1360 2866 1416 2937 qur
1408 2842 1548 2940 ubique
1562 2846 1669 2935 adest,

277 2949 407 3040 λῆσαν,
428 2941 471 3018 τό
486 2950 673 3039 πανταχοῦ
686 2942 804 3041 παρόν
824 2972 885 3018 και
906 2941 952 3018 τά
996 2956 1031 3016 et
1057 2948 1168 3017 omnia
1194 2945 1318 3041 replet,
1353 2957 1386 3019 et
1418 2958 1577 3043 operatur
1608 2971 1669 3024 sua

277 3045 398 3122 πάντα
421 3052 595 3145 πληροῦν,
620 3051 861 3174 ἐνιργοῠνιε
845 3045 952 3121 αάτε-
996 3052 1163 3144 potentia,
1189 3072 1257 3121 non
1279 3059 1432 3146 tanquam
1452 3054 1618 3142 minister,
1635 3055 1669 3126 in

276 3152 446 3242 ξουσὶαις,
477 3180 522 3226 cv
511 3149 823 3241 ἀιακονικῶς,’
805 3149 861 3250 αρ’
891 3148 952 3236 οὓς
994 3151 1113 3247 quihus
1148 3153 1239 3251 vult,
1275 3155 1569 3227 sanctificationem
1604 3179 1666 3251 pro

276 3252 504 3352 βούλεται
464 3285 530 3330 τον
549 3253 885 3355 ἀγιασμόνιόάοκίᾳ
907 3261 952 3352 τῇ
992 3252 1203 3376 heneplacito
1245 3266 1320 3330 tuo:
1360 3257 1503 3353 simplex
1537 3270 1666 3350 natura,

275 3366 335 3454 σῇ,
349 3389 391 3434 το
382 3358 548 3434 ἁπλοῦν
562 3358 630 3455 τὴν
646 3359 775 3458 φύσιν,
789 3389 831 3433 το
821 3357 950 3457 πλη-
992 3362 1025 3430 in
1059 3359 1153 3455 plura
1189 3360 1314 3434 divisus
1348 3373 1443 3452 actu,
1479 3361 1665 3435 divinorum

274 3468 378 3560 μερὲς
393 3492 460 3558 την
469 3468 735 3564 ινιργιιαν,την
747 3470 822 3539 τῶν
834 3464 949 3538 θείων
992 3462 1223 3536 charismatum
1242 3464 1335 3578 lons,
1362 3464 1419 3536 tihi
1434 3465 1663 3538 consubstan-

272 3563 514 3699 χαρισμόταιν
530 3566 665 3699 πηγήν
679 3565 722 3642 τό
741 3592 799 3640 σοι
809 3596 949 3661 ομοου-
992 3567 1094 3655 tialis,
1121 3591 1168 3639 ex
1194 3579 1228 3640 te
1251 3554 1459 3664 procedens,
1486 3571 1520 3642 in
1546 3569 1663 3642 throno

273 3691 374 3744 σιυν·
388 3669 430 3745 τό
455 3675 494 3744 ἐκ
507 3679 577 3744 σοῦ
593 3668 886 3766 ἐκπορευόμενον,
904 3668 946 3745 τό
990 3674 1085 3762 regni
1120 3674 1165 3743 tui
1201 3682 1309 3745 tecum
1341 3673 1481 3763 sedem,
1520 3683 1553 3744 et
1589 3696 1664 3746 cum

273 3773 492 3872 σύνθρονον
506 3783 567 3870 τῆς
584 3775 766 3871 βασιλιῶς
788 3800 869 3863 σου,
886 3773 947 3847 και
989 3778 1159 3866 unigenito
1186 3775 1272 3849 Filio
1300 3787 1356 3848 tuo
1370 3778 1513 3849 Domino
1542 3787 1575 3848 et
1587 3779 1662 3850 Deo

271 3885 343 3952 τοῦ
361 3886 581 3976 μονογενοίς
594 3903 662 3953 σου
677 3880 770 3965 υἱοῦ,
792 3886 859 3953 τοῦ
876 3905 946 3953 κυ-
989 3887 1023 3949 et
1049 3878 1235 3952 Servatore
1260 3891 1377 3954 nostro
1404 3881 1486 3952 lesu
1515 3879 1662 3955 Christo.

271 3983 357 4076 ριόυ
378 3981 438 4056 καὶ
460 3985 552 4056 θεοῦ
576 3981 637 4056 καὶ
659 3989 818 4080 σωτῆρος
840 3982 945 4077 ἡμῶν
987 3979 1109 4053 Emitte
1144 3993 1322 4078 praeterea
1362 4006 1464 4078 super
1502 4007 1584 4072 nos,
1628 3995 1662 4057 et

267 4084 566 4181 ῚλσθῦΧθισϊθῦ·
575 4085 649 4161 Ἔτι
659 4084 761 4184 ‘iiie'
773 4085 876 4184 ἡμᾶς,
885 4085 946 4159 καὶ
988 4107 1222 4180 superpones
1249 4097 1283 4158 et
1309 4087 1433 4160 calices
1467 4090 1550 4159 istos
1576 4087 1661 4182 Spi-
1773 4129 1780 4144 ·

269 4188 327 4263 ἐπὶ
343 4187 428 4273 τοός
442 4187 739 4286 ἄρτουςτοότους,
753 4188 814 4264 καὶ
828 4187 884 4264 ἐπὶ
898 4188 944 4264 τό
987 4191 1083 4260 ritum
1098 4199 1246 4263 sanctum
1268 4201 1374 4280 mum,
1401 4199 1436 4262 ut
1452 4213 1513 4262 eos
1527 4194 1659 4265 sancti-

268 4291 426 4391 ποτήρια
446 4301 573 4384 ταῦτα,
591 4292 634 4367 τό
651 4294 793 4389 πνεῦμά
813 4318 882 4368 σου
900 4292 943 4368 τό
985 4291 1063 4363 ficet
1089 4301 1123 4363 et
1150 4303 1345 4383 consecret,
1378 4304 1531 4389 tanquam
1565 4295 1658 4366 Deus

266 4396 389 4497 ἅγιον,
404 4401 465 4473 oa
479 4396 571 4472 αότά
585 4395 718 4499 όηιάση
731 4425 792 4472 και
782 4396 943 4473 τελειῶ-
986 4399 1218 4492 omnipotens,
1244 4349 1351 4469 Elath
1376 4420 1477 4487 noce,
1506 4407 1540 4469 et
1556 4396 1659 4469 iaciat

265 4526 326 4595 ση,
344 4501 392 4585 ῶς
407 4500 686 4596 παντοάόναμος
696 4498 821 4585 dadas
817 4505 942 4600 Εκφῶ-
984 4522 1106 4594 panem
1133 4498 1265 4595 quidem
1292 4522 1424 4596 corpus.

264 4640 339 4693 νας
348 4604 425 4679 ναι
415 4632 546 4704 ποιηση
554 4635 619 4681 τον
624 4611 693 4701 μιν
701 4633 815 4703 αρτον
823 4630 940 4701 σῶμα

316 4712 475 4799 ὉΛαός.
509 4708 630 4807 Ἀμήν.
1036 4708 1198 4801 Populea.
1250 4710 1371 4780 Amen

467 4859 605 4945 Ἷθλρεὺς
621 4860 743 4936 reparas
1149 4865 1290 4931 &cados
1310 4864 1385 4927 ιλσισ
1406 4880 1483 4930 noce

323 5005 373 5081 Τό
391 5005 432 5081 δὲ·
444 5000 731 5133 ποτήριαν,αἷμα
745 5010 806 5100 τῆς
817 5010 939 5101 καινῆς
1034 4999 1182 5075 Calicem
1198 5005 1324 5083 autem,
1352 4996 1545 5087 sangumem
1563 4992 1653 5066 Novi

261 5110 467 5210 διαθήκης,
492 5109 605 5186 αὑτοῦ
629 5138 695 5186 του
723 5107 852 5209 κυρίου
877 5107 938 5183 και
980 5104 1238 5194 Testamenti,'
1228 5103 1333 5198 ipsius
1357 5100 1491 5175 Domini
1517 5109 1551 5172 et
1571 5098 1648 5186 nai,
