4525 6034
348 4035 416 4097 Quid
430 4037 463 4091 de
478 4041 636 4093 sesentien-

248 4123 395 4189 ‚dnm

650 568 828 681 nxnnv
1164 564 1541 647 nrssrrrnrro

649 767 686 832 et
720 761 865 832 omnium
898 755 1127 830 Ecclesiamm
1162 754 1400 830 consuetudine
1433 757 1515 828 satis
1546 752 1718 827 refellitur.
1770 754 1891 851 Neque
1916 761 2025 829 minus

649 875 788 948 ridicula
816 897 903 970 quac
929 885 1126 970 sequuntur:
1153 895 1263 969 neque
1289 894 1421 945 sacram
1446 870 1651 967 Scripturam
1678 879 1734 942 aut
1758 893 1876 945 sacros
1901 869 2024 943 Cano-

649 1014 711 1066 nes
745 992 787 1064 de
822 990 974 1084 Liturgia
1010 1015 1030 1064 a
1062 990 1180 1063 Marco
1213 993 1338 1085 scripta
1380 985 1557 1083 quidquam
1589 986 1776 1061 tradidisse.
1829 986 2024 1075 Trullanum

651 1108 785 1205 midam
820 1107 991 1182 (lenonem
1025 1108 1066 1183 n
1097 1111 1143 1179 ait
1174 1107 1289 1178 testari
1324 1102 1500 1177 aJacobo
1536 1107 1693 1200 scriptam
1724 1102 1927 1197 Liurgiam,
1962 1102 2026 1175 sed

651 1247 727 1296 cum
752 1247 863 1320 neque
888 1224 1108 1320 Apostolicus
1135 1222 1253 1296 Canon
1285 1220 1457 1294 LXXXV.
1490 1230 1547 1293 ant
1580 1218 1668 1292 LIX.
1699 1218 1931 1309 Laodicenos,
1967 1221 2024 1314 qni

651 1362 823 1414 sacrorum
848 1340 1009 1413 librorum
1034 1338 1177 1411 indicem
1203 1338 1299 1429 dant,
1326 1337 1453 1410 illarum
1465 1336 1690 1430 Liturgiarum
1715 1340 1933 1425 meminerint,
1954 1358 2023 1408 non

650 1479 729 1530 esse
754 1454 973 1553 recipiendas.
1025 1452 1132 1532 Ἀλλοί
1158 1450 1220 1528 καί
1251 1453 1276 1551 ἦ
1310 1449 1492 1549 καθολικῆ
1525 1452 1692 1549 ἐκκλησία
1724 1458 1791 1526 τοῦ
1818 1447 2022 1553 elymaitae

648 1572 709 1648 καί
735 1574 985 1666 οἰκουμενικοῠ
1008 1568 1154 1670 θρόνου
1178 1576 1239 1668 τῆς
1254 1564 1691 1659 Καινσταντινσυπόλεως,
1717 1565 1796 1644 οὐδ’
1816 1565 1907 1653 ὅλως
1927 1564 2021 1643 ταύ-

648 1716 711 1775 τας
735 1684 971 1790 ἐπιγινώσκει.
1004 1683 1248 1788 Ψηφιζόμεθα
1274 1683 1341 1764 οὖν
1365 1683 1422 1784 μή
1447 1683 1537 1762 εἶναι
1564 1683 1690 1769 dentale
1713 1681 1833 1770 αὐτάς·
1858 1683 1929 1782 κᾷν
1947 1682 2020 1786 γὰρ

649 1810 834 1906 ἐγίνοντο,
870 1810 1065 1890 παντελοῦς
1096 1801 1272 1903 ἀπραξίας
1310 1804 1639 1903 nocturnale-inpono
1672 1800 1721 1886 αίς
1754 1805 1817 1876 καί
1849 1800 1942 1878 ἄλλα
1975 1799 2020 1876 τοί

647 1918 773 1998 πολλοί
831 1922 953 2016 Neque
986 1925 1089 1993 etiam
1124 1921 1304 1993 Collolico
1337 1922 1540 1992 concionari
1571 1926 1607 1991 ct
1639 1919 1853 1990 Οοοεααοαίαί
1892 1919 2021 1991 iltroni

648 2038 961 2132 Constantinopolin
984 2038 1147 2111 maleno
1179 2036 1247 2108 ullo
1279 2036 1379 2107 modo
1412 2035 1491 2108 illos
1515 2036 1691 2130 Litnrpior
1717 2038 1881 2131 opnoacil.
1919 2037 2019 2108 Pro-

646 2157 844 2227 noncioanrn
868 2156 974 2249 ipitor
999 2175 1069 2225 noo
1095 2175 1169 2226 ecoe
1194 2153 1258 2225 lton
1274 2153 1501 2247 recipiendos.
1553 2153 1631 2224 Elei
1646 2155 1733 2222 enim
1759 2152 1803 2223 ab
1829 2155 1874 2224 iis
1897 2156 2019 2246 foetae

646 2274 733 2360 sint,
760 2271 805 2343 ob
832 2272 923 2341 omni
948 2294 1011 2342 aaa
1035 2292 1164 2342 cacare
1181 2269 1360 2363 jubentur,
1387 2274 1426 2339 ot
1450 2275 1486 2340 ct
1509 2268 1613 2348 ηιοίίο
1638 2268 1720 2339 alin
1767 2267 1853 2340 Mox
1878 2271 2020 2364 repetita

649 2409 748 2482 quam
774 2385 960 2457 adduxerat
986 2389 1135 2477 ratione,
1161 2395 1196 2458 et
1222 2385 1319 2457 ducto
1347 2384 1504 2480 exemplo
1532 2383 1574 2457 ab
1602 2406 1644 2458 eo
1677 2383 1766 2479 quod
1799 2387 1889 2457 circa
1913 2383 2019 2479 Apo-

648 2499 786 2575 stolicas
814 2498 1096 2592 constitutiones,
1122 2512 1157 2574 et
1184 2499 1363 2574 Clementis
1388 2499 1560 2596 Epistulas
1586 2500 1769 2573 decernunt
1797 2498 1914 2573 Canon
1929 2499 2018 2573 VIII.

647 2616 889 2714 Apostolorum
916 2628 950 2689 et
975 2617 1015 2690 Π.
1042 2616 1240 2707 Trullanus,
1266 2620 1312 2689 ita
1338 2617 1512 2690 concludit.
1546 2612 1614 2691 Διοί
1633 2644 1692 2689 τοι
1710 2623 1819 2690 τοῦτο
1841 2620 1902 2690 καί
1916 2614 2023 2715 ὀφεί-

649 2739 777 2810 λουσιν
802 2738 914 2807 πᾶσαι
940 2735 978 2807 oi
1002 2735 1184 2831 ἐκκλησίαι
1208 2739 1277 2809 τοῦ
1305 2739 1395 2809 Θεοῦ
1425 2731 1645 2809 ἀκολουθεῖν
1675 2739 1727 2829 τῷ
1751 2736 1829 2808 ἔθει
1854 2738 1916 2830 τῆς
1939 2738 2021 2817 νίας

648 2843 802 2946 Ῥώμης,
837 2849 917 2947 ἦτοι
949 2856 1011 2947 τῆς
1037 2846 1477 2941 Κωνσταντινουπόλεως,
1509 2853 1571 2924 καί
1602 2851 1799 2951 ἱερουργεῖν
1832 2847 1924 2924 κατὰ
1957 2849 2022 2934 τοὶς

646 2963 862 3065 παραδόσεις
886 2974 963 3041 τῶν
987 2963 1158 3068 μεγάλων
1183 2964 1434 3063 διδασκάλων,
1460 2966 1521 3040 καί
1541 2963 1747 3067 φωστὴρανν
1765 2971 1825 3064 τῆς
1843 2963 2020 3062 εὐσεβείας

645 3087 713 3156 τοῦ
742 3081 850 3185 ἁγίου
882 3081 1050 3160 Ἰωάννου
1080 3090 1148 3159 τοῦ
1177 3081 1470 3183 Χρυσοστόμοα,
1501 3084 1567 3156 καί
1593 3090 1660 3158 τοῦ
1683 3082 1791 3183 αῗγίου
1815 3084 2019 3158 Βασιλείαν.

648 3200 866 3296 Quapropter
892 3222 1007 3273 omnes
1032 3202 1214 3273 Ecclesiae
1239 3201 1310 3273 Dei
1335 3203 1432 3296 ισηαί
1457 3199 1581 3272 debent
1605 3222 1732 3272 morem
1756 3222 1867 3272 nocco
1883 3201 2019 3272 Romae

645 3318 799 3388 nimirum
827 3315 1156 3410 Constantinopolis,
1183 3322 1346 3389 etonem
1373 3316 1550 3388 celebrare
1567 3321 1675 3409 jacto
1710 3317 1913 3388 traditiones
1936 3339 2016 3386 no-

646 3452 787 3527 pnorurn
800 3432 1006 3521 Doctorum,
1030 3440 1064 3503 et
1076 3432 1288 3504 luminariam
1305 3436 1465 3527 pietatis,
1491 3436 1603 3504 suncti
1619 3435 1766 3506 Jooonia
1779 3433 2016 3526 Cirpaoatorni

647 3553 683 3618 et
707 3551 818 3619 suncti
843 3548 980 3621 Basilii.
1016 3548 1113 3634 Quod
1141 3549 1271 3643 quridem
1297 3552 1382 3622 miro
1411 3560 1608 3641 argumento
1633 3548 1754 3647 prohat
1780 3572 1827 3622 en
1851 3549 2017 3643 Basilina,

647 3660 704 3735 ubi
729 3662 788 3736 lex
815 3667 938 3760 scripta
963 3687 1030 3737 non
1058 3673 1130 3756 est,
1157 3664 1203 3737 ibi
1229 3665 1431 3761 sequendum
1458 3688 1586 3739 morem
1609 3666 1762 3758 Romae,
1789 3667 1877 3763 qnod
1899 3667 1940 3739 ad
1954 3668 2016 3741 lus

648 3780 748 3852 civile
774 3789 923 3877 spectat,
949 3801 1018 3852 uon
1044 3779 1086 3851 ad
1111 3778 1406 3854 Ecclesiasticum:
1432 3782 1616 3855 sedetiam
1651 3783 1693 3855 de
1720 3806 1804 3856 vera
1822 3781 1930 3855 Roma
1959 3782 2017 3855 di·

649 3904 736 3968 atum
763 3906 834 3989 est,
860 3918 929 3969 non
955 3896 998 3969 de
1023 3919 1113 3969 nova
1140 3919 1201 3970 scu
1228 3895 1523 3996 Constantinopoli.

750 4013 841 4086 XVI.
879 4013 942 4099 Qui
972 4011 1180 4087 Balsamonis
1214 4018 1471 4088 commentarios
1505 4018 1538 4086 in
1571 4013 1729 4088 Canones
1762 4014 1924 4108 legerint,
1960 4025 2018 4088 ant

648 4151 753 4226 opera
778 4129 863 4202 illius
889 4128 1037 4224 reliqua,
1069 4151 1138 4201 non
1168 4132 1328 4222 ignorant
1361 4154 1459 4226 quam
1493 4134 1643 4224 angustis
1673 4130 1829 4204 limitibus
1865 4131 2016 4206 doctrina

647 4249 720 4339 ejus
746 4245 985 4319 Ecclesiastico
1010 4248 1258 4341 circumscripta
1284 4246 1395 4339 fuerit,
1421 4248 1507 4320 adeo
1534 4257 1571 4318 ut
1596 4252 1726 4343 quoties
1754 4248 1796 4321 de
1822 4249 1923 4322 rebus
1939 4248 2017 4320 Ec-

647 4364 861 4454 clesiasticis,
888 4342 931 4433 ad
957 4359 1152 4433 Africanam
1185 4372 1242 4434 aut
1266 4363 1452 4437 Romanam
1482 4363 1670 4437 Ecclesiam
1703 4364 1929 4460 spectantibus
1954 4365 2017 4438 lo-

648 4482 766 4575 quitur,
791 4500 860 4551 non
886 4487 923 4549 ut
947 4475 1047 4549 homo
1064 4474 1229 4568 Graecus,
1255 4481 1317 4553 sad
1342 4491 1378 4553 ut
1403 4479 1531 4580 Scytha
1546 4480 1717 4554 Barbarus
1743 4480 1909 4577 loquatur,
1924 4492 2018 4555 tanta

647 4598 681 4667 in
707 4618 749 4668 eo
777 4604 830 4668 est
855 4596 956 4667 etiam
981 4616 1092 4666 rerum
1121 4594 1423 4687 vulgatissimamm
1454 4599 1627 4693 imperitia.
1681 4595 1768 4682 Quid
1794 4601 1881 4670 anim
1906 4602 2017 4692 magis

647 4711 747 4784 iacile
772 4712 832 4784 luit
860 4735 959 4808 quam
985 4732 1072 4801 eum,
1099 4713 1155 4806 qui
1180 4708 1423 4787 Antiochenam
1439 4713 1628 4786 Ecclesiam
1653 4711 1830 4805 obtineret,
1857 4727 2016 4813 essetque

647 4830 683 4899 in
707 4828 816 4901 media
843 4826 965 4926 Syria,
999 4849 1069 4899 non
1093 4831 1273 4921 ignorasse
1297 4829 1468 4904 Ecclesias
1495 4851 1612 4903 omnes
1638 4829 1761 4928 Syras,
1788 4855 1874 4927 qnae
1900 4831 2015 4926 lingua

584 5046 593 5051 -
648 4944 739 5041 Syra
764 4948 799 5015 in
825 4947 929 5020 sacris
956 4953 1142 5037 uterentur,
1168 4943 1294 5017 habere
1318 4947 1438 5021 Jacohi
1463 4947 1658 5039 Liturgiam,
1685 4957 1784 5043 atque
1812 4949 2015 5023 adeo'illam

649 5059 860 5134 secandorum
886 5082 992 5158 prope
1019 5059 1134 5132 decem
1163 5060 1332 5159 disciplina
1360 5065 1595 5139 commendari.
1648 5063 1734 5137 Nam
1753 5063 1886 5137 Graeca
1912 5065 2014 5137 editio
