4525 6034
696 587 774 660 258
1177 580 1582 668 COMMENTARIUS
1632 599 1635 603 “

693 775 812 855 jectura
834 788 960 852 prorsus
983 770 1078 831 inanis
1096 767 1257 850 judicanda
1279 775 1336 846 est,
1361 786 1427 830 cum
1449 783 1556 848 magna
1573 783 1700 846 semper
1721 764 1811 827 luerit
1831 766 1919 827 etiam
1941 767 1971 828 in
1991 767 2049 830 Ec·

698 873 797 935 clesiis
820 869 1034 933 communionis
1057 867 1202 950 ejusdem,
1224 868 1332 929 rituum
1351 866 1519 929 diversitas.
1553 865 1648 928 Nemo
1671 867 1818 927 tamenin
1841 864 1983 928 Orientali
2004 867 2049 928 bi-

698 973 792 1035 storia
813 969 1025 1031 Ecclesiastica
1047 968 1156 1029 leviter
1184 973 1323 1028 versatus
1350 967 1488 1048 ignorat,
1510 964 1672 1027 tacebitne
1693 964 1899 1027 Antiochenos
1927 965 2051 1028 Patriar·

699 1073 771 1134 chas
799 1088 898 1150 neque
921 1087 987 1130 eam
1009 1066 1194 1150 dignitatem,
1222 1083 1321 1146 neque
1339 1065 1554 1146 Jurisdictionis
1571 1063 1791 1146 amplitudinem
1807 1064 1957 1143 babuisse,
1970 1084 2049 1145 quam

644 1232 653 1251 ,
698 1167 894 1233 Alexandrini
924 1186 965 1229 cx
986 1165 1091 1228 eadem
1123 1172 1206 1227 secta
1235 1164 1305 1227 olim
1333 1163 1536 1226 obtinuerunt.
1579 1162 1654 1225 Nam
1678 1162 1764 1225 alteri
1787 1183 1848 1227 non
1870 1165 2049 1242 Antiochiae,

698 1272 753 1334 sed
774 1266 912 1331 Malatiae
943 1265 1047 1328 sedem
1067 1263 1235 1326 habebant:
1266 1272 1298 1325 et
1320 1261 1458 1343 quamdiu
1488 1264 1560 1324 urbs
1588 1263 1644 1325 sub
1667 1261 1867 1342 Graecorum,
1891 1272 1941 1326 aut
1961 1264 2050 1325 Fran-

700 1388 804 1434 corum
826 1372 975 1446 potestate
999 1365 1063 1443 luit,
1086 1365 1116 1425 in
1139 1383 1205 1425 eam
1227 1363 1301 1443 ipsis
1323 1362 1450 1446 ingredi,
1475 1362 1578 1424 autin
1601 1381 1638 1424 ea
1652 1380 1784 1444 synaxes
1799 1381 1895 1447 agere
1917 1362 2050 1426 Jacobitis

697 1486 759 1531 non
780 1465 899 1528 licebat.
943 1465 1038 1527 Erant
1060 1469 1219 1544 praeterea
1241 1461 1430 1525 patriarchae
1454 1461 1577 1539 Graeci,
1606 1460 1726 1525 luerunt
1749 1470 1780 1524 et
1802 1461 1918 1539 latini,
1941 1470 2050 1525 etcum

696 1565 868 1630 Nestoriani
896 1564 927 1625 in
960 1564 1038 1626 Aula
1073 1562 1263 1646 bagdadensi
1295 1561 1453 1644 plurimum
1486 1570 1613 1641 possent
1650 1562 1706 1624 sub
1737 1561 1838 1624 Galliis
1872 1561 2050 1638 Abbassidis,
2125 1573 2133 1596 ι

698 1684 815 1729 omnem
859 1662 1017 1744 aliquando
1061 1664 1093 1725 in
1137 1662 1322 1725 Christianos
1367 1657 1579 1742 cujuscumque
1623 1663 1838 1723 communionis
1872 1661 2051 1743 Jurisdictio-

697 1785 766 1828 nem
798 1764 836 1826 ad
869 1782 904 1826 se
934 1771 1102 1827 traxerunt.
1146 1764 1258 1825 Verum
1288 1760 1441 1842 Benjamin
1471 1763 1522 1842 qui
1551 1779 1586 1822 se
1614 1759 1838 1823 llluharnedanis
1867 1769 1954 1841 capta
1979 1760 2049 1822 dle·

697 1865 823 1928 xandria
851 1866 950 1926 statim
987 1864 1130 1945 subjecit,
1168 1862 1407 1944 amplissimaque
1447 1861 1559 1923 ideireo
1597 1860 1755 1944 privilegia
1790 1869 1970 1924 consecutus
2001 1867 2050 1935 est,

599 1959 602 1966 ’
652 2043 655 2050 γ
697 1983 757 2027 nou
779 1963 867 2026 modo
891 1981 1011 2037 omnes,
1042 1961 1227 2025 orthodoxis
1254 1960 1362 2045 lugere
1393 1962 1505 2023 coactis
1534 1968 1565 2022 et
1594 1961 1746 2041 spoliatis,
1779 1960 1935 2023 Ecclesias
1964 1978 2050 2024 occu-

696 2063 794 2145 pavit,
836 2062 891 2124 sed
928 2063 1017 2123 etiam
1053 2062 1118 2142 ejus
1161 2078 1357 2124 successores
1389 2079 1445 2141 per
1473 2077 1568 2122 annos
1596 2077 1693 2142 prope
1722 2067 1858 2137 centum,
1897 2059 2051 2122 absolutam

695 2162 776 2225 illam
799 2162 987 2223 autoritatem
1017 2161 1227 2240 obtinuerunt,
1250 2161 1347 2223 donec
1369 2159 1488 2222 tandem
1509 2158 1645 2222 redditae
1674 2167 1742 2221 sunt
1771 2159 1921 2222 Melcbitis
1949 2159 2051 2239 aliquot

695 2261 862 2339 Ecclesiae,
887 2268 917 2322 et
938 2261 1012 2341 ipsis
1024 2259 1224 2323 Patriarcbam
1246 2278 1332 2322 suum
1355 2260 1466 2322 babere
1490 2276 1667 2321 concessrun
1689 2267 1744 2322 est.
1769 2257 1845 2321 Cum
1867 2277 1943 2322 vero
1962 2260 2050 2339 primo

696 2362 747 2424 illo
771 2360 930 2422 intervallo
954 2360 1113 2441 temporis,
1148 2379 1251 2423 omnes
1274 2359 1368 2423 ferme
1396 2361 1426 2420 in
1455 2360 1606 2441 superiori
1634 2358 1778 2441 Aegypto
1808 2359 2050 2439 Episcopatus,a

696 2460 841 2524 Jacobitis
863 2461 1004 2539 occupati
1022 2459 1157 2538 luissent,
1181 2459 1364 2523 Orthodoxis
1387 2478 1423 2521 ea
1447 2460 1476 2520 in
1498 2459 1653 2540 provincia
1674 2458 1746 2520 nulli
1768 2465 1985 2521 remanserunt.
2013 2458 2051 2519 lta

698 2560 765 2622 ieri
786 2561 883 2640 potuit
904 2567 946 2638 ut,
970 2560 1021 2641 qui
1043 2560 1151 2621 avitam
1174 2559 1262 2621 iidem
1283 2559 1469 2636 retinebant,
1493 2565 1631 2620 carerent
1653 2565 1684 2620 et
1706 2557 1866 2639 Episcopis
1898 2566 1928 2621 et
1950 2558 2051 2622 Sacer-

700 2659 829 2738 dotibus,
853 2669 942 2740 atque
964 2660 1041 2722 adeo
1064 2658 1151 2741 apud
1165 2659 1335 2722 haereticos
1358 2659 1574 2721 Eucharistiam
1597 2666 1787 2740 quaererent.

405 2781 550 2837 ‘baerna
567 2783 594 2833 ῃ,
613 2779 685 2833 eon·
784 2761 879 2822 Porro
901 2758 1037 2822 doctrina
1059 2757 1098 2820 de
1119 2757 1335 2822 incarnationis
1363 2760 1506 2840 mysterio
1537 2777 1626 2839 quam
1648 2758 1751 2838 paucis
1780 2760 1811 2820 in
1839 2757 1898 2820 bac
1926 2758 2050 2820 oratione

376 2857 801 2936 tensioneexponucon-verbis
824 2857 974 2939 complexi
1003 2867 1072 2920 sunt
1099 2857 1270 2936 Jacobitae,
1301 2858 1449 2923 fusissime
1478 2859 1639 2939 exponitur
1666 2857 1703 2919 ab
1732 2859 1866 2938 ipsorum
1898 2857 2050 2938 Theologis

376 2955 685 3010 tormtsesatacobiarum
699 2960 808 3022 eodem
830 2959 949 3021 omnino
973 2977 1078 3037 sensu,
1108 2976 1217 3040 nempe
1246 2960 1410 3023 secundum
1436 2966 1562 3021 naturae
1591 2958 1747 3036 unitatem,
1778 2957 1906 3020 exclusa
1935 2973 2050 3037 prorsus

377 3040 542 3113 Theologiae.
578 3047 582 3054 '

698 3057 886 3135 contusione,
909 3058 1126 3137 commistione,
1150 3067 1180 3121 et
1202 3059 1397 3135 alteratione3
1421 3060 1501 3140 quod
1523 3058 1635 3141 legitur
1658 3057 1746 3119 etiam
1761 3058 1790 3119 in
1804 3056 1982 3140 Horologio,
2003 3072 2051 3118 seu

697 3158 888 3241 Eucbologio
912 3156 1059 3238 Coptico,
1096 3165 1127 3231 et
1154 3159 1185 3219 in
1212 3158 1312 3221 multis
1341 3157 1406 3220 aliis
1428 3158 1579 3239 precibus.
1622 3156 1704 3219 Inter
1732 3157 1908 3240 theologos
1937 3157 1973 3219 de
2000 3155 2050 3216 boc

698 3265 873 3339 argumento
895 3257 1122 3337 disputaverunt
1144 3257 1326 3321 Ebnassalus
1349 3259 1379 3319 in
1403 3256 1591 3320 Collectione
1619 3256 1836 3336 Principiorunr
1861 3256 1948 3335 fidei,
1974 3254 2050 3318 labia

651 3411 656 3419 .
696 3357 775 3420 lilius
803 3357 902 3420 Adaei
930 3358 960 3418 in
995 3356 1137 3418 Tractatu
1165 3356 1203 3419 de
1233 3354 1456 3434 lncamatione,
1488 3355 1661 3417 Abu-Ralla
1692 3355 1898 3432 Takritensis,
1930 3357 2051 3420 Severus

697 3458 865 3539 Episcopus
889 3456 1083 3534 Ascbmonin,
1107 3456 1282 3519 Vincentius
1304 3458 1473 3538 Episcopus
1496 3455 1595 3537 Copti,
1619 3462 1650 3518 et
1672 3455 1822 3536 Anonymi
1843 3456 1959 3536 plures,
1981 3470 2051 3534 quo·

697 3576 763 3619 rum
786 3557 954 3619 testimonia
977 3558 1093 3637 integra
1116 3554 1186 3617 alibi
1211 3554 1389 3619 relerentur.
1439 3553 1527 3626 Quod
1556 3556 1702 3636 adjicitur,
1727 3554 1887 3633 confessam
1914 3563 1959 3617 eat
1983 3573 2050 3616 con·

696 3657 859 3736 fossionem
880 3658 1006 3732 beatem,
1037 3653 1146 3718 reterri
1172 3655 1261 3718 debet
1290 3656 1327 3717 ad
1357 3656 1428 3717 illud
1460 3654 1487 3717 i.
1512 3654 1637 3719 Timotb.
1669 3673 1695 3719 c.
1725 3653 1754 3716 6.
1783 3656 1835 3735 qui
1865 3656 2052 3717 testimoniam

698 3756 832 3817 reddidit
852 3756 907 3817 sub
928 3755 1037 3817 Pontio
1058 3755 1168 3832 Pilato,
1190 3756 1299 3818 bonone
1321 3755 1550 3835 consessionem,
1575 3773 1664 3836 quem
1684 3754 1782 3816 locum
1806 3754 1900 3816 citant
1922 3764 1952 3817 et
1972 3750 2050 3815 simul

699 3855 764 3935 ejus
794 3854 1023 3935 explicationem
1060 3873 1099 3917 cx
1133 3855 1268 3934 Epistola
1299 3853 1402 3935 Cyrilli
1436 3855 1472 3916 ad
1508 3855 1695 3932 Nestorium,
1726 3854 1859 3919 Severus
1890 3852 2049 3934 Episcopus

698 3953 892 4033 Ascbmonin,
915 3956 944 4016 in
966 3954 1096 4018 Historia
1117 3954 1322 4017 Alexandrina
1345 3960 1375 4016 et
1397 3954 1473 4016 varii
1496 3962 1618 4017 autores
1640 3953 1903 4017 Collectaueorurn
1926 3971 1965 4014 ex
1985 3968 2050 4012 san·

699 4055 755 4117 ctis
778 4055 923 4117 Patribus.
967 4054 1060 4116 Multa
1082 4073 1203 4137 quoque
1225 4054 1302 4136 apud
1327 4054 1499 4136 'theologos
1528 4054 1680 4135 leguntur,
1703 4053 1784 4114 eirca
1807 4060 1982 4133 sequentem
2003 4067 2050 4111 ar-

698 4154 819 4217 ticulum
841 4154 921 4236 quod
941 4175 980 4216 ne
1000 4163 1147 4217 momento
1176 4155 1295 4236 quidem
1323 4163 1468 4234 separatu
1497 4154 1627 4232 ejmdeJn
1657 4151 1769 4214 Cleua
1796 4152 1944 4213 divinitas
1968 4149 2051 4228 fucrit

699 4255 739 4317 ab
761 4257 961 4331 trumonitote,
991 4253 1029 4317 de
1058 4273 1117 4335 quo
1149 4261 1253 4316 extant
1274 4256 1442 4316 testimonia
1470 4254 1620 4315 vincentii
1650 4252 1793 4333 Episcopi
1819 4251 1927 4333 Copti,
1955 4248 2049 4310 Jabiac

699 4353 750 4416 filii
772 4353 879 4434 Adaei,
903 4355 1018 4431 Severi,
1041 4354 1107 4417 lsae
1130 4353 1151 4416 i.
1174 4354 1298 4432 Zaraae,
1322 4352 1525 4432 Abu-Raitae,
1538 4352 1706 4431 Ebnassali,
1729 4351 1927 4432 etEpistolae
1948 4338 2078 4412 Sacer-'

700 4455 778 4517 dotis
799 4454 953 4517 Jacobitae
975 4472 1072 4534 nuper
1095 4453 1230 4526 ordinati.

421 4559 556 4631 Confessio
575 4571 644 4615 exat
659 4564 687 4614 in
786 4555 919 4617 Tandem
949 4563 982 4616 ut
1010 4573 1088 4634 quae
1110 4554 1148 4615 ad
1171 4552 1399 4616 Confessionem
1422 4559 1558 4633 spectant
1580 4551 1791 4634 expediamus,
1820 4568 1857 4612 ea
1887 4548 1981 4631 qualis
2008 4551 2050 4608 est

377 4648 729 4719 ⁰¹⁰⁰³bt¹³ffl¹¹¹tgfi⁵d⁸·in
751 4655 899 4717 Basiliana
922 4653 1066 4736 Liturgia,
1089 4653 1156 4715 talis
1180 4655 1298 4716 omnino
1329 4653 1480 4732 reperitur
1507 4653 1539 4714 in
1561 4651 1749 4734 Gregoriana
1772 4659 1802 4713 et
1824 4650 1946 4733 Cyrilli,
1974 4645 2047 4708 nullo

377 4735 686 4803 gip¹³⁸⁰³⁸⁶¹⁵¹¹l⁰²¹¹¹ffi
700 4755 880 4818 discrimine.
924 4753 952 4815 Α
975 4753 1102 4834 Coptitis
1125 4770 1191 4814 eam
1214 4759 1396 4832 acceperunt
1418 4752 1595 4834 Aethiopes,
1618 4752 1668 4832 qui
1681 4770 1746 4814 eam
1763 4759 1855 4816 totam
1869 4751 2049 4812 inseruerunt

376 4823 442 4887 pica.

699 4855 814 4919 Canoni
837 4853 991 4934 Generali,
1012 4872 1067 4915 seu
1089 4852 1243 4935 Liturgiae
1267 4852 1424 4930 communi,
1448 4872 1465 4915 a
1488 4870 1546 4935 qua
1569 4853 1631 4933 peti
1652 4851 1731 4915 solet
1751 4851 1789 4914 ad
1812 4850 1884 4914 alias
1897 4845 2048 4930 Liturgias.

581 4947 584 4951 ’
698 4953 780 5017 Illius
802 4961 901 5015 tamen
924 4952 1076 5031 orationis,
1101 4969 1178 5033 quae
1201 4968 1305 5013 corum
1327 4953 1365 5014 de
1379 4952 1565 5016 Eucharistia
1587 4952 1674 5014 lidcm
1697 4959 1757 5014 tam
1779 4951 1940 5034 perspicue
1960 4944 2048 5028 signi-

698 5054 777 5135 ficat,
801 5072 839 5117 ne
861 5054 1031 5116 meminisse
1052 5051 1172 5134 quidem
1195 5051 1333 5134 dignatus
1363 5061 1410 5116 est
1431 5054 1525 5118 lobus
1546 5053 1702 5135 bodellus,
1724 5069 1830 5132 nempe
1852 5058 1885 5112 ut
1907 5049 1977 5112 satis
1997 5061 2048 5124 ap-
