4525 6034
718 547 795 620 476
1224 546 1583 623 LITURGld

718 729 938 824 Archangeli:
966 732 1098 826 quaudo
1126 729 1212 804 solia
1238 730 1414 827 Apostolis
1448 731 1718 823 collocabuntur,
1733 793 1738 800 .
1752 744 1787 804 et
1814 725 1960 826 judicabis
1988 763 2042 810 cm

720 849 887 941 aequitate
914 845 1023 934 bonos
1051 857 1085 918 et
1111 847 1238 935 matos,
1270 868 1535 941 unumquemque
1562 844 1742 921 secundnm
1769 853 1890 923 merita.
1937 853 2053 937 Quando.

718 958 883 1034 carbones
918 985 992 1033 oum
1026 965 1163 1056 strepitu
1197 959 1378 1050 ardebunt,
1412 972 1446 1035 et
1477 960 1609 1035 bamma
1642 986 1728 1059 quaa
1760 987 1827 1037 narr
1859 971 2043 1060 extinguetur:

718 1076 849 1170 quando
879 1080 1137 1149 intercessiones
1164 1099 1231 1148 uon
1254 1080 1322 1168 jam
1350 1080 1589 1172 suscipientur,
1624 1090 1658 1151 et
1692 1080 1933 1176 deprecationes
1955 1085 2044 1178 repel-
2094 1155 2098 1165 ,

717 1189 842 1263 lentur:
870 1191 1002 1286 meando
1030 1197 1197 1265 cruciatus
1225 1191 1353 1287 absque
1372 1193 1606 1266 'misericordia
1633 1206 1793 1268 statuetur
1820 1197 1966 1269 adversus
1987 1222 2045 1270 ura-

716 1304 784 1377 los:
826 1307 957 1400 quaudo
992 1310 1073 1403 ipsis
1107 1311 1251 1399 gemitus
1288 1318 1321 1380 et
1360 1307 1458 1380 dolor
1477 1295 1568 1382 erit:
1604 1310 1735 1404 quaudo
1765 1316 1847 1404 justi
1879 1311 2044 1406 voluptatem

715 1419 980 1511 haereditabunt,
1008 1433 1043 1494 et
1069 1427 1159 1519 impii
1186 1427 1219 1493 in
1246 1422 1400 1516 gebenna
1427 1424 1681 1519 torquebuntur:
1710 1428 1842 1519 quando
1868 1427 1980 1499 occulta
1999 1450 2046 1498 ro-

716 1535 925 1623 velabuntur,
953 1549 987 1608 et
1014 1562 1118 1634 opera
1146 1537 1433 1626 examinabuntur,
1464 1551 1564 1635 atque
1591 1562 1708 1613 omnes
1733 1542 1883 1614 homines
1905 1547 1936 1613 in
1956 1544 2046 1613 timore

718 1662 751 1723 et
778 1663 924 1724 tremore
952 1674 1073 1745 magno
1109 1657 1300 1726 consistent.
1363 1655 1401 1725 lu
1435 1652 1498 1726 bac
1533 1653 1616 1726 bora
1648 1654 1786 1727 terribili
1813 1656 1946 1729 Domine
1974 1654 2048 1749 plene

716 1767 956 1854 misericordia,
983 1791 1026 1840 ne
1053 1779 1189 1840 avertas
1214 1769 1337 1841 faciem
1364 1779 1452 1841 tuam
1480 1793 1500 1840 a
1528 1768 1644 1841 nobis:
1669 1792 1736 1842 non
1757 1774 1860 1844 intres
1880 1776 1910 1842 in
1926 1771 2049 1862 jndioiurr

716 1881 909 1973 nobiscum,
939 1905 1006 1956 non
1034 1884 1077 1956 ad
1104 1907 1247 1957 examen
1274 1884 1529 1986 adduceremus,
1565 1907 1607 1956 ne
1635 1884 1864 1958 confusionem
1888 1884 2049 1957 inconsola-

714 1999 814 2071 bilem
841 1998 938 2073 nobis
965 2004 1120 2074 incutias:
1157 2024 1201 2073 ne
1234 2003 1368 2092 rejicias
1402 2022 1464 2072 nos
1499 2022 1544 2071 ex
1570 2022 1709 2072 numero
1736 2023 1911 2074 servornm
1934 2012 2050 2072 norun:

715 2137 759 2185 ne
786 2113 930 2211 repellas
957 2137 1020 2188 nos
1049 2116 1090 2189 ab
1119 2121 1207 2190 ostio
1241 2115 1375 2189 thalami
1409 2118 1471 2187 tui:
1506 2137 1550 2186 ne
1584 2114 1676 2187 dicas
1708 2112 1822 2202 nobis,
1858 2119 1963 2187 nescio
1989 2136 2051 2186 uos:

715 2252 759 2300 ne
791 2252 946 2302 numeres
981 2253 1043 2302 uos
1077 2236 1163 2304 inter
1195 2231 1431 2304 crucifixores:
1468 2252 1511 2301 ne
1546 2234 1730 2301 cruciemur
1763 2253 1840 2300 cunr
1872 2229 1931 2301 illis
1959 2233 2052 2323 quite

716 2366 784 2415 nour
810 2357 989 2434 noverunt,
1015 2369 1125 2441 neque
1151 2347 1276 2443 perdas
1303 2367 1366 2417 nos
1394 2369 1468 2417 cum
1495 2344 1558 2418 illis
1586 2349 1641 2439 qui
1668 2355 1703 2416 te
1724 2365 1790 2414 uon
1809 2343 1991 2415 dilexerunt
2014 2343 2053 2415 llo

715 2459 828 2533 tuatim
855 2483 917 2533 uos
945 2461 1113 2558 suppliciis
1147 2461 1316 2549 umentis,
1347 2483 1415 2533 nou
1449 2462 1482 2531 iu
1515 2458 1658 2532 stridore
1690 2458 1838 2529 dentium
1869 2462 1977 2531 simus:
2003 2479 2053 2528 nou

716 2574 868 2668 abneges
894 2598 956 2651 nos
983 2599 1091 2673 neque
1119 2577 1211 2650 dicas
1239 2575 1348 2663 nobis,
1374 2580 1452 2670 quia
1480 2597 1547 2647 nou
1574 2577 1655 2646 novi
1674 2596 1750 2645 vos.
1783 2572 1877 2645 Vere
1898 2577 2053 2667 erimper-

715 2694 882 2780 cavimus‚
914 2713 1023 2787 neque
1056 2716 1223 2766 meremur
1248 2691 1511 2774 misericordiam
1538 2692 1698 2784 consequi
1724 2710 1785 2783 per
1810 2692 1978 2783 passiones
2000 2697 2054 2758 tuas

715 2817 868 2895 sanctas,
898 2816 932 2878 et
956 2831 1018 2905 per
1046 2831 1180 2880 crucem
1206 2818 1297 2880 taam
1323 2807 1510 2881 salutarem.
1563 2805 1617 2877 Ne
1643 2804 1809 2876 retribuas
1838 2802 2054 2874 nobissecuu·

715 2924 791 2994 dum
819 2945 923 3018 opera
949 2933 1065 2998 nostra
1091 2924 1196 3010 mala3
1224 2922 1285 2994 sed
1310 2922 1471 2994 confitere
1496 2942 1573 3009 nos,
1599 2921 1693 2991 Deos
1718 2905 1838 2990 noster
1864 2916 2012 3010 benigne,
2031 2921 2055 2986 iu

714 3038 772 3109 illo
800 3047 961 3133 tempore.
1014 3038 1180 3109 Miserere
1205 3034 1322 3122 uobis,
1356 3039 1547 3109 miserator:
1581 3045 1655 3106 esto
1682 3032 1779 3106 uobis
1807 3045 1940 3106 curator
1962 3031 2056 3118 bouus,

714 3155 816 3226 Pater
843 3151 990 3225 clemens
1024 3163 1058 3224 ct
1090 3156 1302 3225 misericors:
1335 3154 1467 3245 respice
1502 3159 1731 3246 paupertatem
1764 3160 1932 3221 nostram:
1960 3147 2056 3239 adjura

598 3259 607 3268 “
714 3268 932 3360 infirmitatem
949 3279 1111 3341 nostram:
1139 3270 1300 3363 propitius
1317 3273 1440 3366 estoet
1458 3269 1620 3337 miserere
1634 3265 1732 3338 uobis
1749 3262 1920 3336 omnibns:
1944 3267 2075 3354 ignosce,

714 3381 962 3477 peccatoribus:
990 3384 1158 3455 sanctifica
1185 3384 1408 3477 poenitentes:
1436 3381 1561 3452 dimitte
1588 3403 1674 3475 quae
1694 3384 1891 3475 insipienter
1910 3381 2059 3448 commissa
2148 3429 2151 3432 a

716 3508 800 3568 sunt.
847 3497 979 3588 Exaudi
1005 3521 1125 3593 preces
1153 3498 1264 3596 populi
1299 3499 1362 3584 tui,
1389 3497 1551 3582 Domine,
1588 3500 1703 3591 aspice
1735 3499 1882 3586 gemitus
1914 3514 2059 3565 serrorum

716 3621 864 3701 tuorum,
899 3614 1033 3709 suscipe
1065 3614 1322 3708 deprecationes
1355 3610 1562 3684 adorantium
1588 3620 1638 3698 te,
1672 3611 1854 3706 adquiesco
1879 3603 2060 3705 petitionibus

719 3710 966 3820 deprecantium
993 3738 1035 3798 te.
1089 3727 1194 3800 Salva
1221 3749 1331 3799 nosa
1364 3748 1481 3798 verme
1516 3726 1572 3799 illo
1606 3730 1763 3821 quinon
1796 3728 1950 3798 moritur:
1978 3722 2060 3792 libera

717 3861 828 3911 nosa
862 3843 945 3913 mari
981 3842 1159 3914 metuendo
1196 3845 1297 3934 ignis:
1331 3844 1424 3937 eripe
1457 3865 1520 3915 nos
1554 3866 1573 3913 a
1607 3849 1714 3912 morte
1750 3842 1916 3915 secunda:
1946 3848 2062 3934 protege

718 3978 781 4026 nos
809 3955 869 4028 snb
899 3954 959 4029 alis
987 3943 1238 4029 misericordiae
1265 3965 1351 4028 tuae.
1385 3956 1457 4050 Fac
1482 3979 1544 4031 nos
1574 3956 1694 4048 dignos
1720 3955 1845 4049 gaudio
1872 3955 1927 4026 illo
1953 3949 2061 4024 indeie-

719 4069 841 4162 ctibili‚
868 4082 902 4143 et
927 4084 1066 4170 propter
1092 4073 1193 4161 haec,
1220 4073 1374 4145 Ecclesia
1401 4082 1457 4143 tua
1483 4074 1657 4168 poenitens
1685 4072 1886 4167 deprecatur
1911 4081 1943 4141 te
1968 4079 1997 4140 et
2017 4085 2064 4159 per

717 4196 767 4273 te,
796 4196 895 4280 atque
922 4197 1029 4259 tecum
1057 4187 1195 4259 Patrem
1218 4197 1326 4275 tuum,
1353 4186 1477 4259 diceus.

820 4301 981 4394 Populos.
1034 4302 1207 4375 Miserere.
1402 4391 1408 4404 ὓ

822 4414 1007 4488 Sacerdos.
1059 4417 1132 4490 Nos
1160 4438 1303 4511 quoque.

821 4530 1010 4603 Diaconos.
1064 4531 1171 4616 Quam
1200 4531 1343 4603 timenda
1370 4541 1422 4605 est
1447 4531 1530 4602 baec
1557 4529 1649 4602 hora.

853 4749 1029 4823 Sacerdos
1054 4750 1237 4822 inclinatas
1263 4750 1348 4821 dicit
1373 4752 1629 4823 invocationem
1653 4751 1806 4844 Spiritus
1831 4755 1954 4823 sancti.

823 4899 890 4972 lllci
918 4905 1016 4973 etiam
1044 4905 1099 4996 qui
1125 4905 1171 4974 tui
1196 4913 1311 4999 tgpum
1338 4926 1435 4995 gero,
1462 4913 1621 5000 peccatur
1646 4903 1724 4975 licet
1750 4914 1782 4975 et
1808 4905 1975 4988 infirmus,
1997 4918 2064 4996 pro-

719 5015 818 5106 pitius
846 5025 919 5087 esto
947 5017 1236 5112 deprecationibus
1264 5028 1297 5090 et
1322 5017 1482 5116 lacrymis
1508 5020 1667 5107 Domine,
1694 5029 1728 5090 et
1752 5023 1939 5094 universae
1961 5018 2064 5090 baere-
