4525 6034
682 566 759 641 278
1174 569 1579 650 COMMENTARIUS

681 752 786 830 buunt,
810 751 1027 836 qnemidcircp
1043 753 1180 830 Panisci,
1203 754 1262 815 hoc
1284 762 1332 817 est
1353 754 1513 818 Paulinum
1535 756 1699 837 appellant,
1721 766 1754 820 ut
1782 758 1887 821 videre
1908 765 1957 821 est
1979 757 2058 837 apud

681 850 876 930 Abuibircat‚
905 871 943 914 eo
974 854 1073 933 capite
1107 854 1138 914 in
1168 870 1229 933 quo
1259 854 1392 915 notitiam
1421 853 1545 917 exhibet
1573 857 1809 937 praecipuorum
1839 863 1975 919 autorum
2008 859 2058 937 qui

680 948 814 1011 Arabica
837 951 989 1015 extabant.
1034 951 1107 1033 Ejus
1130 952 1262 1013 meminit
1289 950 1490 1028 Ebnassaius‚
1524 961 1555 1014 et
1583 970 1688 1017 omues
1720 955 1779 1018 alii.
1823 955 1930 1035 Neque
1957 962 2057 1028 tamen

682 1051 722 1110 ita
745 1049 887 1111 insistunt
911 1051 1067 1112 doctrinae
1089 1049 1198 1112 codem
1220 1052 1250 1111 in
1273 1050 1350 1112 libro
1374 1052 1565 1131 propositae,
1595 1060 1629 1114 ut
1656 1070 1715 1114 non
1738 1053 1874 1116 diversas
1897 1053 2056 1134 opiniones

680 1145 811 1208 habeant
833 1146 871 1209 de
894 1149 1052 1228 spirituum
1073 1148 1194 1209 illorum
1214 1148 1371 1211 beatorum
1394 1149 1566 1228 ordinibus,
1590 1158 1622 1213 et
1643 1169 1779 1216 numero.
1825 1152 1925 1233 Vulgo
1948 1151 2056 1214 novun

680 1261 785 1305 eorum
809 1247 932 1309 ordines
956 1248 1156 1325 constituunt,
1176 1247 1264 1328 juxta
1287 1265 1474 1310 communem
1496 1249 1576 1329 apud
1600 1249 1775 1331 Theologos
1798 1249 2054 1331 nosnostirego-

680 1342 717 1404 rii
748 1345 847 1424 Papae
875 1347 1070 1408 sententiam:
1100 1364 1226 1426 eamque
1255 1348 1392 1427 sequitur
1419 1347 1552 1411 Severus
1579 1347 1748 1429 Episcopus
1776 1348 2054 1425 Ascbmoninensis‚

681 1441 771 1504 etad
794 1462 859 1506 eam
882 1443 977 1506 reiert
1005 1444 1179 1525 parabolam
1210 1444 1248 1506 de
1277 1444 1404 1508 muliere
1430 1446 1560 1508 habente
1590 1445 1748 1509 drachmas
1776 1446 1899 1523 decem,
1927 1466 2054 1528 quarm

679 1558 739 1601 una
761 1542 878 1623 perdita
902 1542 1050 1605 hominem
1072 1544 1274 1626 significabat.
1317 1543 1379 1607 Sed
1400 1545 1479 1607 idem
1500 1544 1601 1606 Antor
1621 1546 1652 1606 in
1675 1546 1783 1608 eodem
1811 1548 1878 1626 ipso
1902 1546 2053 1622 tractatu,

681 1642 732 1719 qui
754 1650 801 1703 est
824 1644 862 1704 de
883 1642 1098 1704 incarnatione
1118 1643 1258 1719 Domini,
1282 1651 1401 1705 centum
1422 1643 1611 1725 Angelorum
1640 1642 1770 1706 Ordines
1797 1663 1816 1706 a
1837 1645 1904 1708 Deo
1933 1652 2053 1709 creatos

679 1738 774 1804 luisse
797 1741 917 1816 scribit,
940 1757 1067 1820 quorum
1089 1743 1232 1822 princeps
1255 1750 1322 1803 erat
1339 1741 1526 1817 Sabctcnici,
1548 1744 1600 1823 qui
1623 1761 1690 1806 oum
1712 1742 1860 1807 adversus
1881 1761 2051 1824 supremam

678 1841 825 1902 creatoris
841 1841 1027 1921 majestatem
1046 1838 1236 1917 rebellasset,
1259 1840 1290 1901 in
1306 1846 1450 1903 tartarum
1465 1842 1691 1922 praecipitatus,
1714 1841 1861 1920 Sotaniei,
1885 1859 1942 1904 seu
1958 1844 2051 1906 Satan

677 1938 735 2000 dici
766 1940 876 2019 coepit,
927 1939 1037 2001 Postea
1070 1939 1170 2001 ovium
1199 1938 1389 2019 parabolam,
1426 1957 1552 2019 quarum
1582 1941 1746 2020 nonaginta
1775 1957 1884 2002 novem
1910 1940 2049 2022 Angelos

676 2038 862 2118 significant,
893 2054 952 2099 una
980 2035 1098 2116 perdita
1127 2035 1293 2113 bominem,
1322 2036 1360 2099 de
1390 2036 1449 2099 iilis
1484 2056 1607 2119 quoquc
1635 2037 1789 2119 spiritibus
1820 2038 1961 2119 explicat.
2005 2040 2050 2102 ita

675 2137 804 2217 pariter,
828 2135 875 2199 isa
897 2135 975 2198 silius
997 2137 1132 2213 Zamae,
1156 2144 1187 2198 et
1209 2136 1313 2216 piures
1336 2136 1404 2213 aiii,
1428 2135 1507 2199 adeo
1530 2136 1655 2200 liberam
1684 2137 1933 2199 existimaverunt
1961 2138 2049 2221 hujus

676 2235 714 2298 de
737 2236 864 2299 coelesti
886 2234 1062 2297 iiierarchia
1084 2233 1242 2297 doctrinae
1266 2235 1495 2316 expositionem.
1541 2234 1655 2298 Omnes
1667 2253 1789 2316 quoque
1795 2280 1807 2311 ,
1830 2243 2051 2316 praeteream-

675 2354 796 2398 munem
817 2336 897 2417 apud
921 2335 1054 2398 Graecos
1078 2343 1109 2397 et
1131 2335 1254 2398 Latinos
1278 2335 1460 2410 doctrinam,
1483 2335 1562 2396 inter
1584 2335 1737 2397 coelestes
1760 2334 1883 2397 ordines
1911 2336 2051 2418 singula-

675 2454 739 2497 rem
761 2434 919 2516 quemdam
940 2442 1098 2495 numerant
1120 2430 1186 2496 τιῦν
1204 2422 1414 2519 ’Eyprfpo'gicom
1437 2451 1493 2495 seu
1521 2434 1662 2513 l'r'gr'lrcnr,
1686 2433 1724 2495 de
1747 2432 1856 2514 quibus
1878 2435 1910 2495 in
1936 2433 2051 2497 Danie-

676 2533 713 2595 lis
741 2532 902 2612 Prophetia
932 2532 1058 2612 iegitur:
1085 2543 1139 2607 utu
1162 2540 1289 2595 vocatur
1311 2532 1378 2609 ilie,
1403 2531 1441 2593 de
1463 2549 1524 2612 qno
1547 2531 1608 2595 iliie
1630 2550 1730 2596 sermo
1746 2539 1804 2609 est,
1828 2549 1917 2612 quam
1939 2550 2048 2594 vocem

673 2630 747 2712 Syri
771 2649 825 2693 sua
848 2632 1004 2714 intingue
1034 2633 1241 2709 retinuerunt,
1275 2631 1354 2692 unde
1383 2631 1571 2711 frequentior
1599 2632 1723 2711 Viptlunr
1753 2630 1832 2709 apud
1862 2648 1932 2706 cos,
1962 2648 2050 2710 quam

675 2731 758 2812 apud
786 2730 922 2810 reliquos
953 2729 1138 2793 Christianos
1166 2732 1327 2806 memoria,
1355 2731 1406 2811 qui
1435 2747 1539 2791 corum
1567 2730 1664 2792 rarius
1692 2730 1813 2792 omnino
1841 2729 2047 2792 meminerunt.

674 2829 722 2891 De
745 2829 802 2891 illis
825 2829 979 2891 ordinibus
1002 2829 1093 2891 multa
1115 2830 1242 2911 protulit
1264 2830 1311 2890 vir
1333 2827 1522 2891 doctissimus
1545 2827 1679 2890 loannes
1700 2828 1836 2891 biorinus
1858 2826 1988 2890 inNotis
2011 2827 2049 2890 ad

676 2929 778 2992 Oiiicia
807 2926 1009 2990 ordinationis
1040 2928 1187 3009 Syrorum
1215 2947 1255 2990 ex
1281 2928 1399 2990 loanne
1429 2927 1576 3003 Damnst,
1606 2945 1695 3007 quem
1724 2927 1889 3002 Autorem,
1923 2928 1982 3008 ipsi
2011 2926 2047 2988 ab

673 3028 845 3090 Echeilensi
859 3026 1031 3089 Abrahamo
1054 3026 1288 3107 suppeditatum,
1310 3028 1511 3089 recentiorem
1534 3044 1605 3088 esse
1628 3042 1690 3088 non
1712 3025 1889 3089 dubitamus.
1935 3025 2048 3088 Tamen

674 3127 861 3190 communior
891 3128 1011 3188 omnino
1046 3124 1182 3187 doctrina
1211 3132 1274 3203 est,
1305 3125 1384 3205 quod
1414 3123 1543 3186 Ordines
1571 3124 1726 3186 beatorum
1755 3123 1911 3204 spirituum
1939 3140 2048 3185 novam

673 3229 733 3290 sint
755 3221 973 3302 tantummodo,
998 3232 1030 3286 ut
1053 3226 1082 3286 in
1105 3223 1294 3304 praelatione
1316 3223 1428 3286 Missae
1452 3230 1738 3296 commemorantur,
1770 3222 1862 3302 paulo
1890 3230 1961 3284 ante
1987 3221 2048 3302 hy-

671 3344 773 3389 mnum
794 3324 1010 3404 triumphalem.
1055 3322 1089 3384 in
1111 3322 1248 3385 omnibns
1273 3311 1351 3384 eniin
1364 3322 1526 3405 Litargicis
1549 3321 1667 3396 oliiciis,
1691 3338 1768 3400 quae
1784 3320 1861 3382 hanc
1880 3321 2047 3383 orationem

673 3432 860 3507 agnoscunt,
882 3430 1084 3486 recensentur
1106 3422 1214 3484 eadem
1236 3422 1328 3499 serie,
1351 3438 1387 3483 ac
1409 3422 1440 3482 in
1456 3420 1561 3482 Latina
1582 3418 1689 3481 liissa:
1713 3418 1840 3480 aliorum
1862 3419 1974 3480 mentio
1997 3424 2048 3479 aut

672 3524 788 3601 rarior,
812 3529 862 3583 aut
884 3520 976 3587 nulia.
1022 3521 1068 3583 De
1090 3522 1224 3595 Sancte,
1247 3522 1299 3600 qui
1321 3520 1427 3582 meiius
1452 3518 1536 3580 Unel
1556 3518 1736 3598 appellatur,
1759 3516 1902 3596 frequens
1925 3534 2047 3597 quoque

672 3622 814 3683 memoria
838 3621 936 3682 estin
960 3619 1157 3683 Orientalium
1181 3617 1418 3681 Christianorum
1439 3617 1541 3679 libris:
1569 3623 1602 3677 ut
1624 3634 1664 3677 ex
1686 3615 1787 3678 ultima
1810 3615 1867 3677 hac
1890 3614 2047 3692 Oratione,

673 3720 792 3802 etaliis
816 3737 893 3798 quae
917 3721 947 3782 in
969 3717 1154 3801 Horologio,
1179 3726 1229 3780 aut
1250 3718 1376 3798 reliquis
1399 3733 1524 3797 precum
1545 3714 1630 3776 libris
1653 3722 1827 3791 occurrunt,
1851 3712 2047 3775 animadver-

672 3828 738 3882 tere
760 3819 841 3881 licet.
887 3817 968 3881 tinus
992 3818 1100 3880 dicitur
1122 3837 1163 3879 ex
1183 3825 1313 3898 quatuor
1334 3812 1596 3894 ArchangeIorum
1619 3830 1762 3890 numero,
1794 3814 1825 3873 in
1853 3810 2043 3894 Euchoiogio

672 3918 799 3997 Coptico
822 3916 873 3978 ubi
896 3924 978 3992 extat
1007 3917 1046 3978 ad
1075 3935 1144 3979 enm
1173 3916 1335 3996 peculiaris
1364 3916 1479 3991 oratio,
1512 3930 1591 3991 quae
1620 3911 1666 3974 sic
1696 3912 1809 3991 incipit.
1857 3909 2047 4005 Honor-erras

670 4018 817 4078 Surictcm
838 4023 976 4094 quartem
998 4018 1078 4077 inter
1099 4014 1318 4093 Archangeioa.
1362 4012 1453 4074 Extat
1480 4010 1546 4091 ejus
1577 4010 1680 4093 imago
1703 4011 1733 4071 in
1762 4008 1893 4072 editione
1914 4009 2045 4071 Aethio-

669 4118 737 4196 pica
759 4115 838 4176 Novi
861 4114 1062 4190 'lestarnenti,
1086 4132 1154 4175 cum
1181 4111 1237 4175 hac
1266 4111 1463 4191 inscriptione
1508 4109 1539 4169 S.
1565 4108 1648 4170 lirici
1667 4110 1720 4188 qni
1741 4106 1803 4186 snit
1828 4125 1896 4169 nrm
1924 4106 2044 4168 Adonea

669 4221 700 4275 et
719 4212 789 4274 Eva
809 4214 931 4292 mundo
953 4215 1069 4292 egressi
1090 4220 1160 4274 narrt
1180 4213 1219 4273 de
1246 4209 1409 4272 faraone.
1455 4208 1528 4291 Ejus
1558 4224 1678 4289 quoquc
1710 4205 1817 4268 Graeci
1846 4208 2044 4268 meminerunt

672 4313 701 4373 in
724 4311 815 4372 variis
839 4310 1040 4384 orationihus,
1065 4312 1123 4372 imo
1148 4318 1179 4371 et
1200 4309 1324 4371 Latinae
1346 4307 1479 4369 Litaniae
1502 4313 1623 4369 veteres
1645 4305 1772 4382 multae,
1796 4312 1886 4385 atque
1900 4305 2044 4364 intereas

671 4409 832 4472 llaroiinae
855 4408 956 4470 editae
980 4429 997 4472 a
1021 4409 1093 4471 Viro
1117 4407 1291 4471 Clarissimo
1313 4407 1431 4469 loanne
1461 4405 1635 4467 liabiiionio
1664 4404 1880 4465 Analectornm
1908 4412 1988 4465 tomo
2012 4401 2042 4468 2,.

672 4509 729 4569 etsi
752 4507 863 4569 dudum
885 4515 973 4568 antea
995 4524 1105 4569 nomen
1129 4506 1237 4568 Urieiis
1260 4507 1291 4567 in
1313 4505 1511 4567 veneratione
1538 4503 1633 4565 irrisae
1660 4509 1839 4583 argumento
1867 4502 1906 4563 sit
1935 4500 2044 4562 lamina

672 4610 737 4690 ejus
761 4624 827 4668 cum
852 4605 976 4667 aliorum
998 4605 1261 4686 Archangelomm
1282 4604 1451 4668 nominibus
1474 4609 1596 4683 reperta
1619 4618 1699 4663 anno
1720 4600 1759 4662 li.
1778 4598 1912 4663 oxtlv.
1936 4599 1966 4658 in
1987 4615 2044 4658 se-

669 4709 777 4790 pulcro
799 4703 911 4766 Mariae
935 4705 1092 4785 Augustae
1114 4706 1221 4767 uxoris
1244 4703 1372 4767 Honorii
1392 4700 1596 4783 imperatoris.
1641 4698 1717 4761 Vide
1739 4699 1846 4760 Nolam
1868 4699 1904 4760 V.
1920 4694 1955 4760 C.
1971 4695 2044 4758 Sta·

669 4805 759 4886 pbani
782 4803 896 4865 Baluzii
918 4802 957 4864 ad
980 4802 1179 4883 Capitularia:
1202 4803 1253 4865 ubi
1276 4821 1316 4864 ex
1339 4800 1478 4864 Concilio
1500 4800 1634 4862 Romano
1657 4806 1799 4860 recenset
1827 4797 1946 4859 diversa
1973 4793 2043 4855 An-

669 4904 808 4987 gelorum
831 4903 965 4977 nomina,
989 4919 1067 4981 quae
1091 4918 1239 4982 usurpare
1263 4899 1371 4963 deinde
1393 4899 1576 4982 prohibitum
1598 4898 1668 4960 init:
1691 4896 1827 4978 mannis
1849 4894 1960 4958 Urieiis
1982 4911 2042 4966 neq

668 5019 737 5064 men
752 5000 863 5063 diutius
877 5001 1136 5082 perseveraverit.
1169 4999 1296 5080 lieiiqua
1312 4998 1539 5074 obsoleverunt,
1561 5011 1735 5059 neccarum
1747 4996 1890 5059 memoria
1911 4992 2044 5076 perstitit
