<?xml version="1.0" encoding="UTF-8"?>
<!DOCTYPE html PUBLIC "-//W3C//DTD XHTML 1.0 Transitional//EN"
    "http://www.w3.org/TR/xhtml1/DTD/xhtml1-transitional.dtd">
<html xmlns="http://www.w3.org/1999/xhtml" xml:lang="en" lang="en">
 <head>
  <title>
</title>
<meta http-equiv="Content-Type" content="text/html;charset=utf-8" />
  <meta name='ocr-system' content='tesseract 3.04.00' />
  <meta name='ocr-capabilities' content='ocr_page ocr_carea ocr_par ocr_line ocrx_word'/>
</head>
<body>
  <div class='ocr_page' id='page_1' title='image "./liturgiarumorie00unkngoog/liturgiarumorie00unkngoog_1057.png"; bbox 0 0 4525 6034; ppageno 0'>
   <div class='ocr_carea' id='block_1_1' title="bbox 598 572 1593 652">
    <p class='ocr_par' dir='ltr' id='par_1_1' title="bbox 598 572 1593 652">
     <span class='ocr_line' id='line_1_1' title="bbox 598 572 1593 652; baseline 0.004 -4"><span class='ocrx_word' id='word_1_1' title='bbox 598 572 877 649; x_wconf 82' lang='lat' dir='ltr'><strong>llATTHAEl</strong></span> <span class='ocrx_word' id='word_1_2' title='bbox 916 573 1201 652; x_wconf 80' lang='lat' dir='ltr'><strong>PASTORIS.</strong></span> <span class='ocrx_word' id='word_1_3' title='bbox 1519 578 1593 652; x_wconf 76' lang='lat' dir='ltr'><strong>stt</strong></span> 
     </span>
    </p>
   </div>
   <div class='ocr_carea' id='block_1_2' title="bbox 227 756 1040 1062">
    <p class='ocr_par' dir='ltr' id='par_1_2' title="bbox 227 756 1040 1062">
     <span class='ocr_line' id='line_1_2' title="bbox 227 756 1040 855; baseline 0.002 -26"><span class='ocrx_word' id='word_1_4' title='bbox 227 808 230 813; x_wconf 90' lang='lat'>-</span> <span class='ocrx_word' id='word_1_5' title='bbox 323 758 512 830; x_wconf 68' lang='lat' dir='ltr'><strong>macanos.</strong></span> <span class='ocrx_word' id='word_1_6' title='bbox 564 756 632 829; x_wconf 89' lang='lat' dir='ltr'><strong>Det</strong></span> <span class='ocrx_word' id='word_1_7' title='bbox 656 779 777 853; x_wconf 87' lang='lat' dir='ltr'><strong>pacem</strong></span> <span class='ocrx_word' id='word_1_8' title='bbox 802 763 1040 855; x_wconf 88' lang='lat' dir='ltr'><strong>unnsquisque.</strong></span> 
     </span>
     <span class='ocr_line' id='line_1_3' title="bbox 325 872 938 967; baseline 0.003 -23"><span class='ocrx_word' id='word_1_9' title='bbox 325 873 487 967; x_wconf 82' lang='lat' dir='ltr'><strong>Populos.</strong></span> <span class='ocrx_word' id='word_1_10' title='bbox 540 873 680 945; x_wconf 87' lang='lat' dir='ltr'><strong>Praesta</strong></span> <span class='ocrx_word' id='word_1_11' title='bbox 705 872 815 946; x_wconf 91' lang='lat' dir='ltr'><strong>nobis.</strong></span> <span class='ocrx_word' id='word_1_12' title='bbox 935 887 938 894; x_wconf 90' lang='grc'><strong>’</strong></span> 
     </span>
     <span class='ocr_line' id='line_1_4' title="bbox 324 989 655 1062; baseline -0.003 -1"><span class='ocrx_word' id='word_1_13' title='bbox 324 990 510 1061; x_wconf 87' lang='lat' dir='ltr'><strong>Sacerdos.</strong></span> <span class='ocrx_word' id='word_1_14' title='bbox 563 989 655 1062; x_wconf 85' lang='lat' dir='ltr'><strong>Post</strong></span> 
     </span>
    </p>
   </div>
   <div class='ocr_carea' id='block_1_3' title="bbox 324 1100 1596 1319">
    <p class='ocr_par' dir='ltr' id='par_1_3' title="bbox 324 1100 1596 1319">
     <span class='ocr_line' id='line_1_5' title="bbox 327 1100 1568 1221; baseline 0.005 -46"><span class='ocrx_word' id='word_1_15' title='bbox 327 1104 488 1197; x_wconf 82' lang='lat' dir='ltr'><strong>Populus.</strong></span> <span class='ocrx_word' id='word_1_16' title='bbox 544 1100 669 1176; x_wconf 86' lang='lat' dir='ltr'><strong>Coram</strong></span> <span class='ocrx_word' id='word_1_17' title='bbox 695 1112 739 1176; x_wconf 87' lang='lat' dir='ltr'><strong>te.</strong></span> <span class='ocrx_word' id='word_1_18' title='bbox 1563 1212 1568 1221; x_wconf 89' lang='lat'><strong>.</strong></span> 
     </span>
     <span class='ocr_line' id='line_1_6' title="bbox 324 1219 1596 1319; baseline 0.004 -28"><span class='ocrx_word' id='word_1_19' title='bbox 324 1219 504 1291; x_wconf 70' lang='lat' dir='ltr'><strong>Iliacam</strong></span> <span class='ocrx_word' id='word_1_20' title='bbox 530 1219 615 1290; x_wconf 82' lang='lat' dir='ltr'><strong>dicit</strong></span> <span class='ocrx_word' id='word_1_21' title='bbox 640 1219 800 1290; x_wconf 82' lang='lat' dir='ltr'><strong>Mediam.</strong></span> <span class='ocrx_word' id='word_1_22' title='bbox 838 1219 906 1292; x_wconf 86' lang='lat' dir='ltr'><strong>Hbs</strong></span> <span class='ocrx_word' id='word_1_23' title='bbox 935 1225 990 1316; x_wconf 89' lang='lat' dir='ltr'><strong>qui</strong></span> <span class='ocrx_word' id='word_1_24' title='bbox 1015 1244 1091 1294; x_wconf 87' lang='lat' dir='ltr'><strong>cum</strong></span> <span class='ocrx_word' id='word_1_25' title='bbox 1117 1222 1183 1299; x_wconf 86' lang='lat' dir='ltr'><strong>lide</strong></span> <span class='ocrx_word' id='word_1_26' title='bbox 1207 1221 1423 1312; x_wconf 67' lang='lat' dir='ltr'><strong>inclinantur,</strong></span> <span class='ocrx_word' id='word_1_27' title='bbox 1456 1232 1596 1319; x_wconf 89' lang='lat' dir='ltr'><strong>praesta</strong></span> 
     </span>
    </p>
   </div>
   <div class='ocr_carea' id='block_1_4' title="bbox 63 1333 1597 1434">
    <p class='ocr_par' dir='ltr' id='par_1_4' title="bbox 63 1333 1597 1434">
     <span class='ocr_line' id='line_1_7' title="bbox 63 1333 1597 1434; baseline 0.002 -26"><span class='ocrx_word' id='word_1_28' title='bbox 63 1412 69 1421; x_wconf 69' lang='grc'><em>,</em></span> <span class='ocrx_word' id='word_1_29' title='bbox 219 1336 365 1409; x_wconf 82' lang='lat' dir='ltr'><strong>Domine</strong></span> <span class='ocrx_word' id='word_1_30' title='bbox 391 1345 429 1407; x_wconf 88' lang='lat' dir='ltr'><strong>nt</strong></span> <span class='ocrx_word' id='word_1_31' title='bbox 453 1337 636 1430; x_wconf 89' lang='lat' dir='ltr'><strong>suscipiant</strong></span> <span class='ocrx_word' id='word_1_32' title='bbox 668 1359 689 1407; x_wconf 93' lang='lat' dir='ltr'><strong>a</strong></span> <span class='ocrx_word' id='word_1_33' title='bbox 720 1346 755 1406; x_wconf 91' lang='lat' dir='ltr'><strong>te</strong></span> <span class='ocrx_word' id='word_1_34' title='bbox 787 1333 1057 1426; x_wconf 90' lang='lat' dir='ltr'><strong>benedictiones,</strong></span> <span class='ocrx_word' id='word_1_35' title='bbox 1092 1337 1136 1410; x_wconf 90' lang='lat' dir='ltr'><strong>ad</strong></span> <span class='ocrx_word' id='word_1_36' title='bbox 1170 1337 1349 1411; x_wconf 89' lang='lat' dir='ltr'><strong>obtinenda</strong></span> <span class='ocrx_word' id='word_1_37' title='bbox 1383 1338 1472 1411; x_wconf 88' lang='lat' dir='ltr'><strong>bona</strong></span> <span class='ocrx_word' id='word_1_38' title='bbox 1510 1362 1597 1434; x_wconf 92' lang='lat' dir='ltr'><strong>quae</strong></span> 
     </span>
    </p>
   </div>
   <div class='ocr_carea' id='block_1_5' title="bbox 220 1450 1597 3044">
    <p class='ocr_par' dir='ltr' id='par_1_5' title="bbox 220 1450 1156 1547">
     <span class='ocr_line' id='line_1_8' title="bbox 220 1450 1156 1547; baseline 0.004 -24"><span class='ocrx_word' id='word_1_39' title='bbox 220 1450 366 1547; x_wconf 87' lang='lat' dir='ltr'><strong>pacificis</strong></span> <span class='ocrx_word' id='word_1_40' title='bbox 392 1454 617 1546; x_wconf 89' lang='lat' dir='ltr'><strong>praeparasti:</strong></span> <span class='ocrx_word' id='word_1_41' title='bbox 643 1462 680 1523; x_wconf 89' lang='lat' dir='ltr'><strong>nt</strong></span> <span class='ocrx_word' id='word_1_42' title='bbox 706 1450 891 1525; x_wconf 84' lang='lat' dir='ltr'><strong>referamus</strong></span> <span class='ocrx_word' id='word_1_43' title='bbox 917 1451 975 1525; x_wconf 91' lang='lat' dir='ltr'><strong>tibi</strong></span> <span class='ocrx_word' id='word_1_44' title='bbox 1002 1452 1156 1545; x_wconf 87' lang='lat' dir='ltr'><strong>gloriam.</strong></span> 
     </span>
    </p>

    <p class='ocr_par' dir='ltr' id='par_1_6' title="bbox 324 1566 658 1660">
     <span class='ocr_line' id='line_1_9' title="bbox 324 1566 658 1660; baseline -0.003 -23"><span class='ocrx_word' id='word_1_45' title='bbox 324 1566 487 1660; x_wconf 80' lang='lat' dir='ltr'><strong>Populus.</strong></span> <span class='ocrx_word' id='word_1_46' title='bbox 537 1566 658 1638; x_wconf 85' lang='lat' dir='ltr'><strong>Amen.</strong></span> 
     </span>
    </p>

    <p class='ocr_par' dir='ltr' id='par_1_7' title="bbox 220 1681 1597 2010">
     <span class='ocr_line' id='line_1_10' title="bbox 324 1681 1597 1782; baseline 0.006 -30"><span class='ocrx_word' id='word_1_47' title='bbox 324 1681 509 1754; x_wconf 84' lang='lat' dir='ltr'><strong>Sacerdos.</strong></span> <span class='ocrx_word' id='word_1_48' title='bbox 561 1681 695 1753; x_wconf 90' lang='lat' dir='ltr'><strong>Remoti</strong></span> <span class='ocrx_word' id='word_1_49' title='bbox 721 1704 741 1753; x_wconf 92' lang='lat' dir='ltr'><strong>a</strong></span> <span class='ocrx_word' id='word_1_50' title='bbox 767 1681 978 1777; x_wconf 81' lang='lat' dir='ltr'><strong>passionibus</strong></span> <span class='ocrx_word' id='word_1_51' title='bbox 994 1706 1080 1779; x_wconf 82' lang='lat' dir='ltr'><strong>qnae</strong></span> <span class='ocrx_word' id='word_1_52' title='bbox 1097 1694 1272 1780; x_wconf 83' lang='lat' dir='ltr'><strong>peccatum</strong></span> <span class='ocrx_word' id='word_1_53' title='bbox 1290 1696 1487 1780; x_wconf 80' lang='lat' dir='ltr'><strong>operantur:</strong></span> <span class='ocrx_word' id='word_1_54' title='bbox 1509 1709 1597 1782; x_wconf 94' lang='lat' dir='ltr'><strong>pro-</strong></span> 
     </span>
     <span class='ocr_line' id='line_1_11' title="bbox 221 1796 1597 1894; baseline 0.004 -26"><span class='ocrx_word' id='word_1_55' title='bbox 221 1798 303 1868; x_wconf 86' lang='lat' dir='ltr'><strong>ximi</strong></span> <span class='ocrx_word' id='word_1_56' title='bbox 329 1808 363 1869; x_wconf 83' lang='lat' dir='ltr'><strong>et</strong></span> <span class='ocrx_word' id='word_1_57' title='bbox 388 1796 562 1869; x_wconf 80' lang='lat' dir='ltr'><strong>domestici</strong></span> <span class='ocrx_word' id='word_1_58' title='bbox 588 1800 621 1868; x_wconf 91' lang='lat' dir='ltr'><strong>in</strong></span> <span class='ocrx_word' id='word_1_59' title='bbox 654 1818 762 1890; x_wconf 86' lang='lat' dir='ltr'><strong>regno</strong></span> <span class='ocrx_word' id='word_1_60' title='bbox 798 1820 1035 1894; x_wconf 82' lang='lat' dir='ltr'><strong>appareamus,</strong></span> <span class='ocrx_word' id='word_1_61' title='bbox 1075 1799 1242 1873; x_wconf 91' lang='lat' dir='ltr'><strong>mediante</strong></span> <span class='ocrx_word' id='word_1_62' title='bbox 1276 1801 1341 1873; x_wconf 90' lang='lat' dir='ltr'><strong>bac</strong></span> <span class='ocrx_word' id='word_1_63' title='bbox 1375 1800 1597 1891; x_wconf 85' lang='lat' dir='ltr'><strong>Eucharistia,</strong></span> 
     </span>
     <span class='ocr_line' id='line_1_12' title="bbox 220 1911 1425 2010; baseline 0.005 -26"><span class='ocrx_word' id='word_1_64' title='bbox 220 1934 319 2007; x_wconf 89' lang='lat' dir='ltr'><strong>quam</strong></span> <span class='ocrx_word' id='word_1_65' title='bbox 345 1912 405 1986; x_wconf 90' lang='lat' dir='ltr'><strong>tibi</strong></span> <span class='ocrx_word' id='word_1_66' title='bbox 431 1911 598 1982; x_wconf 80' lang='lat' dir='ltr'><strong>oderimus</strong></span> <span class='ocrx_word' id='word_1_67' title='bbox 623 1912 786 1985; x_wconf 88' lang='lat' dir='ltr'><strong>Domine:</strong></span> <span class='ocrx_word' id='word_1_68' title='bbox 813 1923 848 1985; x_wconf 92' lang='lat' dir='ltr'><strong>ut</strong></span> <span class='ocrx_word' id='word_1_69' title='bbox 874 1913 1060 1989; x_wconf 82' lang='lat' dir='ltr'><strong>referamus</strong></span> <span class='ocrx_word' id='word_1_70' title='bbox 1087 1914 1146 1988; x_wconf 92' lang='lat' dir='ltr'><strong>tibi</strong></span> <span class='ocrx_word' id='word_1_71' title='bbox 1172 1916 1334 2010; x_wconf 89' lang='lat' dir='ltr'><strong>gloriam,</strong></span> <span class='ocrx_word' id='word_1_72' title='bbox 1361 1927 1425 1990; x_wconf 88' lang='lat' dir='ltr'><strong>etc.</strong></span> 
     </span>
    </p>

    <p class='ocr_par' dir='ltr' id='par_1_8' title="bbox 234 2026 663 2121">
     <span class='ocr_line' id='line_1_13' title="bbox 234 2026 663 2121; baseline 0.002 -24"><span class='ocrx_word' id='word_1_73' title='bbox 234 2104 237 2109; x_wconf 54' lang='grc'>,</span> <span class='ocrx_word' id='word_1_74' title='bbox 325 2026 489 2121; x_wconf 72' lang='lat' dir='ltr'><strong>Populus.</strong></span> <span class='ocrx_word' id='word_1_75' title='bbox 542 2028 663 2098; x_wconf 87' lang='lat' dir='ltr'><strong>Amen.</strong></span> 
     </span>
    </p>

    <p class='ocr_par' dir='ltr' id='par_1_9' title="bbox 323 2140 897 2217">
     <span class='ocr_line' id='line_1_14' title="bbox 323 2140 897 2217; baseline 0.007 -4"><span class='ocrx_word' id='word_1_76' title='bbox 323 2143 512 2214; x_wconf 77' lang='lat' dir='ltr'><strong>Diaconos.</strong></span> <span class='ocrx_word' id='word_1_77' title='bbox 566 2140 701 2214; x_wconf 75' lang='lat' dir='ltr'><strong>Sanus</strong></span> <span class='ocrx_word' id='word_1_78' title='bbox 728 2142 897 2217; x_wconf 88' lang='lat' dir='ltr'><strong>decenter.</strong></span> 
     </span>
    </p>

    <p class='ocr_par' dir='ltr' id='par_1_10' title="bbox 326 2257 886 2351">
     <span class='ocr_line' id='line_1_15' title="bbox 326 2257 886 2351; baseline 0 -22"><span class='ocrx_word' id='word_1_79' title='bbox 326 2257 488 2351; x_wconf 79' lang='lat' dir='ltr'><strong>Populus.</strong></span> <span class='ocrx_word' id='word_1_80' title='bbox 541 2258 796 2351; x_wconf 87' lang='lat' dir='ltr'><strong>illiserationes,</strong></span> <span class='ocrx_word' id='word_1_81' title='bbox 823 2270 886 2331; x_wconf 90' lang='lat' dir='ltr'><strong>etc.</strong></span> 
     </span>
    </p>

    <p class='ocr_par' dir='ltr' id='par_1_11' title="bbox 324 2372 946 2465">
     <span class='ocr_line' id='line_1_16' title="bbox 324 2372 946 2465; baseline 0.005 -21"><span class='ocrx_word' id='word_1_82' title='bbox 324 2372 510 2445; x_wconf 87' lang='lat' dir='ltr'><strong>Sacerdos.</strong></span> <span class='ocrx_word' id='word_1_83' title='bbox 565 2372 698 2446; x_wconf 85' lang='lat' dir='ltr'><strong>Caritas</strong></span> <span class='ocrx_word' id='word_1_84' title='bbox 724 2376 855 2465; x_wconf 87' lang='lat' dir='ltr'><strong>Patris,</strong></span> <span class='ocrx_word' id='word_1_85' title='bbox 882 2386 946 2448; x_wconf 90' lang='lat' dir='ltr'><strong>etc.</strong></span> 
     </span>
    </p>

    <p class='ocr_par' dir='ltr' id='par_1_12' title="bbox 327 2488 662 2582">
     <span class='ocr_line' id='line_1_17' title="bbox 327 2488 662 2582; baseline 0.003 -24"><span class='ocrx_word' id='word_1_86' title='bbox 327 2488 489 2582; x_wconf 77' lang='lat' dir='ltr'><strong>Populus.</strong></span> <span class='ocrx_word' id='word_1_87' title='bbox 541 2490 662 2563; x_wconf 88' lang='lat' dir='ltr'><strong>Amen.</strong></span> 
     </span>
    </p>

    <p class='ocr_par' dir='ltr' id='par_1_13' title="bbox 324 2604 845 2681">
     <span class='ocr_line' id='line_1_18' title="bbox 324 2604 845 2681; baseline 0.004 -6"><span class='ocrx_word' id='word_1_88' title='bbox 324 2604 511 2676; x_wconf 88' lang='lat' dir='ltr'><strong>Sacerdos.</strong></span> <span class='ocrx_word' id='word_1_89' title='bbox 564 2604 705 2677; x_wconf 88' lang='lat' dir='ltr'><strong>Sursum</strong></span> <span class='ocrx_word' id='word_1_90' title='bbox 730 2604 845 2681; x_wconf 89' lang='lat' dir='ltr'><strong>corda.</strong></span> 
     </span>
    </p>

    <p class='ocr_par' dir='ltr' id='par_1_14' title="bbox 326 2718 993 2811">
     <span class='ocr_line' id='line_1_19' title="bbox 326 2718 993 2811; baseline 0.004 -22"><span class='ocrx_word' id='word_1_91' title='bbox 326 2719 487 2811; x_wconf 79' lang='lat' dir='ltr'><strong>Populos.</strong></span> <span class='ocrx_word' id='word_1_92' title='bbox 540 2718 711 2795; x_wconf 88' lang='lat' dir='ltr'><strong>Habemus</strong></span> <span class='ocrx_word' id='word_1_93' title='bbox 738 2720 781 2792; x_wconf 96' lang='lat' dir='ltr'><strong>ad</strong></span> <span class='ocrx_word' id='word_1_94' title='bbox 806 2722 993 2793; x_wconf 90' lang='lat' dir='ltr'><strong>Dominam.</strong></span> 
     </span>
    </p>

    <p class='ocr_par' dir='ltr' id='par_1_15' title="bbox 326 2833 1050 2929">
     <span class='ocr_line' id='line_1_20' title="bbox 326 2833 1050 2929; baseline 0.001 -23"><span class='ocrx_word' id='word_1_95' title='bbox 326 2834 512 2906; x_wconf 82' lang='lat' dir='ltr'><strong>Sacerdos.</strong></span> <span class='ocrx_word' id='word_1_96' title='bbox 565 2833 701 2911; x_wconf 89' lang='lat' dir='ltr'><strong>Gratias</strong></span> <span class='ocrx_word' id='word_1_97' title='bbox 728 2858 868 2929; x_wconf 83' lang='lat' dir='ltr'><strong>agamus</strong></span> <span class='ocrx_word' id='word_1_98' title='bbox 894 2836 1050 2909; x_wconf 90' lang='lat' dir='ltr'><strong>Domino.</strong></span> 
     </span>
    </p>

    <p class='ocr_par' dir='ltr' id='par_1_16' title="bbox 325 2948 984 3044">
     <span class='ocr_line' id='line_1_21' title="bbox 325 2948 984 3044; baseline 0 -22"><span class='ocrx_word' id='word_1_99' title='bbox 325 2950 486 3044; x_wconf 78' lang='lat' dir='ltr'><strong>Populus.</strong></span> <span class='ocrx_word' id='word_1_100' title='bbox 539 2948 687 3042; x_wconf 87' lang='lat' dir='ltr'><strong>Dignum</strong></span> <span class='ocrx_word' id='word_1_101' title='bbox 713 2962 748 3024; x_wconf 92' lang='lat' dir='ltr'><strong>et</strong></span> <span class='ocrx_word' id='word_1_102' title='bbox 769 2955 895 3044; x_wconf 85' lang='lat' dir='ltr'><strong>justum</strong></span> <span class='ocrx_word' id='word_1_103' title='bbox 922 2962 984 3025; x_wconf 87' lang='lat' dir='ltr'><strong>est</strong></span> 
     </span>
    </p>
   </div>
   <div class='ocr_carea' id='block_1_6' title="bbox 221 3064 1597 3851">
    <p class='ocr_par' dir='ltr' id='par_1_17' title="bbox 221 3064 1597 3276">
     <span class='ocr_line' id='line_1_22' title="bbox 327 3064 1597 3163; baseline 0.003 -26"><span class='ocrx_word' id='word_1_104' title='bbox 327 3064 502 3137; x_wconf 73' lang='lat' dir='ltr'><strong>Sacerdos</strong></span> <span class='ocrx_word' id='word_1_105' title='bbox 527 3066 718 3139; x_wconf 80' lang='lat' dir='ltr'><strong>inclinatas.</strong></span> <span class='ocrx_word' id='word_1_106' title='bbox 771 3067 865 3139; x_wconf 84' lang='lat' dir='ltr'><strong>Vere</strong></span> <span class='ocrx_word' id='word_1_107' title='bbox 891 3068 1002 3158; x_wconf 88' lang='lat' dir='ltr'><strong>Patri,</strong></span> <span class='ocrx_word' id='word_1_108' title='bbox 1029 3064 1115 3138; x_wconf 88' lang='lat' dir='ltr'><strong>Filio</strong></span> <span class='ocrx_word' id='word_1_109' title='bbox 1143 3078 1178 3138; x_wconf 89' lang='lat' dir='ltr'><strong>et</strong></span> <span class='ocrx_word' id='word_1_110' title='bbox 1209 3066 1346 3163; x_wconf 91' lang='lat' dir='ltr'><strong>Spiritui</strong></span> <span class='ocrx_word' id='word_1_111' title='bbox 1381 3079 1497 3142; x_wconf 90' lang='lat' dir='ltr'><strong>sancto</strong></span> <span class='ocrx_word' id='word_1_112' title='bbox 1530 3069 1597 3141; x_wconf 91' lang='lat' dir='ltr'><strong>de-</strong></span> 
     </span>
     <span class='ocr_line' id='line_1_23' title="bbox 221 3180 983 3276; baseline -0.001 -21"><span class='ocrx_word' id='word_1_113' title='bbox 221 3182 320 3255; x_wconf 87' lang='lat' dir='ltr'><strong>betur</strong></span> <span class='ocrx_word' id='word_1_114' title='bbox 344 3182 418 3255; x_wconf 90' lang='lat' dir='ltr'><strong>laus</strong></span> <span class='ocrx_word' id='word_1_115' title='bbox 444 3180 712 3274; x_wconf 85' lang='lat' dir='ltr'><strong>magnificentiae</strong></span> <span class='ocrx_word' id='word_1_116' title='bbox 737 3181 874 3255; x_wconf 89' lang='lat' dir='ltr'><strong>honoris</strong></span> <span class='ocrx_word' id='word_1_117' title='bbox 901 3186 983 3276; x_wconf 84' lang='lat' dir='ltr'><strong>ejus.</strong></span> 
     </span>
    </p>

    <p class='ocr_par' dir='ltr' id='par_1_18' title="bbox 221 3296 1597 3739">
     <span class='ocr_line' id='line_1_24' title="bbox 326 3296 1597 3396; baseline 0.002 -26"><span class='ocrx_word' id='word_1_118' title='bbox 326 3298 476 3370; x_wconf 70' lang='grc' dir='ltr'><strong>Εῑευαηε</strong></span> <span class='ocrx_word' id='word_1_119' title='bbox 500 3320 626 3369; x_wconf 78' lang='lat' dir='ltr'><strong>vocem.</strong></span> <span class='ocrx_word' id='word_1_120' title='bbox 679 3296 723 3369; x_wconf 83' lang='lat' dir='ltr'><strong>Et</strong></span> <span class='ocrx_word' id='word_1_121' title='bbox 748 3320 823 3370; x_wconf 91' lang='lat' dir='ltr'><strong>cum</strong></span> <span class='ocrx_word' id='word_1_122' title='bbox 843 3297 995 3373; x_wconf 90' lang='lat' dir='ltr'><strong>omnibus</strong></span> <span class='ocrx_word' id='word_1_123' title='bbox 1011 3300 1138 3372; x_wconf 73' lang='lat' dir='ltr'><strong>nataris</strong></span> <span class='ocrx_word' id='word_1_124' title='bbox 1161 3296 1387 3396; x_wconf 76' lang='lat' dir='ltr'><strong>spiritualibus</strong></span> <span class='ocrx_word' id='word_1_125' title='bbox 1412 3311 1447 3372; x_wconf 89' lang='lat' dir='ltr'><strong>et</strong></span> <span class='ocrx_word' id='word_1_126' title='bbox 1468 3299 1597 3372; x_wconf 85' lang='lat' dir='ltr'><strong>intelli·</strong></span> 
     </span>
     <span class='ocr_line' id='line_1_25' title="bbox 223 3405 1596 3507; baseline 0.001 -23"><span class='ocrx_word' id='word_1_127' title='bbox 223 3411 398 3505; x_wconf 87' lang='lat' dir='ltr'><strong>gentibus,</strong></span> <span class='ocrx_word' id='word_1_128' title='bbox 425 3411 568 3505; x_wconf 83' lang='lat' dir='ltr'><strong>gloriam</strong></span> <span class='ocrx_word' id='word_1_129' title='bbox 599 3405 614 3453; x_wconf 77' lang='lat'>²</span> <span class='ocrx_word' id='word_1_130' title='bbox 640 3411 822 3487; x_wconf 89' lang='lat' dir='ltr'><strong>secundam</strong></span> <span class='ocrx_word' id='word_1_131' title='bbox 847 3416 1060 3507; x_wconf 84' lang='lat' dir='ltr'><strong>cogitationis</strong></span> <span class='ocrx_word' id='word_1_132' title='bbox 1086 3425 1246 3487; x_wconf 90' lang='lat' dir='ltr'><strong>aeternae</strong></span> <span class='ocrx_word' id='word_1_133' title='bbox 1272 3413 1417 3487; x_wconf 89' lang='lat' dir='ltr'><strong>barbare</strong></span> <span class='ocrx_word' id='word_1_134' title='bbox 1450 3424 1483 3487; x_wconf 91' lang='lat' dir='ltr'><strong>et</strong></span> <span class='ocrx_word' id='word_1_135' title='bbox 1514 3415 1596 3488; x_wconf 95' lang='lat' dir='ltr'><strong>bal-</strong></span> 
     </span>
     <span class='ocr_line' id='line_1_26' title="bbox 221 3526 1597 3626; baseline 0 -26"><span class='ocrx_word' id='word_1_136' title='bbox 221 3527 380 3601; x_wconf 89' lang='lat' dir='ltr'><strong>butiendo</strong></span> <span class='ocrx_word' id='word_1_137' title='bbox 407 3526 578 3623; x_wconf 82' lang='lat' dir='ltr'><strong>tripliciter</strong></span> <span class='ocrx_word' id='word_1_138' title='bbox 605 3526 815 3602; x_wconf 87' lang='lat' dir='ltr'><strong>celebrantes</strong></span> <span class='ocrx_word' id='word_1_139' title='bbox 841 3532 1083 3625; x_wconf 90' lang='lat' dir='ltr'><strong>proprietatum</strong></span> <span class='ocrx_word' id='word_1_140' title='bbox 1108 3538 1237 3602; x_wconf 91' lang='lat' dir='ltr'><strong>tuarum</strong></span> <span class='ocrx_word' id='word_1_141' title='bbox 1263 3531 1426 3626; x_wconf 78' lang='lat' dir='ltr'><strong>mysteria</strong></span> <span class='ocrx_word' id='word_1_142' title='bbox 1457 3528 1597 3604; x_wconf 89' lang='lat' dir='ltr'><strong>conluse</strong></span> 
     </span>
     <span class='ocr_line' id='line_1_27' title="bbox 223 3641 635 3739; baseline 0 -24"><span class='ocrx_word' id='word_1_143' title='bbox 223 3643 449 3739; x_wconf 76' lang='lat' dir='ltr'><strong>explicamus,</strong></span> <span class='ocrx_word' id='word_1_144' title='bbox 476 3641 635 3717; x_wconf 88' lang='lat' dir='ltr'><strong>dicantes.</strong></span> 
     </span>
    </p>

    <p class='ocr_par' dir='ltr' id='par_1_19' title="bbox 326 3757 932 3851">
     <span class='ocr_line' id='line_1_28' title="bbox 326 3757 932 3851; baseline -0.002 -23"><span class='ocrx_word' id='word_1_145' title='bbox 326 3758 486 3851; x_wconf 76' lang='lat' dir='ltr'><strong>Papulas.</strong></span> <span class='ocrx_word' id='word_1_146' title='bbox 539 3757 633 3832; x_wconf 89' lang='lat' dir='ltr'><strong>Unns</strong></span> <span class='ocrx_word' id='word_1_147' title='bbox 659 3757 761 3830; x_wconf 88' lang='lat' dir='ltr'><strong>Pater</strong></span> <span class='ocrx_word' id='word_1_148' title='bbox 787 3766 932 3830; x_wconf 90' lang='lat' dir='ltr'><strong>sanctus.</strong></span> 
     </span>
    </p>
   </div>
   <div class='ocr_carea' id='block_1_7' title="bbox 219 3871 1615 5006">
    <p class='ocr_par' dir='ltr' id='par_1_20' title="bbox 222 3871 1615 4429">
     <span class='ocr_line' id='line_1_29' title="bbox 326 3871 1597 3969; baseline 0.002 -26"><span class='ocrx_word' id='word_1_149' title='bbox 326 3872 502 3945; x_wconf 79' lang='lat' dir='ltr'><strong>Sacerdos</strong></span> <span class='ocrx_word' id='word_1_150' title='bbox 532 3873 724 3945; x_wconf 80' lang='lat' dir='ltr'><strong>inclinatus.</strong></span> <span class='ocrx_word' id='word_1_151' title='bbox 777 3871 871 3944; x_wconf 89' lang='lat' dir='ltr'><strong>Unus</strong></span> <span class='ocrx_word' id='word_1_152' title='bbox 899 3895 937 3945; x_wconf 92' lang='lat' dir='ltr'><strong>es</strong></span> <span class='ocrx_word' id='word_1_153' title='bbox 964 3871 1168 3963; x_wconf 89' lang='lat' dir='ltr'><strong>substantia,</strong></span> <span class='ocrx_word' id='word_1_154' title='bbox 1194 3876 1350 3963; x_wconf 92' lang='lat' dir='ltr'><strong>Domine,</strong></span> <span class='ocrx_word' id='word_1_155' title='bbox 1378 3877 1483 3946; x_wconf 88' lang='lat' dir='ltr'><strong>trinus</strong></span> <span class='ocrx_word' id='word_1_156' title='bbox 1509 3897 1597 3969; x_wconf 89' lang='lat' dir='ltr'><strong>per-</strong></span> 
     </span>
     <span class='ocr_line' id='line_1_30' title="bbox 223 3984 1615 4084; baseline -0.002 -22"><span class='ocrx_word' id='word_1_157' title='bbox 223 3992 325 4064; x_wconf 87' lang='lat' dir='ltr'><strong>sonis.</strong></span> <span class='ocrx_word' id='word_1_158' title='bbox 379 3984 463 4059; x_wconf 80' lang='lat' dir='ltr'><strong>Cum</strong></span> <span class='ocrx_word' id='word_1_159' title='bbox 489 4010 575 4060; x_wconf 91' lang='lat' dir='ltr'><strong>vero</strong></span> <span class='ocrx_word' id='word_1_160' title='bbox 603 3987 744 4060; x_wconf 88' lang='lat' dir='ltr'><strong>salutern</strong></span> <span class='ocrx_word' id='word_1_161' title='bbox 764 3998 913 4060; x_wconf 88' lang='lat' dir='ltr'><strong>nostram</strong></span> <span class='ocrx_word' id='word_1_162' title='bbox 940 3987 1159 4084; x_wconf 85' lang='lat' dir='ltr'><strong>providenter</strong></span> <span class='ocrx_word' id='word_1_163' title='bbox 1185 3987 1358 4079; x_wconf 89' lang='lat' dir='ltr'><strong>ordinasti,</strong></span> <span class='ocrx_word' id='word_1_164' title='bbox 1383 3987 1535 4060; x_wconf 85' lang='lat' dir='ltr'><strong>Verbum</strong></span> <span class='ocrx_word' id='word_1_165' title='bbox 1551 4010 1615 4059; x_wconf 70' lang='lat' dir='ltr'><strong>ex&#39;</strong></span> 
     </span>
     <span class='ocr_line' id='line_1_31' title="bbox 222 4102 1598 4198; baseline -0.003 -23"><span class='ocrx_word' id='word_1_166' title='bbox 222 4114 333 4177; x_wconf 93' lang='lat' dir='ltr'><strong>mente</strong></span> <span class='ocrx_word' id='word_1_167' title='bbox 364 4112 439 4192; x_wconf 90' lang='lat' dir='ltr'><strong>tua,</strong></span> <span class='ocrx_word' id='word_1_168' title='bbox 472 4105 591 4177; x_wconf 85' lang='lat' dir='ltr'><strong>misisti</strong></span> <span class='ocrx_word' id='word_1_169' title='bbox 624 4106 658 4175; x_wconf 91' lang='lat' dir='ltr'><strong>in</strong></span> <span class='ocrx_word' id='word_1_170' title='bbox 691 4102 844 4176; x_wconf 89' lang='lat' dir='ltr'><strong>mnndum</strong></span> <span class='ocrx_word' id='word_1_171' title='bbox 880 4103 1009 4198; x_wconf 92' lang='lat' dir='ltr'><strong>absque</strong></span> <span class='ocrx_word' id='word_1_172' title='bbox 1042 4107 1283 4198; x_wconf 91' lang='lat' dir='ltr'><strong>proprietatum</strong></span> <span class='ocrx_word' id='word_1_173' title='bbox 1314 4102 1527 4175; x_wconf 84' lang='lat' dir='ltr'><strong>detrimento:</strong></span> <span class='ocrx_word' id='word_1_174' title='bbox 1564 4111 1598 4171; x_wconf 90' lang='lat' dir='ltr'><strong>et</strong></span> 
     </span>
     <span class='ocr_line' id='line_1_32' title="bbox 222 4216 1598 4315; baseline -0.004 -24"><span class='ocrx_word' id='word_1_175' title='bbox 222 4243 267 4292; x_wconf 80' lang='lat' dir='ltr'><strong>ex</strong></span> <span class='ocrx_word' id='word_1_176' title='bbox 294 4219 420 4315; x_wconf 86' lang='lat' dir='ltr'><strong>Spiritu</strong></span> <span class='ocrx_word' id='word_1_177' title='bbox 453 4229 592 4309; x_wconf 91' lang='lat' dir='ltr'><strong>sancto,</strong></span> <span class='ocrx_word' id='word_1_178' title='bbox 629 4231 729 4314; x_wconf 91' lang='lat' dir='ltr'><strong>atque</strong></span> <span class='ocrx_word' id='word_1_179' title='bbox 764 4241 810 4290; x_wconf 82' lang='lat' dir='ltr'><strong>ex</strong></span> <span class='ocrx_word' id='word_1_180' title='bbox 842 4222 1006 4310; x_wconf 91' lang='lat' dir='ltr'><strong>sanguine</strong></span> <span class='ocrx_word' id='word_1_181' title='bbox 1032 4218 1215 4312; x_wconf 70' lang='lat' dir='ltr'><strong>virginali,</strong></span> <span class='ocrx_word' id='word_1_182' title='bbox 1251 4241 1387 4291; x_wconf 89' lang='lat' dir='ltr'><strong>carnem</strong></span> <span class='ocrx_word' id='word_1_183' title='bbox 1422 4216 1536 4305; x_wconf 87' lang='lat' dir='ltr'><strong>induit,</strong></span> <span class='ocrx_word' id='word_1_184' title='bbox 1564 4225 1598 4286; x_wconf 89' lang='lat' dir='ltr'><strong>et</strong></span> 
     </span>
     <span class='ocr_line' id='line_1_33' title="bbox 225 4328 1596 4429; baseline -0.003 -23"><span class='ocrx_word' id='word_1_185' title='bbox 225 4328 240 4369; x_wconf 83' lang='lat'>³</span> <span class='ocrx_word' id='word_1_186' title='bbox 266 4337 403 4426; x_wconf 88' lang='lat' dir='ltr'><strong>imagini</strong></span> <span class='ocrx_word' id='word_1_187' title='bbox 429 4334 654 4427; x_wconf 74' lang='lat' dir='ltr'><strong>configuratos</strong></span> <span class='ocrx_word' id='word_1_188' title='bbox 682 4347 751 4425; x_wconf 90' lang='lat' dir='ltr'><strong>est,</strong></span> <span class='ocrx_word' id='word_1_189' title='bbox 776 4334 1030 4429; x_wconf 84' lang='lat' dir='ltr'><strong>libertatemque</strong></span> <span class='ocrx_word' id='word_1_190' title='bbox 1057 4333 1148 4406; x_wconf 86' lang='lat' dir='ltr'><strong>dedit</strong></span> <span class='ocrx_word' id='word_1_191' title='bbox 1169 4333 1357 4426; x_wconf 82' lang='lat' dir='ltr'><strong>jacentibus</strong></span> <span class='ocrx_word' id='word_1_192' title='bbox 1383 4336 1417 4405; x_wconf 95' lang='lat' dir='ltr'><strong>in</strong></span> <span class='ocrx_word' id='word_1_193' title='bbox 1442 4340 1596 4427; x_wconf 85' lang='lat' dir='ltr'><strong>peccato.</strong></span> 
     </span>
    </p>

    <p class='ocr_par' dir='ltr' id='par_1_21' title="bbox 219 4445 1599 5006">
     <span class='ocr_line' id='line_1_34' title="bbox 328 4445 1598 4559; baseline -0.002 -39"><span class='ocrx_word' id='word_1_194' title='bbox 328 4450 480 4521; x_wconf 80' lang='lat' dir='ltr'><strong>Eteonos</strong></span> <span class='ocrx_word' id='word_1_195' title='bbox 503 4471 629 4522; x_wconf 76' lang='lat' dir='ltr'><strong>cocao</strong></span> <span class='ocrx_word' id='word_1_196' title='bbox 684 4451 834 4546; x_wconf 84' lang='lat' dir='ltr'><strong>Cumque</strong></span> <span class='ocrx_word' id='word_1_197' title='bbox 851 4452 1110 4559; x_wconf 32' lang='lat' dir='ltr'><strong>‘Testamentum</strong></span> <span class='ocrx_word' id='word_1_198' title='bbox 1138 4472 1274 4540; x_wconf 89' lang='lat' dir='ltr'><strong>novum,</strong></span> <span class='ocrx_word' id='word_1_199' title='bbox 1301 4472 1367 4545; x_wconf 92' lang='lat' dir='ltr'><strong>quo</strong></span> <span class='ocrx_word' id='word_1_200' title='bbox 1387 4460 1486 4522; x_wconf 90' lang='lat' dir='ltr'><strong>vetus</strong></span> <span class='ocrx_word' id='word_1_201' title='bbox 1507 4445 1598 4519; x_wconf 92' lang='lat' dir='ltr'><strong>abo-</strong></span> 
     </span>
     <span class='ocr_line' id='line_1_35' title="bbox 220 4564 1598 4662; baseline -0.003 -25"><span class='ocrx_word' id='word_1_202' title='bbox 220 4566 346 4638; x_wconf 89' lang='lat' dir='ltr'><strong>leretur</strong></span> <span class='ocrx_word' id='word_1_203' title='bbox 372 4564 508 4637; x_wconf 87' lang='lat' dir='ltr'><strong>tradere</strong></span> <span class='ocrx_word' id='word_1_204' title='bbox 533 4565 654 4657; x_wconf 87' lang='lat' dir='ltr'><strong>vellet,</strong></span> <span class='ocrx_word' id='word_1_205' title='bbox 680 4589 801 4662; x_wconf 91' lang='lat' dir='ltr'><strong>panem</strong></span> <span class='ocrx_word' id='word_1_206' title='bbox 831 4568 847 4606; x_wconf 83' lang='lat'><strong>⁴</strong></span> <span class='ocrx_word' id='word_1_207' title='bbox 872 4565 1118 4655; x_wconf 87' lang='lat' dir='ltr'><strong>fermentatum,</strong></span> <span class='ocrx_word' id='word_1_208' title='bbox 1145 4567 1179 4636; x_wconf 93' lang='lat' dir='ltr'><strong>in</strong></span> <span class='ocrx_word' id='word_1_209' title='bbox 1196 4587 1261 4660; x_wconf 91' lang='lat' dir='ltr'><strong>quo</strong></span> <span class='ocrx_word' id='word_1_210' title='bbox 1283 4565 1480 4662; x_wconf 75' lang='lat' dir='ltr'><strong>mysterium</strong></span> <span class='ocrx_word' id='word_1_211' title='bbox 1505 4566 1598 4634; x_wconf 85' lang='lat' dir='ltr'><strong>vitae</strong></span> 
     </span>
     <span class='ocr_line' id='line_1_36' title="bbox 219 4678 1597 4776; baseline -0.001 -24"><span class='ocrx_word' id='word_1_212' title='bbox 219 4679 413 4774; x_wconf 85' lang='lat' dir='ltr'><strong>tegebatur,</strong></span> <span class='ocrx_word' id='word_1_213' title='bbox 441 4684 588 4775; x_wconf 87' lang='lat' dir='ltr'><strong>accepit,</strong></span> <span class='ocrx_word' id='word_1_214' title='bbox 615 4692 649 4753; x_wconf 89' lang='lat' dir='ltr'><strong>et</strong></span> <span class='ocrx_word' id='word_1_215' title='bbox 678 4681 785 4755; x_wconf 90' lang='lat' dir='ltr'><strong>oculis</strong></span> <span class='ocrx_word' id='word_1_216' title='bbox 810 4684 945 4756; x_wconf 89' lang='lat' dir='ltr'><strong>intentis</strong></span> <span class='ocrx_word' id='word_1_217' title='bbox 972 4683 1141 4776; x_wconf 90' lang='lat' dir='ltr'><strong>aspiciens</strong></span> <span class='ocrx_word' id='word_1_218' title='bbox 1174 4678 1217 4752; x_wconf 89' lang='lat' dir='ltr'><strong>ad</strong></span> <span class='ocrx_word' id='word_1_219' title='bbox 1250 4689 1284 4752; x_wconf 90' lang='lat' dir='ltr'><strong>te</strong></span> <span class='ocrx_word' id='word_1_220' title='bbox 1317 4680 1436 4767; x_wconf 89' lang='lat' dir='ltr'><strong>Pater,</strong></span> <span class='ocrx_word' id='word_1_221' title='bbox 1469 4680 1597 4770; x_wconf 89' lang='lat' dir='ltr'><strong>gratias</strong></span> 
     </span>
     <span class='ocr_line' id='line_1_37' title="bbox 221 4792 1597 4889; baseline -0.004 -22"><span class='ocrx_word' id='word_1_222' title='bbox 221 4799 311 4887; x_wconf 91' lang='lat' dir='ltr'><strong>egit,</strong></span> <span class='ocrx_word' id='word_1_223' title='bbox 337 4796 367 4883; x_wconf 81' lang='lat'>†</span> <span class='ocrx_word' id='word_1_224' title='bbox 391 4793 584 4886; x_wconf 81' lang='lat' dir='ltr'><strong>benedixit,</strong></span> <span class='ocrx_word' id='word_1_225' title='bbox 611 4797 640 4884; x_wconf 83' lang='lat'><em>†</em></span> <span class='ocrx_word' id='word_1_226' title='bbox 666 4796 904 4886; x_wconf 85' lang='lat' dir='ltr'><strong>sanctificavit,</strong></span> <span class='ocrx_word' id='word_1_227' title='bbox 930 4797 960 4884; x_wconf 81' lang='lat'>†</span> <span class='ocrx_word' id='word_1_228' title='bbox 984 4794 1105 4888; x_wconf 81' lang='lat' dir='ltr'><strong>fregit,</strong></span> <span class='ocrx_word' id='word_1_229' title='bbox 1131 4796 1351 4889; x_wconf 83' lang='lat' dir='ltr'><strong>porrexitque</strong></span> <span class='ocrx_word' id='word_1_230' title='bbox 1378 4792 1597 4866; x_wconf 86' lang='lat' dir='ltr'><strong>discumben-</strong></span> 
     </span>
     <span class='ocr_line' id='line_1_38' title="bbox 221 4905 1599 5006; baseline -0.004 -23"><span class='ocrx_word' id='word_1_231' title='bbox 221 4910 309 4983; x_wconf 89' lang='lat' dir='ltr'><strong>tibus</strong></span> <span class='ocrx_word' id='word_1_232' title='bbox 336 4914 370 4982; x_wconf 92' lang='lat' dir='ltr'><strong>in</strong></span> <span class='ocrx_word' id='word_1_233' title='bbox 396 4933 504 4984; x_wconf 89' lang='lat' dir='ltr'><strong>coena</strong></span> <span class='ocrx_word' id='word_1_234' title='bbox 531 4934 592 4985; x_wconf 92' lang='lat' dir='ltr'><strong>sua</strong></span> <span class='ocrx_word' id='word_1_235' title='bbox 626 4910 760 4983; x_wconf 89' lang='lat' dir='ltr'><strong>dicens:</strong></span> <span class='ocrx_word' id='word_1_236' title='bbox 792 4911 966 5006; x_wconf 87' lang='lat' dir='ltr'><strong>Accipite,</strong></span> <span class='ocrx_word' id='word_1_237' title='bbox 991 4912 1167 4984; x_wconf 80' lang='lat' dir='ltr'><strong>vescimini</strong></span> <span class='ocrx_word' id='word_1_238' title='bbox 1200 4932 1246 4981; x_wconf 83' lang='lat' dir='ltr'><strong>ex</strong></span> <span class='ocrx_word' id='word_1_239' title='bbox 1279 4930 1332 4982; x_wconf 90' lang='lat' dir='ltr'><strong>eo.</strong></span> <span class='ocrx_word' id='word_1_240' title='bbox 1384 4908 1460 4982; x_wconf 89' lang='lat' dir='ltr'><strong>Hoc</strong></span> <span class='ocrx_word' id='word_1_241' title='bbox 1498 4905 1512 4945; x_wconf 78' lang='lat'><em>⁶</em></span> <span class='ocrx_word' id='word_1_242' title='bbox 1546 4916 1599 4979; x_wconf 89' lang='lat' dir='ltr'><strong>est</strong></span> 
     </span>
    </p>
   </div>
   <div class='ocr_carea' id='block_1_8' title="bbox 221 5022 1598 5213">
    <p class='ocr_par' dir='ltr' id='par_1_22' title="bbox 221 5022 1598 5213">
     <span class='ocr_line' id='line_1_39' title="bbox 221 5022 1598 5123; baseline -0.005 -25"><span class='ocrx_word' id='word_1_243' title='bbox 221 5047 302 5098; x_wconf 89' lang='lat' dir='ltr'><strong>caro</strong></span> <span class='ocrx_word' id='word_1_244' title='bbox 328 5049 425 5116; x_wconf 87' lang='lat' dir='ltr'><strong>mea,</strong></span> <span class='ocrx_word' id='word_1_245' title='bbox 452 5050 539 5122; x_wconf 91' lang='lat' dir='ltr'><strong>quae</strong></span> <span class='ocrx_word' id='word_1_246' title='bbox 565 5049 628 5123; x_wconf 94' lang='lat' dir='ltr'><strong>pro</strong></span> <span class='ocrx_word' id='word_1_247' title='bbox 656 5024 808 5100; x_wconf 89' lang='lat' dir='ltr'><strong>omnibus</strong></span> <span class='ocrx_word' id='word_1_248' title='bbox 834 5024 1002 5119; x_wconf 86' lang='lat' dir='ltr'><strong>fidelibus,</strong></span> <span class='ocrx_word' id='word_1_249' title='bbox 1028 5023 1105 5097; x_wconf 91' lang='lat' dir='ltr'><strong>mibi</strong></span> <span class='ocrx_word' id='word_1_250' title='bbox 1139 5023 1395 5097; x_wconf 89' lang='lat' dir='ltr'><strong>adhaerentibus</strong></span> <span class='ocrx_word' id='word_1_251' title='bbox 1430 5022 1598 5113; x_wconf 88' lang='lat' dir='ltr'><strong>dividitur,</strong></span> 
     </span>
     <span class='ocr_line' id='line_1_40' title="bbox 261 5140 1393 5213; baseline 0.004 -7"><span class='ocrx_word' id='word_1_252' title='bbox 261 5164 386 5207; x_wconf 76' lang='lat' dir='ltr'><strong>ramma</strong></span> <span class='ocrx_word' id='word_1_253' title='bbox 1342 5140 1393 5213; x_wconf 84' lang='grc'><strong>47</strong></span> 
     </span>
    </p>
   </div>
   <div class='ocr_carea' id='block_1_9' title="bbox 0 0 2273 6034">
    <p class='ocr_par' dir='ltr' id='par_1_23' title="bbox 0 0 2273 6034">
     <span class='ocr_line' id='line_1_41' title="bbox 0 0 2273 6034; baseline 0 0"><span class='ocrx_word' id='word_1_254' title='bbox 0 0 2273 6034; x_wconf 95' lang='lat' dir='ltr'><strong> </strong></span> 
     </span>
    </p>
   </div>
  </div>
 </body>
</html>
