4525 6034
707 566 782 639 370
1210 564 1570 643 ittuntur

707 750 791 812 dices
812 758 1052 832 repraesentant,
1075 750 1211 815 nonnulli
1233 770 1299 814 eam
1318 750 1464 830 Dionysio
1478 750 1624 814 Barsalibi
1636 754 1812 833 attribuunt,
1836 754 1953 817 dicenda
1971 760 2039 837 paulo

708 858 777 912 ante
801 850 1055 914 Communionem.
1106 850 1172 912 Hoc
1201 858 1246 911 est
1268 851 1488 928 commodatius
1510 854 1684 931 supputate:
1706 854 1756 916 hr'c
1778 862 1824 915 est
1845 858 1959 935 scopans
1975 860 2043 921 iathar

708 952 855 1031 corporis.
900 951 1020 1033 Rogant
1048 952 1140 1034 igilur
1169 959 1202 1011 ut
1224 949 1350 1029 Spiritus
1378 956 1499 1011 sanctus
1527 968 1636 1030 panem
1660 960 1691 1013 et
1713 952 1836 1015 calicem
1866 954 1947 1015 iaciat
1971 974 2040 1018 unum

711 1068 821 1131 corpus
844 1059 874 1114 et
896 1052 1087 1134 sanguinem:
1110 1049 1169 1111 hoc
1193 1058 1249 1127 est,
1278 1055 1310 1109 ut
1333 1066 1401 1110 cum
1422 1051 1597 1129 mysterium
1613 1060 1847 1114 consummatum
1870 1061 1924 1131 est,
1944 1062 2043 1136 utraque

711 1152 842 1231 species,
865 1159 924 1214 tam
947 1150 1045 1227 simul,
1068 1168 1156 1231 quarn
1184 1149 1301 1211 divisim
1332 1156 1509 1210 consecrata
1539 1149 1590 1211 vel
1617 1159 1729 1229 sumta,
1758 1170 1850 1213 unum
1877 1154 1913 1213 sit
1939 1163 2044 1215 sanctum

711 1239 750 1314 cd
774 1239 867 1332 ἅγιον
889 1250 947 1313 Ιιοο
970 1257 1017 1311 est
1039 1268 1097 1311 una
1118 1249 1317 1326 Eucharistia,
1340 1265 1431 1309 unum
1445 1257 1677 1327 sacramentum,
1699 1252 1836 1330 aequale,
1858 1259 1890 1312 ut
1910 1252 2008 1314 scilicet
2024 1262 2047 1316 et

713 1351 742 1412 in
766 1369 844 1431 pane
867 1368 980 1431 corpus
1004 1357 1034 1412 et
1056 1350 1190 1429 sanguis,
1214 1356 1246 1410 et
1269 1349 1299 1408 in
1322 1347 1416 1409 culice
1438 1348 1561 1431 sanguis
1585 1356 1735 1430 etcorpus
1759 1350 1923 1431 aequaliter
1941 1353 2047 1414 credan-

714 1457 778 1512 tur:
801 1450 926 1531 aeqaote
948 1449 1037 1512 etiam
1067 1448 1197 1526 idcirco,
1226 1449 1295 1528 quia
1324 1454 1481 1527 utrumque
1510 1447 1565 1509 sub
1593 1448 1735 1511 alterutra
1766 1452 1868 1530 specie
1896 1452 2049 1513 continetur:

713 1551 869 1631 rnpsticum
890 1550 955 1611 sive
978 1549 1208 1626 sacramentale,
1230 1554 1263 1608 ut
1286 1547 1399 1627 pariter
1420 1548 1498 1608 verti
1520 1555 1629 1627 potest,
1654 1549 1722 1628 quia
1743 1548 1816 1611 licet
1838 1568 1911 1612 vere
1931 1557 1959 1611 et
1976 1551 2049 1612 reali-

716 1657 773 1725 ter,
795 1650 920 1728 mystice
942 1656 1041 1711 tamen
1064 1649 1105 1725 ht,
1129 1650 1198 1728 quia
1221 1665 1281 1709 non
1303 1644 1488 1709 sensibiliter
1510 1646 1551 1725 iit,
1575 1647 1630 1709 sed
1654 1648 1683 1708 in
1706 1657 1906 1712 sacramento.
1943 1649 1980 1711 lta
1998 1651 2050 1712 illos

716 1749 842 1811 credere
865 1756 895 1809 et
917 1748 1008 1810 multa
1029 1749 1086 1810 alia
1109 1746 1275 1809 firmissima
1298 1754 1473 1828 argumenta
1504 1746 1720 1823 demonstrant,
1748 1756 1780 1810 et
1809 1750 1944 1829 maxime,
1964 1750 2052 1831 optima

715 1845 785 1908 fidei
807 1848 957 1928 interpres
980 1847 1151 1928 disciplina:
1174 1846 1336 1909 secundum
1360 1864 1448 1925 quam
1466 1845 1589 1908 inhrmis
1612 1845 1703 1928 longe
1725 1847 1831 1927 positis
1854 1848 1947 1910 solum
1968 1867 2052 1930 paren

715 1955 925 2009 consecratum
947 1948 1080 2009 mittunt:
1103 1946 1264 2008 inlantibus
1286 1946 1610 2033 solam'vinispeciem,
1633 1954 1665 2007 ut
1687 1945 1757 2008 alibi
1781 1945 1878 2009 fusius
1900 1948 2053 2028 explicatum

715 2052 770 2108 cst.
815 2045 958 2109 Eamdem
987 2047 1166 2109 sententiam
1188 2045 1253 2107 aliis
1276 2047 1388 2122 verbis,
1412 2044 1466 2107 sed
1488 2044 1568 2106 idem
1590 2044 1843 2127 significantibus,
1877 2048 2054 2128 expressitin

713 2144 849 2226 Liturgia
872 2164 927 2207 sua
950 2148 1117 2230 Gregorius
1140 2144 1370 2229 hbullaragius,
1400 2147 1429 2207 in
1452 2163 1510 2226 qua
1533 2145 1646 2228 gratias
1677 2148 1740 2229 agit
1769 2146 1835 2209 Deo
1864 2156 1983 2227 propter
1998 2147 2056 2209 idad

713 2264 821 2307 macas
849 2247 974 2326 duplae,
1002 2247 1083 2326 qaod
1111 2245 1281 2325 duplicibus
1303 2247 1428 2320 dedisti,
1458 2247 1595 2325 quamvis
1624 2252 1724 2307 tamen
1752 2266 1842 2308 unum
1871 2250 1913 2308 sit
1936 2255 1965 2309 et
1986 2249 2055 2308 aas

715 2351 815 2425 typam
837 2345 988 2408 exhibeat.
1011 2344 1130 2426 Duplex
1152 2362 1259 2406 munus
1281 2353 1369 2406 vocat
1390 2362 1498 2425 paoeru
1527 2350 1556 2404 et
1584 2345 1694 2424 vinum,
1718 2342 1795 2407 lacta
1819 2363 1932 2427 corpus
1953 2354 1982 2409 et
1999 2363 2056 2407 san·

714 2445 783 2527 guis
806 2443 927 2520 Christi,
950 2446 1050 2508 datum
1072 2445 1250 2523 hominibus,
1274 2447 1325 2526 qui
1355 2451 1493 2507 constant
1515 2462 1555 2505 ex
1577 2462 1707 2525 corpore
1737 2453 1767 2507 ct
1795 2447 1908 2508 anima:
1945 2444 2055 2527 momnis

651 2570 658 2577 ¹
714 2552 814 2606 tamen
836 2563 942 2608 munus
964 2545 1037 2607 illud
1058 2562 1149 2606 unum
1171 2546 1219 2623 sit,
1243 2545 1313 2625 quia
1335 2555 1424 2604 unum
1447 2551 1512 2621 est,
1535 2543 1565 2604 in
1587 2544 1700 2624 duplici
1721 2546 1824 2625 specle
1848 2552 2056 2619 sacramentum,

714 2645 853 2708 etunius
876 2653 979 2727 typum
1002 2646 1134 2721 exbibet,
1157 2645 1225 2724 quia
1248 2651 1569 2706 sacramentumunum
1595 2650 1642 2705 est
1664 2662 1700 2706 ea
1724 2663 1782 2725 qua
1805 2664 1880 2708 mox
1903 2645 2003 2707 dicturo
2021 2649 2056 2703 est

713 2747 840 2824 ratione,
863 2745 1074 2825 Christumque
1096 2761 1186 2806 unum
1209 2761 1271 2806 non
1293 2761 1424 2825 persona
1452 2742 1567 2821 solum,
1598 2742 1652 2805 sed
1681 2752 1803 2822 nutura,
1833 2753 1871 2807 ut
1901 2744 2057 2818 existimant,

713 2853 924 2925 repraesentat
946 2853 977 2908 et
999 2845 1131 2908 exbibet.
1177 2844 1251 2906 Nam
1274 2862 1314 2906 ex
1335 2842 1538 2924 praejudicata
1565 2841 1616 2904 illa
1638 2860 1693 2904 sua
1716 2845 1871 2924 opinione,
1896 2845 1965 2908 lieet
1983 2860 2057 2923 prae-

714 2945 796 3007 clare
818 2945 857 3007 de
878 2945 1085 3009 Eucharistiae
1107 2943 1167 3007 lide
1190 2943 1333 3021 scribant,
1356 2950 1533 3025 arguerenta
1547 2941 1668 3018 ducunt,
1690 2960 1768 3024 quae
1789 2943 1871 3033 illam
1895 2960 2057 3028 magnopere

715 3045 897 3107 conlirmant.

1092 3682 1694 3866 ultonem

795 4020 1031 4138 tulto
1082 4020 1373 4139 tntum
1425 4018 1972 4137 intentantis

1154 4259 1367 4339 urtscort
1397 4258 1627 4336 suessent.

1031 4498 1182 4571 Primum
1209 4499 1329 4570 Oratio
1356 4505 1436 4568 ante
1463 4497 1609 4569 osculum
1634 4497 1750 4570 Pacis.

777 4698 893 4801 Deus
924 4727 1024 4798 Pater
1057 4725 1199 4795 omnium
1232 4732 1266 4793 et
1300 4721 1442 4795 Domine
1478 4721 1727 4809 dominantium,
1766 4722 1907 4813 genitor
1940 4727 2057 4791 aeterne

707 4847 761 4938 qui
788 4846 931 4935 genuisti
957 4841 1073 4913 Filium
1101 4848 1283 4926 aeternum,
1310 4848 1344 4910 et
1370 4837 1411 4910 ab
1440 4849 1590 4927 aeterno,
1616 4839 1979 4933 nequetemporaliter,
2003 4853 2058 4903 non

706 4958 923 5047 divisibiliter,
950 4967 1006 5029 aut
1032 4954 1242 5028 mutabiliter:
1270 4959 1343 5050 ipse
1368 4953 1445 5026 lons
1471 4959 1583 5050 pacis,
1617 4965 1651 5025 et
1685 4958 1780 5047 origo
1814 4951 2056 5050 tranquillitatis

706 5073 916 5171 abyssusque
943 5077 1089 5146 caritatis
1115 5072 1304 5169 perfectae3
1332 5071 1384 5143 'lu
1409 5071 1549 5163 largitor
1575 5069 1782 5169 illiuspacis,
1807 5063 2055 5165 praestaretis
