4525 6034
596 584 650 660 Ab
665 581 872 660 ttluttttltt
888 578 1289 660 solutissimum
1377 515 1381 524 ¹
1556 579 1631 654 235

255 766 376 832 leudam
398 785 469 829 esse
492 786 532 830 ex
553 767 712 851 Diptychis
734 767 851 849 Regum
874 767 1065 846 memoriam,
1089 766 1159 847 quia
1181 773 1253 828 tunc
1281 766 1385 830 hostes
1412 767 1571 830 Ecclesiae
1601 771 1632 826 et

257 866 366 930 aelami
389 875 501 931 essent.
548 867 609 933 Sed
631 867 673 928 ait
694 884 764 929 esse
788 865 932 946 quosdam
954 865 1055 949 Reges
1086 865 1212 945 impios,
1242 864 1271 926 id
1302 874 1350 930 est
1379 865 1631 939 bluhamedanos3

258 965 522 1038 Calchedoncnses
545 964 691 1049 quosdam
713 965 846 1046 nequitia
869 983 930 1028 uon
952 964 1130 1038 inferiores,
1153 981 1211 1046 pro
1234 963 1342 1045 quibus
1365 971 1465 1028 tamen
1486 965 1632 1027 orandum

257 1065 312 1140 sit,
334 1067 404 1146 quia
426 1065 464 1127 ab
487 1066 545 1128 illis
568 1085 629 1148 pax
651 1066 753 1141 orbis,
776 1081 833 1144 pro
856 1081 915 1143 qua
938 1064 1096 1145 deprecari
1118 1062 1256 1127 Ecclesia
1282 1063 1385 1145 jubet,
1408 1064 1520 1144 pendet
1551 1082 1631 1145 quo-

258 1163 425 1228 dammodo.
456 1162 559 1246 ltaque
573 1164 685 1246 ubique
706 1162 803 1227 lerme
825 1163 944 1226 tandem
966 1182 1023 1245 pro
1045 1163 1104 1227 illis
1127 1165 1280 1228 orationes
1295 1162 1555 1245 praescribuntur,
1578 1162 1633 1225 sed

255 1265 422 1341 hocloco,
444 1265 475 1327 in
499 1264 646 1348 aliquibus
669 1265 831 1347 liturgiis,
860 1272 894 1326 ιιι
923 1265 954 1326 in
983 1264 1040 1326 hac
1069 1264 1234 1342 basiliana,
1265 1263 1383 1346 Regum
1409 1262 1490 1325 nulla
1519 1265 1631 1325 mentio

256 1374 323 1443 est,
346 1365 482 1445 quamvis
504 1365 589 1427 initio
610 1382 668 1447 pro
691 1364 750 1426 illis
773 1370 888 1426 oretur.
932 1363 966 1426 ln
988 1363 1123 1426 secunda
1146 1382 1224 1444 quae
1246 1371 1293 1425 est
1313 1363 1465 1446 Gregorii,
1487 1381 1545 1442 pro
1567 1362 1633 1423 lie·

254 1465 345 1545 pibus
375 1463 572 1540 amotionis,
604 1481 714 1544 nempe
749 1457 977 1548 φιλοχριστοις
1005 1470 1154 1525 retentum
1184 1481 1224 1524 ex
1252 1464 1373 1543 antiqua
1403 1460 1632 1537 consuetudine,

257 1561 380 1644 quando
402 1561 500 1626 adhuc
522 1562 579 1625 sub
602 1562 780 1626 Christianis
807 1562 1041 1642 imperatoribus
1067 1562 1214 1644 Aegyptii
1242 1560 1397 1624 vivebant:
1426 1579 1517 1641 quem
1546 1578 1633 1622 usum

256 1662 413 1725 confirmat
435 1659 633 1737 Abulbircat,
657 1662 726 1724 dum
748 1663 828 1724 inter
849 1660 923 1724 alias
946 1662 1098 1724 orationes
1122 1668 1263 1723 recenset
1284 1653 1447 1740 βασιλέων
1469 1649 1635 1724 nolenter

254 1778 366 1841 nempe
384 1780 446 1840 pro
468 1760 591 1841 repibna
620 1769 651 1823 et
677 1764 731 1842 qui
755 1762 787 1822 in
815 1759 947 1824 Palatio.
991 1760 1035 1824 Ea
1065 1777 1161 1842 porro
1192 1758 1361 1822 differentia
1390 1767 1454 1834 est,
1481 1759 1572 1821 utils
1603 1758 1633 1819 in

253 1860 429 1936 Provincis,
459 1877 537 1942 quae
568 1859 756 1923 Christianos
778 1860 931 1942 principes
947 1858 1108 1935 habebant,
1130 1877 1192 1921 non
1208 1860 1305 1921 solum
1321 1864 1463 1921 oraretur
1478 1875 1535 1938 pro
1549 1858 1633 1936 ipsis,

253 1959 310 2023 sed
334 1959 455 2021 uomina
479 1976 585 2021 eorvun
606 1960 828 2034 recitarentur,
852 1958 1099 2040 quemadmodum
1124 1959 1304 2022 observatur
1326 1958 1356 2018 in
1383 1954 1506 2018 Graecis
1528 1955 1633 2018 Litus-

253 2060 332 2141 giis,
355 2076 481 2140 quarmn
504 2057 618 2122 diversi
640 2057 763 2121 codices
785 2057 989 2139 imperatores
1011 2058 1163 2119 nominant
1185 2057 1266 2120 illius
1289 2057 1435 2137 temporis
1448 2072 1509 2136 quo
1528 2056 1633 2134 scripti

253 2157 387 2220 luerunt.
433 2159 465 2222 si
487 2176 586 2239 neque
610 2157 789 2235 Christiani,
811 2175 912 2238 neque
935 2156 1070 2238 ejusdem
1092 2164 1197 2220 sectae
1219 2155 1355 2231 luerunt,
1378 2154 1549 2217 nominatim
1571 2171 1632 2217 non

255 2255 457 2337 appellantur.
501 2255 605 2339 ltaque
628 2275 695 2319 cum
717 2256 926 2320 blubamedani
949 2265 1012 2320 toto
1041 2256 1150 2319 dudum
1179 2254 1304 2318 Oriente
1332 2256 1501 2335 potiantur,
1531 2272 1630 2334 nequo

254 2357 286 2418 in
309 2357 375 2418 istis
405 2356 549 2438 liturgiis
573 2356 791 2439 Aegyptiacis,
824 2375 924 2438 neque
946 2357 976 2420 iu
998 2354 1174 2420 Jacobiticis
1199 2355 1360 2437 Syrorum,
1392 2361 1442 2417 aul
1471 2354 1633 2417 Nestoris-

256 2456 321 2532 nis,
343 2462 396 2517 aut
417 2454 484 2517 aliis
506 2455 644 2531 modom,
667 2456 836 2520 nominatus
858 2456 1011 2537 reperitur
1034 2457 1176 2536 princeps
1199 2454 1278 2517 ullus
1299 2454 1552 2528 hlnhamedanus,
1575 2453 1633 2515 etsi

197 2563 207 2576 ·
255 2554 367 2617 mrtltos
397 2552 558 2616 Christiani
588 2555 756 2618 benevolos
786 2556 905 2636 experti
933 2562 1011 2618 suut.
1063 2554 1225 2617 Antiochia
1254 2561 1380 2634 recepta
1409 2573 1427 2616 a
1456 2553 1633 2617 Christianis

258 2671 320 2716 non
358 2651 471 2728 semel,
501 2653 691 2734 postmodum
721 2654 776 2717 luit
816 2673 873 2735 per
905 2654 1056 2719 saeculum
1087 2653 1183 2716 ferme
1212 2654 1362 2736 integrum
1390 2654 1420 2715 iu
1449 2652 1633 2715 Francorum

223 2833 229 2844 Ι
258 2758 425 2832 potestate:
449 2755 569 2834 atquin
592 2761 653 2815 tum
672 2753 779 2817 Graeci
801 2755 1015 2835 imperatores,
1038 2762 1098 2818 tum
1111 2755 1233 2828 Franci,
1256 2753 1520 2816 Calchedonomes
1535 2762 1632 2830 erant,

258 2861 349 2933 atque
372 2850 450 2913 adeo
473 2850 618 2915 haeretici
641 2872 657 2915 a
679 2852 823 2917 Jacobitis
842 2854 1070 2936 judicabantur,
1093 2852 1174 2914 nulla
1204 2869 1308 2913 eorum
1334 2860 1500 2932 temporum
1528 2852 1633 2914 Litur-

258 2951 330 3032 giae
352 2949 536 3029 exemplaria
559 2960 740 3028 occurrunt,
768 2953 818 3015 ubi
841 2953 978 3016 alterutri
999 2954 1205 3027 nominentur,
1234 2953 1264 3012 in
1290 2950 1492 3014 Jacobitarum
1520 2950 1632 3014 Antio-

259 3046 442 3126 chenorum,
466 3056 518 3112 aut
540 3050 774 3114 palaestinorum
797 3051 960 3115 codicibus.
1004 3051 1072 3114 Duo
1099 3053 1193 3133 igitur
1214 3056 1327 3112 mutum
1347 3051 1574 3130 exemplarent
1602 3054 1633 3114 in

259 3143 457 3209 Orientalium
480 3148 716 3214 Christianorum
739 3150 840 3229 libris,
862 3151 1064 3213 Armenorum
1088 3152 1138 3232 qui
1160 3167 1252 3232 reges
1270 3149 1429 3230 aliquando
1445 3148 1631 3235 Christianos

257 3243 445 3323 babuerunt,
468 3266 595 3328 quorum
618 3250 737 3312 nomina
760 3269 800 3313 ex
822 3251 978 3333 Diptychis
1001 3257 1286 3325 commemorantum
1316 3257 1348 3312 et
1375 3248 1559 3329 Aethiopum
1582 3252 1633 3331 qui

258 3361 382 3424 semper
404 3347 460 3409 sub
483 3347 660 3412 Christianis
682 3350 817 3431 Regibus
840 3347 975 3414 luerunt.
1025 3348 1134 3412 Adhuc
1156 3350 1187 3412 in
1214 3349 1340 3412 istorum
1367 3348 1502 3428 Liturgia
1532 3352 1632 3412 nomi-

258 3444 322 3504 nati
343 3448 554 3526 reperiuntur,
577 3466 637 3511 non
659 3449 749 3512 modo
772 3449 823 3529 qui
845 3449 1014 3530 regnabant
1037 3466 1104 3510 cum
1126 3446 1195 3510 libri
1217 3448 1323 3527 scripti
1334 3445 1465 3525 luerunt,
1488 3447 1544 3510 sed
1567 3466 1633 3510 ma·

254 3546 343 3627 jores
365 3564 487 3626 eorum,
511 3555 542 3610 et
562 3555 685 3611 veteres
714 3565 776 3610 noo
798 3550 901 3628 pauci,
935 3549 987 3629 qui
1013 3548 1132 3610 virtutis
1156 3553 1207 3608 aut
1228 3547 1349 3626 pietatis
1379 3543 1456 3608 loma
1485 3547 1633 3627 quondam

259 3646 444 3725 floruerant,
466 3653 500 3708 nt
516 3643 778 3724 'Gabra-nastul,
802 3645 1032 3725 Constantinus,
1054 3646 1231 3724 Eresennai,
1257 3644 1409 3722 Lalibela,
1432 3644 1633 3723 Zara-Jacob,

259 3752 292 3807 ot
314 3745 375 3808 alii.

348 3845 495 3926 Sequitur
516 3843 611 3906 altera
632 3863 721 3925 pars,
744 3862 822 3925 quae
845 3853 892 3907 est
913 3853 1086 3907 sanctorum
1109 3844 1364 3921 commemoratio,
1388 3861 1497 3924 nempe
1519 3861 1579 3907 non
1601 3850 1634 3905 ut
1678 3856 1826 3910 Sanctorum
1843 3872 1956 3909 comme-

258 3960 317 4024 pro
340 3943 399 4006 illis
422 3951 537 4021 oretur,
560 3943 614 4007 sed
637 3951 670 4006 ut
684 3960 742 4023 per
764 3960 869 4006 eorum
892 3960 1003 4023 preces
1026 3950 1056 4006 ct
1078 3944 1327 4020 intercessiones,
1349 3941 1432 4006 Deus
1454 3946 1635 4009 misereatur
1648 3945 1762 3996 morato.

260 4043 503 4124 supplicantium.
547 4044 676 4105 Primum
698 4059 774 4105 vero
797 4040 876 4122 apud
898 4060 1003 4105 omnes
1026 4042 1181 4105 Ecclesias
1208 4043 1376 4105 nominatur
1404 4043 1501 4126 Virgo
1528 4046 1635 4122 llario,

261 4159 339 4223 erga
361 4160 451 4222 quam
473 4133 629 4204 notissima
651 4148 698 4205 est
720 4141 850 4204 omniurn
869 4140 1066 4205 Orientalium
1086 4145 1200 4222 pietas,
1222 4143 1402 4223 praesertim
1415 4143 1633 4206 Jacobitarum:

261 4241 313 4320 qni
335 4249 459 4321 praeter
481 4240 658 4322 frequentes
680 4240 718 4303 ad
741 4259 806 4302 eam
829 4241 859 4302 iu
883 4241 948 4321 ipsa
971 4242 1106 4325 liturgia
1129 4243 1302 4320 orationes,
1331 4242 1500 4324 singulares
1529 4242 1635 4304 multas

259 4338 392 4416 bahent,
415 4341 445 4402 in
468 4339 545 4403 libro
568 4340 621 4421 qui
643 4357 720 4403 voco
750 4340 866 4403 Graeca
891 4340 1052 4403 lbeotoltio
1075 4339 1259 4422 appellatur,
1283 4342 1369 4421 quasi
1396 4339 1497 4422 hymni
1521 4359 1538 4402 a
1559 4341 1637 4404 Dei-

260 4455 376 4520 param.
422 4437 512 4501 Extat
534 4440 585 4501 ille
608 4442 638 4502 in
660 4438 846 4502 bibliotheca
868 4438 964 4523 lieqia
995 4437 1122 4519 Coptice
1154 4447 1184 4501 et
1209 4439 1361 4517 Arabice,
1396 4448 1635 4521 recenseturque

261 4536 300 4600 ab
323 4537 501 4603 Abulbircat
522 4539 602 4601 inter
623 4538 698 4601 alios
721 4539 816 4601 libros
838 4538 1082 4601 Ecclesiasticus.
1125 4537 1237 4600 blultae
1260 4555 1383 4618 quoque
1404 4537 1492 4621 hujus
1511 4540 1635 4621 generis

261 4640 457 4700 continentur
478 4638 507 4701 iu
530 4637 666 4721 Liturqia
688 4637 886 4719 Aethiopica,
909 4655 1076 4718 quaecum
1100 4636 1225 4700 Canoue
1249 4636 1390 4701 Generali
1416 4645 1488 4718 post
1516 4637 1635 4700 Novum

262 4735 487 4800 Testamentum
510 4736 623 4800 Romae
647 4737 726 4800 edita
749 4744 810 4812 est3
833 4746 1020 4817 vocaturque
1044 4737 1159 4799 idcirco
1182 4735 1321 4817 Lituepic
1345 4745 1472 4798 sanctae
1497 4735 1635 4798 llorice:

260 4834 368 4916 plures
390 4838 420 4898 in
442 4836 519 4900 libro
541 4835 705 4917 singulari,
736 4854 824 4916 quem
853 4844 964 4900 vocant
994 4834 1167 4915 Capacum:
1198 4843 1229 4897 ot
1257 4835 1289 4896 in
1315 4834 1448 4897 breviori
1470 4834 1636 4898 secundum

260 4933 470 4997 hebdomadae
493 4936 558 4998 dies
581 4935 745 5016 disposito,
769 4937 855 5017 cujus
878 4942 982 4998 extant
997 4935 1080 4996 varia
1093 4933 1276 5015 exemplaria
1289 4933 1320 4994 in
1332 4933 1536 4998 bibliothecis.
1572 4933 1637 4995 Ne-

261 5050 324 5113 que
346 5033 442 5096 ollicio
464 5053 520 5098 suo
549 5033 658 5097 desunt
684 5035 873 5113 Nestoriani,
900 5035 1036 5116 quamvis
1062 5033 1187 5096 Mariam
1217 5040 1331 5115 negent
1361 5050 1431 5096 esse
1459 5034 1636 5115 Deiparam3

303 5170 420 5212 remma.
1379 5149 1429 5225 46
