4525 6034
672 556 746 630 372
1184 560 1542 638 ttttttdtl

775 744 952 817 Succrdm
978 746 1172 818 inclinatae.
1225 747 1371 838 Dignum
1399 756 1434 818 et
1458 743 1559 818 valde
1581 749 1705 840 justum
1732 760 1803 840 est,
1839 758 1886 823 nt'
1901 750 2040 823 benedi-

670 864 771 949 caris,
798 861 1009 953 glorificeris,
1035 861 1212 934 honoreris
1239 870 1273 932 et
1300 860 1473 950 exalteris,
1498 861 1592 933 Deus
1619 871 1751 953 noster,
1776 886 1888 960 neque
1914 862 2040 936 sobmr-

668 977 770 1050 rnodo
798 976 955 1065 anobis,
983 976 1044 1049 sed
1071 981 1170 1050 etiam
1199 975 1241 1048 ab
1270 975 1423 1050 omnibus
1450 976 1627 1051 virtutibus
1655 1001 1742 1073 quae
1767 981 1801 1050 in
1828 979 1928 1053 coelo
1954 990 2039 1054 sunt:

670 1095 747 1187 qnia
774 1098 897 1165 creasti
924 1114 987 1164 eos
1015 1116 1061 1164 ex
1086 1092 1185 1164 nihilo
1213 1114 1276 1187 per
1302 1114 1453 1165 amorem
1479 1100 1570 1164 tuum
1595 1114 1679 1184 erga
1705 1091 1875 1182 hemines,
1911 1103 1946 1165 et
1977 1093 2041 1167 do-

669 1211 765 1279 cuisti
793 1230 856 1280 nos
882 1206 1133 1301 glorificationis
1161 1219 1195 1279 et
1221 1212 1402 1300 gratiarum
1431 1209 1572 1280 actionis
1598 1229 1718 1298 voces,
1744 1233 1829 1304 quas
1852 1211 2041 1283 oberremus

669 1322 738 1397 tibi.
790 1324 859 1396 Sed
885 1347 973 1396 nunc
999 1327 1167 1417 conjunge
1200 1346 1261 1395 nos
1288 1346 1350 1418 per
1383 1324 1540 1418 Spiritum
1568 1333 1658 1396 tuum
1692 1335 1844 1397 sanctum
1879 1327 1913 1397 in
1947 1347 2042 1399 unam

671 1439 878 1533 spiritualem
904 1440 1127 1513 concordiam.

773 1555 925 1627 Eteaans
956 1578 1081 1626 ccccm.
1134 1556 1169 1627 A
1210 1563 1244 1626 tc
1277 1556 1363 1626 enirn
1395 1557 1656 1627 monaciscum
1691 1552 1811 1625 millies
1854 1553 1975 1640 millia,
2009 1563 2042 1625 et

669 1670 785 1741 decem
813 1671 900 1742 mille
927 1672 1097 1766 myriades
1125 1674 1281 1742 mentium
1307 1670 1515 1757 coelestium,
1543 1680 1578 1741 et
1602 1668 1824 1742 multitudines
1842 1666 2042 1741 sublimium:

669 1784 875 1858 substantiae
901 1785 1069 1882 simplices
1096 1808 1162 1857 nec
1192 1788 1415 1881 compositae,
1449 1809 1469 1856 a
1495 1783 1627 1856 flamm
1658 1783 1714 1857 illa
1746 1780 1945 1873 intelligibili
1978 1781 2042 1852 de-

669 1905 775 1992 cisae,
802 1924 889 1996 quae
915 1902 973 1974 tibi
999 1900 1209 1974 benedicunt
1264 1900 1408 1973 Ordines
1441 1898 1611 1972 mnabilcs
1644 1910 1677 1972 ct
1709 1897 1847 1971 timendi
1880 1919 1927 1969 ex
1962 1920 2041 1968 cer-

668 2015 813 2090 bonibus
839 2021 928 2109 ignis
954 2018 1115 2091 levissimi
1140 2025 1346 2104 constantes,
1374 2019 1431 2111 qui
1459 2026 1491 2087 te
1517 2013 1668 2087 laudant:
1702 2016 1872 2087 exercitus
1898 2018 2041 2087 maxime

668 2132 893 2218 admirabiles,
921 2155 1061 2228 querum
1087 2136 1173 2204 inter
1199 2131 1294 2204 labra
1320 2131 1489 2204 carbones
1515 2130 1682 2204 terribiles
1708 2128 1874 2216 delluunt,
1904 2139 1937 2199 te
1963 2129 2042 2221 glo-

667 2246 818 2335 rificast3
845 2258 1007 2321 catcrsme
1032 2247 1189 2342 prolixae
1215 2257 1250 2318 et
1275 2246 1399 2335 fortes,
1435 2269 1509 2318 cum
1541 2256 1632 2318 motu
1665 2244 1845 2318 Cbembim
1875 2242 2041 2316 carbones

666 2362 855 2451 ferentium,
881 2373 915 2435 te
942 2362 1108 2435 exaltant:
1137 2360 1272 2435 ordines
1298 2361 1474 2458 praeclare
1501 2361 1653 2457 dispositi
1678 2358 1866 2455 Seraphim,
1894 2383 1961 2432 sex
1972 2360 2042 2433 elas

667 2475 843 2565 babentes,
870 2480 956 2549 trina
983 2488 1017 2548 te
1044 2476 1307 2549 sanctificatione
1334 2476 1550 2565 sanctificant,
1577 2480 1634 2571 qui
1659 2474 1766 2547 facies
1793 2498 1894 2566 suas,
1922 2499 2042 2570 qoem

668 2598 722 2664 vis
749 2595 881 2684 igneas,
907 2593 949 2665 ab
978 2592 1100 2664 ardore
1126 2604 1184 2665 tuo
1211 2601 1446 2688 protegentes,
1472 2594 1609 2665 canbcis
1636 2594 1863 2680 suavissimis,
1898 2601 1932 2662 et
1958 2613 2042 2686 quae

666 2707 809 2780 humana
842 2706 931 2779 labia
963 2708 1084 2780 elicrre
1110 2730 1176 2778 non
1203 2717 1362 2803 possunt,
1395 2710 1512 2780 trinam
1540 2706 1833 2779 sanctificationem
1859 2728 1928 2779 uno
1955 2728 2041 2777 con-

667 2832 766 2894 centu
793 2826 996 2913 intonantes,
1021 2846 1098 2895 cam
1120 2823 1227 2914 juttto
1257 2823 1411 2911 clamant
1438 2821 1668 2896 vociferantur
1694 2832 1730 2893 et
1755 2822 1874 2895 dimna

774 2937 935 3031 Popatm.
989 2938 1146 3028 Sanctam,
1173 2949 1237 3010 etc.

773 3052 949 3125 Sacerdos
975 3054 1168 3124 inclinatas.
1223 3054 1367 3127 Sanctus
1395 3075 1453 3142 es,
1478 3053 1643 3138 Domine,
1669 3051 1747 3123 lons
1760 3056 1963 3142 sanctitatis3
1990 3056 2042 3147 qui

666 3191 741 3240 cum
767 3172 992 3263 praevaricati
1018 3167 1196 3241 fuissemus
1224 3179 1257 3242 ct
1283 3174 1317 3241 in
1343 3169 1519 3264 pulverem
1545 3167 1793 3255 recidissemus,
1818 3171 1853 3240 in
1869 3191 1946 3241 eam
1969 3172 2041 3241 sci-

665 3283 746 3355 licet
770 3293 920 3355 saturam
947 3306 993 3355 ex
1020 3306 1085 3378 qua
1113 3288 1219 3356 creati
1244 3283 1432 3377 lueremus,
1466 3305 1529 3377 per
1562 3282 1745 3356 bonitatem
1780 3283 1937 3357 exaltasti
1968 3307 2041 3372 nos,

666 3409 702 3470 at
727 3396 912 3494 Propbetas
939 3400 1055 3470 misisti
1083 3398 1126 3470 ad
1154 3399 1369 3471 directionem
1396 3410 1559 3473 nostram:
1588 3421 1729 3493 cumque
1754 3422 1822 3472 non
1850 3411 2042 3496 suppeteret

666 3514 731 3586 illis
758 3516 866 3587 virtus
894 3513 937 3585 ad
964 3513 1103 3587 salutem
1129 3514 1383 3608 praestandam,
1409 3515 1558 3589 Verbum
1584 3515 1692 3586 Deum
1714 3513 1830 3587 Filium
1857 3526 1948 3587 tuum
1974 3520 2041 3589 ni-

666 3631 740 3701 sisti
764 3610 808 3699 ad
836 3627 994 3700 auxilium
1020 3638 1178 3700 nostrum.
1230 3630 1309 3724 lpse
1335 3639 1445 3703 autem
1473 3651 1596 3724 corpus
1624 3634 1803 3726 assumpsit
1823 3653 1869 3702 ex
1884 3632 2062 3724 figmento·

666 3753 804 3830 nostro,
830 3755 867 3815 ut
894 3742 973 3815 illud
999 3746 1117 3815 iterum
1144 3744 1338 3837 refingeret:
1365 3756 1400 3817 et
1425 3768 1654 3840 quaecumque
1685 3744 1808 3819 bomini
1840 3751 2041 3819 conveniunt

668 3859 835 3952 (excepto
862 3860 1024 3953 peccato)
1051 3862 1199 3955 suscepit
1224 3883 1286 3955 pro
1313 3859 1428 3950 uobis,
1455 3871 1489 3933 et
1515 3861 1569 3933 illa
1596 3883 1683 3955 quae
1706 3862 1781 3937 Dee
1808 3860 1909 3954 digna
1928 3872 2040 3947 erant,

666 3982 826 4067 operatos
852 3974 971 4045 estad
1000 3974 1141 4045 salutem
1167 3984 1327 4048 nostram.

770 4087 921 4160 Mass
945 4112 1071 4161 aecem.
1127 4087 1211 4162 Cum
1237 4094 1338 4182 igitur
1369 4114 1493 4184 agnem
1527 4092 1670 4183 legalem
1702 4091 1810 4177 illum,
1850 4096 1907 4185 qui
1939 4101 2039 4187 typus

666 4212 740 4274 erat
766 4206 845 4295 agni
871 4204 1029 4276 coelestis
1056 4226 1131 4275 cum
1159 4205 1329 4301 discipulis
1356 4209 1425 4279 suis
1452 4211 1577 4279 sanctis
1603 4206 1836 4292 mendicaret,
1872 4207 2037 4301 velletque

665 4339 729 4389 nos
757 4340 777 4389 a
803 4317 973 4392 sacrificiis
1000 4322 1192 4414 corporeis,
1226 4326 1408 4412 agnorum,
1443 4332 1633 4411 tanrmum,
1667 4332 1701 4393 et
1733 4320 1917 4393 haedorum
1947 4321 2037 4393 libe-

665 4455 763 4521 rarc,
790 4443 825 4504 at
849 4454 912 4506 nos
940 4434 1092 4507 attollere
1120 4434 1162 4506 ad
1189 4435 1341 4527 digniora
1367 4437 1541 4526 sacrificia,
1568 4437 1729 4511 coelestia
1755 4437 1936 4531 divinaque
1957 4458 2035 4531 my-

666 4548 787 4629 steria,
816 4570 858 4619 ee
884 4571 1123 4644 vespereque
1152 4551 1328 4625 traditurus
1358 4563 1433 4624 erat
1464 4574 1504 4625 se
1535 4556 1641 4647 ipsum
1677 4556 1710 4625 in
1745 4551 1944 4624 sacrificium
1975 4574 2035 4646 pro

666 4658 784 4747 nobis,
826 4685 946 4757 panem
985 4668 1116 4760 accepit
1145 4669 1180 4737 in
1214 4690 1331 4740 manus
1364 4690 1442 4743 suas
1477 4678 1632 4757 sactes,
1673 4679 1707 4741 et
1738 4677 1899 4764 expertes
1931 4671 2034 4740 omnis

666 4773 817 4847 maculae
844 4786 879 4847 et
905 4778 1044 4851 elevans
1071 4779 1189 4854 oculos
1216 4786 1250 4853 in
1277 4783 1408 4856 coelum
1435 4782 1477 4857 ad
1494 4785 1641 4873 Patrem,
1667 4788 1795 4877 gratim
1809 4786 1913 4877 egirr
1929 4782 2034 4855 bene-

665 4888 750 4960 dixit
777 4897 797 4972 †
823 4890 925 4986 fregit
950 4901 970 4976 †
1001 4886 1016 4929 ³
1043 4894 1110 4967 edit
1138 4896 1294 4993 deditque
1320 4899 1490 4995 discipulis
1516 4903 1586 4975 suis
1613 4899 1748 4990 dicens,
1785 4904 1928 4998 aecipite
1952 4899 2034 4973 edite
