4525 6034
725 533 800 608 588
1216 534 1575 613 LITURGIA

669 707 675 826 J
723 727 799 810 tons,
826 729 864 794 ot
888 726 925 795 in
940 724 1048 795 Misso
1075 728 1170 818 etius
1195 725 1386 795 versionem
1411 723 1519 794 edidit
1543 723 1691 796 Alesios
1704 724 1881 797 Menenius.
1916 725 1984 796 Con
2004 728 2050 798 dii

591 1023 599 1052 k
668 971 671 986 ·
721 979 806 1030 nere
831 961 936 1028 cisum
962 964 1022 1029 est.

825 1073 916 1147 Laus
942 1075 1065 1146 nomini
1092 1084 1148 1147 tuo
1177 1035 1293 1146 sancio
1320 1072 1478 1145 Domine:
1505 1077 1542 1142 ut
1566 1096 1681 1166 supro.

826 1189 1002 1262 Sacerdos
1033 1190 1209 1261 osculatur
1242 1187 1388 1261 isontium
1419 1191 1455 1258 io
1486 1188 1617 1259 modum
1650 1192 1782 1278 mucis,
1821 1195 1874 1264 ito
1904 1201 2054 1267 tnnmd

721 1306 817 1376 lobio
852 1313 924 1399 cpite
955 1307 1002 1377 od
1028 1329 1103 1377 enm
1138 1329 1207 1377 non
1237 1308 1453 1400 pertinqont,
1481 1303 1542 1376 sed
1572 1309 1671 1399 quasi
1696 1305 1899 1380 oscrduodo:
1928 1318 1959 1381 et
1983 1312 2055 1406 dicit
2182 1317 2184 1374 t

723 1423 837 1496 Gloria
874 1423 931 1496 tibi
964 1422 1128 1498 Domine:
1161 1421 1270 1516 glorio
1303 1421 1362 1494 tihi
1387 1421 1546 1508 Domine,
1581 1431 1719 1518 propter
1744 1422 1866 1496 donum
1891 1435 1972 1499 tuum
1993 1448 2056 1518 erge

720 1563 783 1613 nos
810 1537 1051 1626 inenarrabile,
1078 1543 1111 1611 in
1138 1537 1283 1613 soeculo.

827 1651 856 1691 ¹⁷
888 1656 981 1727 Tunc
1007 1657 1146 1727 accedit
1171 1657 1218 1728 od
1243 1655 1378 1727 hostiae
1400 1657 1620 1748 fractionem,
1646 1677 1745 1749 quom
1760 1657 1921 1730 ambobus
1934 1656 2058 1734 nonno
2183 1679 2184 1682 ’

717 1776 808 1866 facit
833 1772 960 1844 diceris.
1013 1772 1216 1844 Accedimus
1242 1772 1386 1845 Domine
1412 1792 1486 1843 cnm
1521 1770 1587 1843 fide
1611 1794 1713 1859 veru,
1740 1773 1982 1869 frangimusque
2002 1795 2058 1844 oum

721 1888 955 1975 confessione,
987 1899 1021 1960 et
1052 1892 1225 1981 signemus
1255 1910 1318 1983 per
1350 1887 1612 1959 misericordiam
1644 1897 1748 1976 tunm,
1781 1911 1906 1986 corpus
1937 1899 1967 1960 et
1994 1910 2058 1960 sun-

722 2008 855 2097 guinem
881 2005 1101 2078 vivificatoris
1135 2006 1240 2078 nostri
1265 2003 1347 2075 iesu
1375 2002 1513 2090 Christi,
1540 2006 1574 2074 in
1600 2008 1734 2077 nomine
1749 2004 1857 2078 Patris
1885 2015 1918 2078 et
1941 2004 2060 2096 inno
2183 2083 2184 2096 p

720 2123 862 2219 Spirims
889 2123 1003 2194 suncti.
2183 2103 2184 2192 s

824 2239 871 2310 Et
896 2242 1072 2310 nominoio
1102 2238 1290 2326 Trinitate,
1314 2239 1449 2334 fronpit
1474 2237 1620 2310 nostium
1634 2260 1733 2333 quom
1747 2238 2060 2326 montismontis
2182 2223 2184 2286 Ἴ

721 2355 807 2426 door
836 2362 978 2448 portem·
1017 2362 1051 2427 et
1084 2377 1160 2425 corn
1191 2376 1280 2448 proc
1315 2360 1368 2426 est
1400 2357 1436 2424 in
1462 2377 1562 2424 monn
1602 2359 1675 2446 dns
1703 2357 1846 2426 sinismo
1883 2356 2059 2450 deponitis

719 2472 834 2542 disco:
860 2472 973 2543 nitere
999 2495 1098 2567 quom
1123 2493 1225 2541 mono
1250 2470 1378 2542 dextro
1404 2477 1517 2559 tenet,
1542 2472 1658 2564 sionni
1682 2471 1823 2542 culicem
1849 2472 1972 2544 diceus.
2016 2471 2063 2542 Si-
2182 2485 2184 2522 ⁴

720 2596 842 2680 gratur
868 2590 1004 2680 sanguis
1030 2589 1199 2684 pretiosus
1227 2608 1372 2683 corpore
1404 2595 1520 2660 sancto
1545 2587 1678 2659 Domini
1707 2591 1816 2660 nostri
1848 2587 1932 2664 Jesu
1957 2587 2063 2662 Christi
2183 2601 2184 2606 ’

719 2705 756 2778 ln
782 2707 916 2777 nomine
941 2705 1062 2791 Patris,
1090 2715 1123 2777 et
1149 2703 1237 2790 Filii,
1264 2712 1299 2774 et
1324 2703 1466 2799 Spiritus
1493 2705 1599 2777 sancti
1625 2705 1659 2774 in
1686 2703 1830 2776 sneculn.

823 2820 871 2891 Et
896 2821 1112 2915 respondent.
1165 2818 1285 2891 Amen.

830 2937 910 3009 Turn
936 2940 1074 3033 intinpit
1100 2959 1175 3007 eom
1209 2936 1387 3031 usquead
1411 2935 1554 3006 medinm
1580 2939 1617 3006 in
1644 2936 1773 3025 catice,
1813 2943 1851 3009 et
1880 2940 1989 3033 sipont
2010 2960 2065 3007 cm

720 3078 764 3126 eo
797 3078 923 3149 corpus
958 3055 1048 3149 qood
1078 3059 1130 3124 est
1164 3033 1208 3123 in'
1227 3059 1358 3146 patena
1393 3052 1518 3124 dicens.
1580 3051 1741 3145 signatur
1779 3076 1904 3150 corpus
1942 3065 2064 3126 sunctum

721 3175 886 3264 sanguine
920 3171 1151 3267 propitiatorio
1178 3170 1311 3241 Domini
1338 3171 1446 3240 nostri
1472 3167 1554 3241 iesu
1581 3166 1713 3242 Christi.
1745 3170 1783 3242 In
1808 3173 1944 3243 nomine
1968 3172 2064 3254 Putris,

720 3298 754 3360 et
778 3286 864 3373 Filii,
891 3299 926 3360 et
951 3287 1094 3383 Spiritus
1120 3289 1236 3373 sancti,
1263 3289 1298 3357 iu
1324 3283 1468 3357 saecula.

822 3406 870 3478 Et
894 3404 1110 3499 respondent.
1163 3403 1283 3476 Amen.

827 3523 1073 3616 Coojoopitqne
1106 3520 1224 3591 ombus
1255 3525 1396 3613 portes.
1429 3541 1531 3588 onom
1557 3542 1630 3590 cnm
1656 3519 1769 3591 altero
1794 3520 1923 3592 diesim
1972 3522 2065 3594 Divisa

719 3649 812 3724 sunt,
847 3637 1070 3724 sanctificata,
1106 3634 1284 3732 complete,
1309 3634 1479 3731 perfecte,
1511 3637 1619 3720 unite,
1655 3643 1689 3706 et
1722 3637 1897 3707 commiste
1930 3638 2063 3733 mysterio

718 3753 802 3826 haec
828 3754 1015 3851 praeclare,
1042 3763 1176 3841 sancta,
1208 3751 1424 3823 vivificantia¹
1444 3762 1478 3823 et
1508 3751 1636 3838 divine,
1669 3775 1766 3823 unum
1801 3775 1877 3825 cum
1905 3753 2063 3840 sltem,iu

717 3874 851 3942 nomine
878 3868 1050 3942 adorando
1078 3879 1112 3940 et
1137 3867 1290 3962 glorioso
1318 3867 1488 3939 Trinitatis
1514 3880 1592 3941 tuse
1618 3867 1790 3961 gloriosse
1814 3869 1929 3958 Pater,
1954 3871 2063 3958 Fine

717 3987 861 4083 Spiritus
894 3994 1029 4075 sancte,
1061 3994 1097 4056 ut
1123 3986 1189 4058 sint
1221 3981 1318 4056 nobis
1344 3985 1488 4056 Domino
1523 3987 1557 4055 in
1582 3987 1849 4081 propitiationem
1883 3985 2062 4064 demtomn

718 4112 751 4175 et
778 4106 1008 4176 remissionem
1036 4110 1271 4198 peecatorum,
1307 4102 1342 4171 in
1368 4122 1463 4196 spem
1489 4123 1621 4197 quoque
1647 4122 1802 4194 magnam
1833 4101 2063 4175 resurrections

719 4244 738 4292 a
772 4221 930 4307 mortuis,
965 4229 999 4291 et
1031 4221 1122 4291 vitoe
1147 4238 1261 4291 noune
1291 4219 1325 4288 in
1361 4238 1468 4309 regno
1501 4209 1688 4305 coelorum',
1719 4217 1818 4290 nobis
1852 4228 1888 4290 et
1913 4217 2061 4291 &eiusne

719 4346 857 4410 sancus
885 4335 1007 4409 Christi
1039 4333 1172 4408 Domini
1198 4336 1323 4421 nostri,
1361 4336 1437 4406 istic
1470 4336 1564 4406 etin
1590 4356 1797 4430 quecumque
1822 4338 1973 4427 regione,
1995 4348 2062 4402 nunc

718 4462 752 4523 ct
778 4475 922 4548 semper,
949 4462 984 4525 et
1008 4456 1042 4523 in
1068 4450 1205 4524 saecule
1232 4449 1452 4524 saeculorum.

820 4571 962 4641 intereo
987 4571 1100 4664 sipont
1126 4568 1272 4639 nostium
1295 4565 1423 4661 pollice
1448 4565 1572 4637 dectro
1590 4570 1627 4636 in
1649 4568 1796 4659 fororum
1809 4571 1936 4656 mucis,
1961 4563 2000 4636 ob
2015 4565 2061 4633 is·

713 4690 843 4781 [eriori
866 4691 970 4780 porte
995 4686 1043 4755 ud
1067 4687 1288 4778 superiorem,
1315 4688 1351 4754 et
1375 4705 1399 4754 o
1424 4682 1551 4753 dextro
1582 4681 1630 4753 ud
1662 4685 1860 4769 sinistram
1895 4690 1930 4755 et
1953 4687 1998 4753 ito
2018 4676 2060 4747 ie-

717 4825 790 4873 oem
821 4804 978 4896 fissuram
1010 4804 1046 4872 io
1079 4824 1122 4872 eo
1150 4804 1301 4895 formet,
1339 4821 1408 4895 quo
1436 4805 1541 4894 porte
1571 4801 1717 4871 intincto
1747 4806 1801 4871 est
1839 4804 1876 4871 in
1915 4797 2061 4895 scopum·

719 4918 861 4990 Partem
886 4925 958 5012 ejus
983 4921 1084 4987 mittit
1109 4920 1146 4986 in
1173 4916 1327 5009 coiicem,
1353 4919 1389 4988 in
1411 4921 1558 5012 sormam
1580 4918 1710 4988 crucis:
1728 4938 1819 5010 pore
1844 4921 1987 5012 inferior
2003 4930 2060 5006 pt·

620 5107 621 5114 χ
719 5036 789 5104 sito
814 5042 865 5105 est
890 5058 1007 5106 sersus
1032 5031 1273 5121 Sacerdotem,
1308 5038 1467 5129 superior
1497 5056 1615 5105 sersoss
1648 5032 1809 5122 culicem,
1843 5037 1896 5106 ito
1929 5041 1965 5106 ut
1986 5031 2060 5101 um
