4525 6034
656 627 697 703 IN
721 625 928 704 LITURGIAII
953 627 984 704 S.
1009 627 1130 705 XISI’I.
1499 628 1572 705 14⁶

211 807 345 873 umaalus
367 816 399 873 et
421 809 482 888 alii,
503 828 564 873 uon
577 808 744 874 doctrinam
763 811 854 889 illam,
876 811 931 877 aed
944 811 1122 877 additionem
1144 811 1311 895 particulae
1332 812 1466 895 Filioque
1486 833 1573 897 spm·

209 907 280 973 Irolo
304 908 411 973 lamam
432 910 666 993 reprehendunt.

568 1174 604 1244 5.
646 1173 727 1244 Cam
750 1174 925 1267 portaculu
948 1176 1206 1268 propilioton‘c.

294 1362 372 1441 Vox
393 1385 515 1446 amurca
538 1395 616 1458 quaa
642 1378 701 1441 hoc
731 1378 801 1442 loco
829 1381 961 1443 occurrit
979 1377 1203 1459 perfectionem,
1224 1369 1402 1457 τελείωσιν,
1424 1385 1454 1440 et
1474 1375 1568 1442 caia·

204 1464 259 1564 τὴν
286 1479 444 1562 significat,
469 1501 509 1544 ex
530 1482 625 1562 prIma
647 1481 781 1565 origine:
804 1482 953 1567 siguificat
975 1483 1064 1545 etiam
1087 1480 1264 1544 Carbonem
1308 1482 1568 1565 Utraquesigui-

203 1578 342 1642 iicaticnc
364 1589 525 1662 usurpatur
547 1580 585 1643 ad
607 1579 823 1665 designandam
850 1582 1025 1666 particulam
1051 1580 1274 1660 Eucharistiae,
1304 1589 1337 1643 ut
1363 1580 1513 1644 hocloco
1536 1589 1568 1645 et

204 1679 234 1741 in
255 1678 371 1742 Ordine
402 1679 559 1758 Generali,
586 1689 619 1743 ut
650 1682 738 1744 etlam
766 1681 846 1764 apud
874 1681 1037 1746 Barsalibi:
1067 1679 1233 1762 eadamque
1263 1681 1399 1762 acceptio
1433 1678 1567 1760 ejusdem

202 1780 286 1842 vocIs
309 1787 357 1843 est
379 1780 410 1842 in
432 1779 535 1843 Odicio
558 1781 797 1845 consecrationis
818 1781 902 1844 Disci
924 1782 1002 1845 sacri
1020 1781 1086 1844 siue
1100 1777 1466 1861 patenaeEucharisticae
1488 1797 1567 1859 quae

203 1877 297 1942 'lomo
323 1881 361 1944 ¹⁰.
384 1877 465 1943 edita
494 1886 550 1944 est.
600 1878 743 1963 Figurate
769 1881 845 1945 haec
872 1882 1027 1964 acceptio,
1056 1886 1090 1943 ut
1117 1878 1180 1942 illic
1208 1878 1393 1959 notavimus,
1423 1896 1464 1941 ex
1490 1877 1567 1943 Isaia

201 1986 296 2040 sumta
319 1986 377 2044 cst.

361 2686 753 2806 LITURGII
805 2684 1094 2806 SINCII
1145 2687 1401 2834 PETRI,

515 2924 796 3005 PRINCIPIS
835 2922 1255 3004 laostouoauu.

603 3183 753 3256 Primam
780 3181 901 3255 Oruta'o
926 3187 1006 3254 cute
1031 3180 1168 3254 Pacem.

299 3476 483 3550 Sacerdos.
529 3450 711 3555 Excelsa
748 3478 803 3570 qui
838 3497 876 3548 es
903 3477 936 3546 iu
963 3474 1119 3566 saccula,
1153 3486 1187 3547 et
1212 3473 1304 3548 solus
1331 3484 1471 3573 potens,
1497 3498 1563 3546 ca-

197 3598 278 3667 ritas
306 3594 455 3691 perlecta
482 3605 515 3667 et
542 3616 635 3668 amor
665 3589 839 3664 naturalis:
865 3593 958 3665 Deus
984 3595 1078 3689 pocla
1113 3602 1148 3664 et
1179 3592 1340 3666 Dominus
1374 3592 1562 3689 tranquilli-

197 3713 289 3784 tatis:
326 3710 369 3783 da
399 3710 497 3785 nobis
532 3709 700 3795 omuibus,
740 3729 870 3803 nosque
905 3707 1025 3801 dignos
1060 3708 1171 3797 allice,
1203 3716 1239 3779 ut
1276 3712 1310 3782 iu
1344 3712 1562 3807 iuspIratiouo
1701 3805 1704 3814 Ι

197 3830 305 3918 vitae,
338 3850 358 3898 a
389 3826 618 3900 misericordia
649 3833 724 3913 tua,
758 3824 994 3920 amplectamur
1020 3827 1163 3896 invicem
1190 3826 1224 3896 in
1250 3825 1377 3919 osculo,
1404 3827 1492 3922 quod
1519 3830 1564 3900 sit

198 3945 269 4015 aino
306 3942 402 4032 dolo,
434 3955 468 4016 et
500 3943 591 4036 digni
624 3941 802 4038 efficiamur
828 3939 1060 4035 tranquillitate
1087 3963 1172 4036 quaa
1199 3964 1219 4012 a
1245 3951 1279 4013 te
1304 3954 1373 4031 est,
1408 3953 1442 4015 ot
1476 3966 1563 4038 quae

197 4059 343 4153 paelicis
370 4061 479 4133 datu:
505 4081 567 4157 per
593 4057 770 4130 adventum
796 4058 1041 4129 miserationum
1066 4055 1130 4128 Dei
1162 4061 1273 4150 magni
1308 4067 1342 4130 et
1374 4059 1561 4132 salvatoris

197 4179 302 4248 nostri
327 4176 409 4250 Jesu
436 4174 569 4265 Christi,
595 4198 657 4272 par
683 4197 780 4270 quem
807 4182 841 4245 et
867 4197 941 4246 cum
967 4195 1033 4269 quo
1061 4182 1095 4243 ta
1127 4172 1224 4245 decet
1250 4175 1359 4266 gloria
1384 4187 1426 4248 et
1443 4174 1560 4249 honor.
1640 4225 1643 4230 -

299 4290 459 4385 Populea.
510 4291 631 4365 Amen
1124 4273 1135 4286 ¹

297 4406 482 4480 Sacerdos.
535 4408 631 4480 Nune
658 4429 790 4503 quoquo
814 4407 974 4494 Domina,
1007 4403 1152 4478 Illumina
1182 4404 1308 4478 vultum
1341 4419 1431 4481 tuum
1458 4430 1559 4505 super

196 4544 271 4614 uos,
297 4534 332 4596 ct
357 4524 451 4598 salva
477 4547 541 4599 nos
569 4523 611 4597 ab
638 4523 790 4597 omnibus
822 4525 961 4595 inimicis
994 4526 1049 4617 qui
1082 4521 1222 4596 oderunt
1246 4545 1333 4597 nos:
1359 4524 1434 4599 dale
1460 4529 1557 4599 etlam

197 4649 230 4710 ct
254 4640 378 4713 dImitte
403 4642 590 4737 imqultates
615 4651 765 4715 nostras:
792 4648 826 4711 ct
850 4637 1034 4712 referamus
1059 4636 1117 4712 titi
1143 4639 1296 4733 gloriam,
1323 4650 1386 4715 etc.

297 4755 473 4851 Populea·
510 4760 631 4832 Amen.

296 4873 479 4949 Sacerdos.
531 4876 607 4948 Pax
631 4874 732 4948 vobis
758 4869 918 4945 omullus.

298 4988 459 5084 Populo.
511 4991 654 5064 Etcum
681 4993 797 5088 optuitu
822 4998 889 5062 tuo.

297 5105 482 5180 Diaconos.
534 5109 601 5180 Det
624 5128 743 5204 pacem
767 5108 999 5204 nummusque.
