4525 6034
468 615 717 694 PHILOXENI
741 612 955 710 aristoni
980 615 1281 695 urssuotttsts.
1490 616 1566 695 305·

196 807 380 877 orationem
407 826 504 898 quam
530 806 719 897 unigenitus
746 803 850 874 Filius
877 813 952 875 tuus
979 802 1092 876 docuit
1118 802 1298 899 discipulos
1314 823 1393 878 suos
1416 815 1565 898 sanctos,

194 923 396 1016 inpunitate
422 922 550 991 animae
577 933 611 994 et
637 923 811 994 sanctitate
837 922 1007 1015 corporis:
1034 918 1215 994 clamemus
1243 920 1285 992 ad
1311 930 1345 993 te
1370 921 1463 995 Deus
1489 920 1564 994 Pa-

195 1046 248 1108 ter
273 1034 591 1129 misericordiarum,
624 1060 757 1111 oremus
789 1047 822 1107 et
854 1035 1012 1111 dicamus.
1064 1037 1167 1110 Pater
1201 1045 1336 1127 noster,
1370 1041 1426 1133 qui
1459 1060 1497 1109 es
1531 1041 1566 1109 in

197 1151 314 1224 coelis.
735 1221 739 1229 .

300 1267 461 1362 Populea.
513 1267 753 1342 Sanctificetur.
791 1312 793 1315 -

299 1383 483 1456 δαοενάοι.
535 1385 565 1457 Ο
591 1386 679 1457 mitis
712 1393 746 1455 et
775 1386 897 1456 veniae
922 1382 1080 1476 largitor,
1111 1406 1155 1455 ne
1181 1370 1351 1478 permittas
1377 1406 1441 1458 nos
1474 1386 1565 1456 inci-

198 1499 278 1572 dere
304 1504 337 1572 in
365 1504 563 1576 tentationes
590 1522 739 1594 gram,
774 1500 834 1574 sed
860 1499 1050 1573 fortitudine
1076 1498 1238 1572 dexterae
1266 1509 1343 1572 tuae
1368 1498 1475 1575 libera
1501 1521 1564 1573 uos

197 1640 219 1688 a
244 1617 479 1691 aratoribus
504 1620 636 1705 noxiis,
663 1639 748 1711 quae
780 1625 938 1713 superent
971 1618 1063 1688 vires
1098 1625 1249 1689 nostras:
1289 1621 1366 1711 quia
1393 1627 1481 1690 tuum
1513 1626 1567 1690 est

196 1755 354 1826 regnum,
381 1738 487 1806 virtus
514 1744 549 1807 ot
573 1734 665 1822 laus,
691 1741 727 1804 ut
751 1736 851 1805 etiam
877 1734 1037 1824 unigeniti
1066 1731 1143 1805 Filii
1176 1737 1241 1823 tui,
1274 1743 1308 1805 et
1343 1732 1484 1829 Spiritus
1520 1734 1567 1805 tui

197 1854 319 1940 sancti,
344 1873 431 1929 nunc
458 1860 492 1922 et
517 1872 661 1946 semper.

302 1966 465 2061 Populus.
518 1968 638 2039 Amen.

303 2083 487 2155 Sacerdos.
540 2083 623 2155 Pax.

301 2198 462 2292 Populus.
513 2197 659 2269 Etcum
685 2198 800 2292 spiritu
826 2206 893 2268 tuo.

300 2317 488 2387 Diaconos.
542 2311 666 2386 Coram
693 2312 847 2384 Domino.

301 2431 463 2525 Populos,
516 2429 641 2503 Coram
668 2439 711 2501 te.

302 2547 486 2619 Sacerdos.
540 2547 626 2633 Quia
653 2570 698 2618 ex
724 2558 758 2619 te
785 2557 838 2619 est
863 2567 961 2618 omne
988 2543 1110 2617 donum
1138 2548 1295 2640 optimum
1322 2555 1356 2617 et
1371 2544 1566 2641 perfectum,

199 2675 233 2736 et
269 2668 379 2735 omnia
419 2685 556 2736 munera
588 2660 753 2750 laetitiae,
792 2682 952 2755 rogamus
987 2671 1021 2733 te
1060 2660 1162 2733 Pater
1201 2661 1303 2752 lucis,
1337 2670 1373 2734 ut
1404 2662 1566 2739 illumines

199 2789 505 2867 mentesnostras‚
532 2788 709 2850 eteorum
737 2781 791 2874 qni
822 2778 979 2849 inclinant
1013 2776 1100 2850 colla
1136 2800 1248 2852 coram
1284 2788 1336 2869 te,
1369 2800 1497 2875 nosque
1532 2793 1567 2854 et

199 2896 275 2968 illos
318 2896 438 2989 dignos
478 2895 618 2984 efficiam
658 2905 694 2966 ut
727 2918 801 2966 cunr
844 2897 962 2966 timore
994 2903 1028 2964 et
1060 2893 1257 2985 concordia,
1289 2899 1566 2970 communicemus

198 3015 334 3107 corpori
369 3023 403 3084 et
437 3014 590 3103 sanguini
624 3013 783 3102 unigeniti
817 3009 892 3082 Filii
926 3011 993 3098 tui,
1028 3019 1062 3081 et
1095 3010 1279 3084 referemus
1312 3010 1372 3082 tibi
1404 3011 1566 3103 gloriam,

199 3120 233 3200 et
266 3129 447 3219 gratiarum
480 3129 663 3216 actionem,
703 3137 737 3198 et
768 3129 938 3219 unigenito
971 3124 1056 3196 Filio
1092 3137 1164 3221 tuo,
1202 3137 1236 3199 et
1267 3127 1402 3223 Spiritui
1436 3138 1566 3219 sancto,

198 3267 287 3316 nunc
314 3253 377 3315 eto.

304 3360 465 3453 Populus.
517 3361 636 3431 Amen.

305 3475 489 3547 Sacerdos.
542 3475 627 3546 Pax.

304 3590 464 3685 Populea.
515 3590 559 3662 Et
585 3613 658 3662 cum
686 3591 802 3685 spiritu
828 3598 894 3662 tuo.

302 3707 484 3779 Sacerdos.
539 3707 654 3778 Gratia
681 3709 733 3778 sit,

303 3822 462 3916 Populea.
515 3821 658 3895 Etcum
686 3825 800 3918 spiritu
827 3832 894 3894 tuo.

302 3939 489 4009 Diocoooa.
541 3939 674 4010 Stemus
702 3939 869 4011 decenter.

302 4053 486 4125 Sacerdos.
539 4053 729 4126 Laudamus
755 4066 802 4142 te,
829 4056 973 4128 Domine
998 4054 1105 4145 Deus,
1132 4067 1165 4127 et
1191 4059 1316 4148 gratias
1343 4060 1472 4149 agimus
1495 4053 1564 4127 bo-

197 4172 292 4241 nitati
319 4178 413 4259 tuae,
446 4168 736 4266 glorificamusque
769 4176 977 4265 majestatem
1011 4179 1119 4261 tuam,
1156 4194 1198 4243 eo
1232 4172 1319 4267 quod
1352 4194 1415 4245 nos
1447 4171 1566 4264 dignos

196 4283 307 4355 fecisti
334 4285 514 4357 accedendi
541 4285 582 4358 ad
608 4309 756 4360 mensam
783 4298 873 4360 tuam
899 4297 1048 4360 sanctam
1076 4299 1110 4359 et
1142 4287 1403 4361 communicandi
1429 4298 1564 4383 myste-

197 4403 256 4472 riis
284 4402 537 4474 vivificantibus.
591 4402 641 4473 Te
668 4405 768 4495 igitur
794 4405 1009 4478 obsecramus
1036 4405 1196 4495 Domine,
1223 4428 1266 4477 ne
1281 4404 1482 4478 condemnes
1501 4424 1565 4474 nos

196 4520 232 4589 in
260 4515 313 4588 die
338 4516 394 4589 illo
422 4517 556 4591 terribili
580 4519 713 4609 judicii,
740 4520 801 4591 sed
826 4521 931 4594 libera
950 4542 1013 4594 uos
1032 4545 1052 4593 a
1071 4522 1281 4594 damnatione
1300 4530 1335 4591 et
1352 4518 1567 4594 confusione:
1669 4586 1676 4601 ,

198 4632 345 4726 adjunge
372 4657 435 4707 nos
462 4641 631 4709 consortio
659 4639 857 4711 Sanctorum
884 4649 1029 4712 tuorum:
1057 4651 1091 4713 et
1117 4664 1192 4711 cunr
1218 4643 1266 4711 eis
1285 4650 1383 4735 atque
1405 4641 1567 4713 intereos
1636 4696 1639 4703 ,

198 4747 385 4822 referemus
414 4748 471 4822 tibi
499 4750 642 4843 gloriam
669 4765 703 4826 et
728 4753 878 4847 laudem,
904 4758 1142 4851 unigenitoque
1155 4756 1241 4829 Filio
1269 4767 1346 4845 tuo;
1374 4764 1408 4827 et
1434 4754 1568 4850 Spiritui

199 4874 333 4954 sancto,
361 4888 469 4956 nunc,
497 4877 560 4940 etc.

306 4981 466 5076 Populus.
519 4985 638 5058 Amen.

303 5098 485 5171 Sacerdos.
537 5102 622 5175 Pax.
