4525 6034
703 572 727 643 2
1207 573 1566 650 sitandin

701 760 893 833 sacrificium
921 761 983 834 hoc
1008 760 1261 851 benedictionis,
1287 761 1496 856 gloriamque
1522 771 1556 834 et
1581 760 1856 854 magnificentiam
1889 786 1951 859 per
1976 765 2067 857 illud,

698 877 731 947 in
757 888 873 950 sancto
901 888 965 950 tuo.
992 878 1085 951 Deus
1112 881 1242 971 gratiae
1267 876 1425 970 largitor,
1459 887 1492 950 et
1519 877 1634 952 salutis
1661 878 1846 968 mandator,
1873 883 1929 974 qui
1957 886 2067 957 omnia

698 994 733 1063 in
760 992 912 1066 omnihus
939 998 1102 1090 operaris,
1130 994 1172 1065 da
1198 993 1295 1065 nobis
1321 1003 1357 1064 ut
1387 994 1585 1067 sacrificium
1615 1004 1764 1067 nostrum
1798 1017 1914 1066 coram
1940 1006 1975 1068 te
2002 1021 2065 1070 ac-

671 1107 676 1121 ‘
699 1120 830 1205 ceptum
856 1114 918 1199 sit,
953 1133 1013 1206 pro
1046 1114 1193 1207 peccatis
1227 1113 1330 1200 meis,
1365 1120 1400 1192 et
1428 1133 1490 1206 pro
1516 1100 1711 1207 insipientiis'
1737 1109 1845 1206 plebis
1872 1121 1962 1203 tuae,
1990 1117 2065 1207 quia

687 1249 813 1322 purum
842 1237 905 1318 est,
932 1232 1016 1301 sicut
1042 1229 1163 1301 donum
1189 1227 1331 1325 Spiritus
1363 1230 1410 1298 tui
1436 1230 1560 1319 sancti,
1591 1230 1632 1300 in.
1651 1227 1783 1301 Christo
1812 1228 1895 1301 Jesu
1920 1228 2063 1302 Domino

696 1353 834 1433 nostro,
869 1367 931 1440 per
958 1367 1054 1440 quem
1081 1355 1114 1416 te
1150 1343 1247 1416 decet
1279 1342 1390 1435 gloria
1421 1352 1455 1416 et
1479 1344 1605 1436 honor,
1641 1367 1716 1416 eum
1746 1347 1839 1441 ipso,
1872 1353 1907 1416 et
1939 1343 2063 1441 Spiritu

700 1470 815 1531 sancto
831 1458 1032 1551 vivificante,
1058 1459 1185 1557 tibique
1211 1459 1496 1552 consubstantiali,
1522 1471 1658 1532 nuncet
1674 1482 1807 1556 semper
1833 1469 1867 1532 et
1891 1464 1926 1532 in
1953 1466 2062 1536 omnia

697 1575 831 1647 saecula
857 1577 1075 1649 saeculorum.
1126 1577 1248 1649 Amen.

1116 1837 1236 1907 Oratio
1265 1800 1462 1910 Grotimwn
1487 1840 1644 1910 actionis.

797 2042 985 2116 Sacerdos.
1038 2041 1172 2114 Gratias
1207 2064 1346 2135 agamus
1381 2040 1546 2116 bonorum
1582 2045 1690 2116 autori
1727 2043 1956 2134 misericordi,
1991 2044 2063 2117 Deo

694 2157 785 2230 Patri
811 2158 956 2248 Domini,
983 2159 1047 2230 Dei
1079 2170 1113 2231 et
1148 2158 1336 2232 salvatoris
1369 2163 1476 2232 nostri
1500 2160 1584 2232 lesu
1610 2158 1745 2251 Christi,
1778 2164 1853 2256 quia
1880 2164 1956 2257 ipse
1981 2184 2063 2258 pro-

693 2277 779 2345 texit
804 2296 879 2365 nos,
908 2273 1034 2366 adjuvit
1060 2284 1094 2346 et
1120 2278 1273 2348 servavit
1304 2296 1385 2370 nos,
1417 2279 1629 2372 suscepitque
1654 2298 1717 2349 nos
1754 2276 1882 2369 adse,
1909 2280 2062 2350 misertus

694 2400 748 2463 est
772 2393 891 2481 nostri,
917 2391 1138 2486 perduxitque
1163 2413 1227 2465 nos
1255 2391 1297 2463 ad
1330 2391 1415 2464 lianc
1448 2391 1574 2465 horam.
1626 2393 1736 2488 lpsum
1764 2416 1851 2466 nunc
1876 2416 2061 2491 precemur,

693 2514 730 2577 ut
755 2507 920 2580 custodiat
946 2530 1008 2582 nos
1034 2508 1099 2581 hoc
1126 2519 1243 2582 sancto
1271 2509 1325 2581 die
1351 2519 1385 2581 et
1411 2509 1563 2583 omnibus
1591 2508 1707 2584 diebus
1734 2516 1825 2584 vitae
1850 2514 2061 2602 nostrae,in

696 2626 784 2693 omni
810 2646 907 2720 pace,
934 2628 1143 2720 omnipotens
1170 2626 1331 2698 Dominus
1357 2625 1451 2697 Deus
1477 2635 1602 2699 noster.

798 2740 985 2813 Diaconos.
1038 2741 1093 2813 Ad
1121 2740 1315 2814 Orationem
1341 2750 1436 2814 state.

798 2856 981 2929 Sacerdos.
1035 2857 1286 2930 DomineDeus
1312 2862 1533 2954 omnipotens,
1559 2858 1660 2932 Pater
1678 2860 1812 2932 Domini
1837 2860 1903 2932 Dei
1930 2870 1966 2932 et
1981 2860 2060 2933 Sal-

462 2938 473 2969 !
561 2945 570 2965 ’
694 2975 822 3045 valoris
849 2977 955 3046 nostri
980 2973 1061 3047 Jesu
1090 2972 1225 3065 Christi,
1251 2978 1378 3067 gratim
1396 2978 1525 3066 aginam
1548 2973 1607 3046 tibi
1633 2976 1675 3048 de
1689 2977 1853 3066 omnibns,
1879 2987 1914 3049 et
1928 2985 2060 3074 propter

499 3076 560 3153 ‘'ss
606 3090 621 3110 Γ
695 3092 815 3181 omnia,
842 3100 876 3161 et
902 3094 936 3161 in
962 3091 1126 3182 omnihus,
1155 3096 1229 3187 quia
1256 3095 1433 3187 protexisti
1458 3114 1533 3182 nos,
1561 3092 1717 3184 adjuvisti
1750 3115 1825 3184 nos,
1852 3094 2059 3167 conservasti

693 3227 776 3299 nos,
812 3209 989 3303 suscepisti
1023 3229 1086 3280 nos
1119 3207 1164 3280 ad
1197 3218 1248 3303 te,
1281 3217 1316 3279 et
1347 3211 1501 3281 misertus
1534 3231 1572 3282 es
1607 3213 1730 3300 nostri,
1763 3209 1918 3281 auxilium
1947 3209 2059 3283 dedisti

560 3314 803 3413 finctis,
831 3333 868 3394 et
893 3322 935 3394 ad
961 3323 1046 3395 hanc
1072 3323 1189 3396 horam
1215 3347 1278 3397 nos
1304 3324 1496 3420 perduxisti.

795 3439 984 3511 Diaconos.
1039 3438 1142 3511 Orate
1167 3449 1204 3511 ut
1227 3440 1320 3513 Deus
1346 3444 1543 3514 misereatur
1568 3445 1683 3516 nostri.

797 3554 981 3627 Sacerdos.
1032 3554 1085 3628 Ea
1110 3566 1248 3652 propter
1273 3558 1416 3653 petimus
1442 3566 1477 3629 et
1511 3555 1728 3631 obsecramus
1754 3556 1937 3630 bonitatem
1963 3567 2058 3643 mam,

694 3688 716 3738 o
744 3674 873 3743 amator
898 3669 1077 3761 hominum,
1104 3682 1140 3744 ut
1166 3673 1332 3744 concedas
1358 3673 1456 3746 nobis
1481 3673 1569 3745 hunc
1595 3673 1859 3764 diem'sanctum,
1886 3685 1921 3746 et
1948 3692 2057 3747 omnes

694 3785 765 3857 dies
792 3789 884 3858 vitae
909 3797 1046 3859 nostrae
1072 3792 1105 3859 in
1131 3811 1217 3883 pace
1244 3813 1318 3862 curn
1345 3792 1464 3862 timore
1503 3801 1559 3861 tuo
1586 3792 1783 3883 transigere.
1838 3789 1979 3863 Omnem
2003 3792 2056 3858 iu-

693 3902 830 3994 vidiam,
859 3924 989 3974 omnem
1016 3908 1247 3995 tentationem,
1284 3927 1415 3978 omnem
1443 3909 1670 4003 operationem
1697 3907 1856 3997 Satanae,
1882 3916 1917 3978 ct
1942 3909 2055 3979 consi-

693 4017 770 4089 lium
797 4018 961 4090 hominum
988 4021 1226 4116 improborum,
1237 4025 1463 4119 impetumque
1475 4024 1616 4097 hostium
1643 4034 1709 4097 mm
1736 4023 1940 4096 occultorum
1954 4043 2056 4125 ¹quam

694 4135 954 4225 manifestorum,
982 4136 1112 4232 depelle
1139 4162 1159 4210 a
1186 4138 1303 4228 nobiS,
1339 4139 1380 4212 ab
1418 4144 1507 4212 omni
1532 4142 1656 4239 populo
1683 4151 1739 4213 tuo
1766 4150 1801 4212 et
1826 4138 1868 4212 ab
1895 4139 2055 4212 hocloco

696 4263 831 4325 sancto:
859 4275 945 4348 quae
971 4262 1080 4323 autem
1105 4253 1215 4343 bona,
1251 4278 1337 4349 quae
1371 4256 1492 4353 placita
1520 4267 1606 4346 sunt,
1632 4255 1730 4330 nohis
1753 4257 1846 4349 julie.
1898 4257 1951 4328 Τιι
1977 4256 2054 4328 enim

693 4370 767 4463 ipse
794 4391 845 4459 es,
874 4370 929 4463 qui
956 4367 1075 4441 dedisti
1100 4370 1198 4443 nobis
1224 4382 1422 4466 potestatem
1450 4373 1599 4445 calcandi
1616 4383 1790 4470 serpentes
1804 4384 1839 4445 et
1853 4377 2054 4469 scorpiones,

695 4507 893 4580 omnemque
920 4488 1075 4557 tdrtutem
1101 4488 1231 4558 inimici.
1284 4484 1328 4560 Et
1362 4511 1405 4562 ne
1436 4511 1499 4563 nos
1525 4489 1661 4562 inducas
1688 4493 1973 4580 intentationem,
1999 4485 2053 4560 sed

693 4600 801 4673 libera
826 4622 890 4672 nos
918 4624 938 4672 a
964 4600 1065 4692 malo,
1092 4625 1154 4697 per
1179 4607 1321 4695 gratiam
1348 4615 1382 4677 et
1416 4607 1699 4698 misericordiam,
1727 4626 1941 4702 amoremque
1976 4626 2052 4696 erga

692 4715 843 4788 homines
877 4715 953 4789 Filii
986 4721 1033 4789 tui
1065 4721 1245 4812 unigeniti,
1277 4720 1410 4795 Domini
1441 4721 1506 4793 Dei
1542 4731 1576 4794 et
1607 4721 1797 4796 salvatoris
1836 4727 1941 4796 nostri
1975 4722 2050 4793 lesu

695 4831 828 4922 Christi,
854 4856 917 4929 per
944 4857 1041 4930 quem
1067 4834 1127 4907 tihi
1158 4835 1297 4909 debetur
1321 4837 1439 4929 honor,
1466 4839 1574 4932 gloria
1602 4843 1671 4911 et
1660 4843 1844 4936 imperium,
1871 4862 1944 4910 cum
1970 4843 2050 4935 ipso,

695 4960 730 5020 et
755 4949 879 5046 Spiritu
905 4962 1030 5024 sancto
1048 4952 1253 5043 vivificante,
1277 4955 1401 5051 tibique
1427 4954 1716 5100 consulislaptiali,
1743 4966 1890 5030 nuncet
1916 4974 2050 5077 semper,

696 5065 765 5133 et
755 5086 789 5134 m
816 5069 924 5139 omnia
952 5068 1085 5141 saecula
1113 5071 1332 5142 saeculorum
1384 5048 1575 5145 Amen
1603 5074 1610 5085 ⁴
