4525 6034
628 576 701 650 loo
1070 561 1284 641 llthGlh
1309 560 1341 639 S.
1368 558 1582 639 aasabim

628 764 782 855 dignatus
810 778 849 830 es
877 754 1085 828 descendere
1113 751 1156 822 de
1182 748 1307 821 excel·
1351 744 1483 843 μοίταιν
1516 749 1583 819 τοῦ
1615 738 1785 841 ούρανοῦ,
1820 746 1859 816 ἐκ
1882 740 2035 819 κόλπων

627 869 674 938 sis
702 861 802 952 coeli,
829 882 875 932 ex
901 860 974 932 sinu
996 857 1126 929 luminis
1142 857 1310 954 inaccesf
1351 856 1419 925 τού
1435 847 1627 947 ολπροςίτου
1643 842 1781 943 φαπός,
1810 845 1871 919 καί
1891 843 2031 941 ἀληθι-

627 967 746 1058 sibilis‚
774 973 808 1036 et
833 965 920 1051 veri,
943 957 1187 1050 invisibilisque
1204 954 1309 1027 solius
1351 960 1422 1030 νοῦ
1455 951 1516 1027 καί
1548 944 1707 1044 ἀοράτου
1735 946 1856 1045 μόνου
1886 946 2033 1046 πατρός

626 1073 745 1144 Patris.
780 1068 911 1160 Quique
937 1067 1127 1134 incarnatus
1155 1058 1197 1129 de
1223 1056 1308 1151 spi·
1353 1053 1569 1153 Σαρκωθείς
1585 1050 1625 1126 δὲ
1642 1055 1681 1125 ἐκ
1695 1049 1897 1147 πνεύματος
1907 1051 2032 1151 οίγίου,

627 1177 692 1245 ritu
727 1179 867 1256 sancto,
900 1177 934 1238 et
970 1189 1017 1237 ex
1051 1163 1308 1256 gloriosissima,
1351 1157 1413 1234 καί
1435 1162 1474 1233 ἐν
1490 1162 1552 1252 τῆς
1567 1152 1814 1245 πανινδόξου,
1832 1151 2031 1251 ἅχροίιτου,

627 1273 851 1361 immaculata,
878 1279 1005 1358 sancta,
1027 1268 1159 1339 (lomina
1178 1270 1307 1352 nostra,
1350 1261 1453 1362 ύγίας
1478 1258 1666 1356 δεσποίνης
1697 1258 1804 1353 ύμών
1836 1254 2031 1347 θεοτόκου,

627 1381 778 1473 Deipara
804 1384 839 1446 ct
865 1394 999 1468 semper
1025 1370 1167 1462 Virgine
1185 1366 1305 1455 Maria,
1349 1364 1411 1440 καί
1432 1362 1676 1460 ύειπαρθίνου
1695 1362 1855 1461 Μαρίοις,
1882 1360 1943 1434 καί
1966 1388 2029 1435 τε-

627 1480 778 1577 perfecte
803 1478 903 1548 homo
930 1474 1039 1546 factus
1065 1494 1122 1544 es:
1149 1492 1217 1542 noa
1244 1490 1306 1566 per
1349 1473 1435 1551 λε’(υς
1451 1461 1749 1563 ἕνανθρυνπήσας·
1769 1464 1831 1538 καί
1850 1463 1942 1537 κατὰ
1958 1493 2029 1558 μι-

628 1582 948 1667 traasmutationem
974 1575 1207 1648 humanitatem
1225 1595 1306 1645 mu·
1349 1568 1537 1661 τοίστασιν,
1550 1567 1619 1665 τήν
1632 1564 1901 1668 ύνθρωπότητα
1916 1565 2029 1642 ἀναλ-

629 1699 717 1777 tans‚
745 1683 806 1757 sed
831 1685 952 1754 uniens
978 1678 1036 1751 tibi
1070 1700 1145 1749 earn
1178 1697 1306 1749 secun-
1351 1671 1521 1757 λοιυίσας·
1547 1669 1681 1755 ἑναίσας
1697 1668 1913 1766 tamquo&
1930 1668 2028 1745 ὑπό-

630 1790 707 1861 dum
732 1787 949 1883 hypostasin,
976 1780 1076 1855 modo
1114 1778 1307 1874 inexplica-
1351 1770 2027 1876 στασιν,οἰφροίστωςκαίοίπερινοήτας,

629 1892 706 1980 bili,
739 1900 774 1961 et
800 1883 1050 1978 inintelligibili‚
1085 1881 1146 1956 sed
1179 1880 1305 1977 absque
1351 1883 1532 1979 δτρύττως
1553 1877 1594 1953 δὲ·
1615 1876 1676 1952 καί
1701 1873 1923 1976 ἀσυγχύτους,
1947 1899 2027 1974 φυ-

629 1996 809 2067 mutatione
842 2000 876 2062 et
911 1987 1127 2078 confusione,
1163 1986 1305 2056 animam
1346 1982 1585 2080 χὴνέγουσαν
1600 1978 1752 2081 λογικήν
1763 1980 1870 2056 τεκαὶ
1882 1978 2028 2078 νοεροίν,

630 2097 808 2170 habentem
843 2092 1040 2165 rationalem
1072 2098 1106 2161 et
1138 2086 1308 2159 intellectu
1350 2086 1463 2170 οὕτως
1500 2088 1681 2185 προῆλθες
1712 2086 1752 2164 ἕξ
1776 2081 1884 2179 αὐτῆς
1907 2086 2027 2158 θεον-

629 2199 824 2298 praeditam.
860 2196 908 2269 lta
942 2217 988 2267 ex
1023 2215 1064 2265 ea
1097 2192 1306 2287 processisti,
1350 2189 1587 2287 θρααταιθείς·
1605 2185 1797 2283 ὁμοούσιος
1810 2186 1920 2284 πατρί
1934 2184 2028 2260 κατὰ

629 2306 723 2377 Deus
748 2297 988 2387 humefactus,
1016 2292 1307 2368 consubstantialis
1350 2291 1419 2389 τὴν
1441 2291 1617 2389 arama,
1643 2289 1704 2365 καί
1727 2287 1918 2386 ὁμοούτιος
1939 2289 2028 2384 ἡμῖν

629 2408 723 2479 Patri
736 2401 916 2476 secundum
931 2401 1148 2486 divinitatem,
1167 2407 1201 2468 et
1217 2418 1308 2468 cou-
1351 2393 1443 2471 κατοί
1464 2394 1533 2491 τὴν
1556 2392 1835 2494 οίνθρωπότιγτα.
1881 2390 1936 2470 Οὐ
1957 2389 2027 2466 δύο

632 2505 858 2582 substantialis
893 2503 991 2577 nobis
1025 2501 1207 2575 secundum
1239 2498 1308 2569 hu·
1352 2497 1521 2598 πρόςωπα
1556 2494 1636 2587 οὖν,
1669 2495 1755 2570 oola
1781 2494 1851 2570 δύο
1882 2493 2029 2595 μορφσῖς

631 2615 833 2683 manitatem.
885 2606 961 2680 Non
1010 2606 1091 2677 duas
1129 2624 1309 2699 personas,
1352 2601 1486 2702 ἤγουν,
1512 2600 1597 2675 οὐδὲ
1614 2605 1653 2675 ἐν
1670 2598 1755 2674 δυσί
1773 2597 1901 2696 φύσεσι
1925 2627 2028 2699 γνω-

633 2723 690 2786 aut
716 2713 797 2785 duas
826 2710 950 2782 formas
977 2707 1117 2797 habens,
1138 2727 1249 2800 neque
1276 2708 1310 2774 in
1354 2703 1563 2805 ριζύμινος,
1578 2701 1655 2779 ἀλλ’
1669 2699 1879 2790 alcharias}
1893 2702 2028 2800 κύριος,

633 2815 761 2888 duabus
787 2815 914 2886 naturis
947 2815 1095 2903 agnitus:
1131 2808 1193 2881 sed
1225 2830 1309 2880 unus
1352 2809 1420 2904 μία
1438 2806 1562 2897 ούσία,
1587 2808 1655 2901 μία
1671 2806 1853 2902 βασιλεία,
1879 2807 1947 2899 μία
1966 2802 2029 2878 δε-

631 2921 747 3007 Βουσ,
781 2939 864 2988 unus
904 2917 1084 2987 Dominus:
1105 2935 1190 2984 ‚una
1223 2909 1310 2984 suh-
1352 2908 1511 2999 σπόταα,
1525 2911 1592 3005 μία
1608 2914 1775 3007 ἐνέργεια,
1790 2909 1857 3003 μία
1871 2906 2029 2985 ὑπόστα-

632 3024 764 3111 stantia,
790 3043 890 3091 unum
916 3040 1068 3110 regnum,
1099 3039 1165 3087 una
1194 3014 1308 3086 dorni·
1353 3038 1424 3105 σις,
1449 3013 1517 3109 μία
1546 3016 1711 3109 θίλησις,
1736 3012 1804 3106 μία
1829 3009 1937 3110 φύσις
1963 3016 2032 3085 τοῦ

631 3129 736 3213 natio,
761 3146 827 3195 ana
855 3124 1019 3218 operatio,
1046 3141 1111 3190 una
1139 3117 1308 3214 hyposta-
1353 3115 1912 3216 θεοῦλόγουσεσαρκωμιήμαί
1924 3144 2031 3213 προς-

634 3232 693 3315 sis,
719 3249 785 3299 una
811 3225 1072 3312 voluntasque
1098 3231 1217 3292 natura
1244 3221 1310 3292 Dei
1354 3225 1568 3315 κυνουμίνη.
1612 3216 1848 3316 Σταυρωθιίς
1882 3216 1923 3291 δὲ
1958 3215 2029 3291 ύπό

631 3328 738 3401 Verbi
764 3333 936 3400 incarnata
963 3337 997 3398 et
1023 3325 1173 3397 adorata.
1215 3321 1307 3394 Cro·
1353 3322 1517 3400 Ποντίου
1531 3323 1710 3411 Πιλάτου,
1725 3319 1785 3396 καί
1802 3319 2030 3420 ὁμολογήσας

633 3434 752 3504 cihxus
790 3441 901 3502 autem
932 3426 993 3502 sub
1029 3429 1148 3500 Pontio
1189 3424 1310 3514 Pilato,
1353 3425 1423 3522 τὴν
1437 3423 1552 3520 καλὴν
1574 3425 1791 3524 ὁμολογίαν·
1815 3422 1953 3498 παθών
1969 3422 2030 3497 καί

635 3534 880 3627 confessusque
915 3530 1125 3627 praeclaram
1169 3528 1311 3600 confes·
1353 3529 1475 3620 ταφείς
1490 3528 1551 3602 καί
1564 3526 1719 3611 ἇναστοίς
1734 3533 1778 3623 τῇ
1791 3526 1893 3623 τρίτῃ
1902 3526 2030 3624 ἦγοόᾳ,

635 3640 782 3710 sionem:
809 3656 931 3730 passus
958 3644 992 3705 et
1018 3632 1166 3728 sepultus
1188 3652 1310 3703 resur·
1353 3632 1415 3707 καί
1431 3630 1601 3707 merear
1618 3633 1664 3714 ele
1677 3629 1869 3730 οὐρανούς,
1886 3629 1947 3703 καί
1960 3658 2030 3703 να-

635 3742 755 3810 rexisti
796 3740 893 3809 tertia
928 3736 1002 3825 die,
1047 3745 1081 3806 et
1122 3733 1311 3808 ascendens
1355 3736 1465 3819 θίσος
1482 3739 1520 3810 ἓν
1536 3742 1580 3829 τῇ
1603 3732 1703 3830 δεξίᾳ
1725 3741 1786 3829 τῆς
1814 3730 2030 3833 μεγαλωσύ-

635 3845 670 3912 in
697 3840 840 3929 coelum,
868 3838 1048 3911 consedisti
1076 3838 1118 3908 ad
1139 3837 1312 3909 dexteram
1355 3834 1666 3934 maturissimos,
1690 3834 1847 3930 πατήσας
1863 3834 1929 3911 τὸν
1947 3832 2030 3908 θοί-

634 3942 867 4036 magnitudinis
925 3943 1055 4031 Patris,
1109 3940 1311 4014 conculcasti
1354 3970 1484 4024 νατον,
1519 3939 1579 4014 καί
1608 3939 1675 4016 τὸν
1705 3939 1800 4036 ᾅδην
1822 3936 2030 4029 σκυλεύσας,

634 4058 797 4134 mortem,
831 4044 994 4117 infernum
1027 4044 1194 4140 spoliasti,
1221 4064 1311 4115 con·
1354 4044 1554 4142 συντρίψας
1576 4041 1691 4127 πύλας
1703 4040 1856 4138 χαλνύς,
1879 4042 1940 4116 καί
1955 4039 2031 4134 μύ-

633 4150 784 4241 fringens
817 4156 933 4244 portas
961 4169 1100 4237 aereas,
1133 4156 1167 4217 et
1193 4155 1311 4220 vectes
1351 4143 2030 4244 χλουςσιδηρούςσυνθλοίσας,καίτὸν

561 4315 564 4325 .
634 4252 1116 4347 ferreosrupisti‚captiv1mr
1147 4247 1312 4321 Adamum
1354 4248 1588 4346 αἰχμάλωτον
1617 4247 1734 4343 Ἀδὰμ
1760 4245 2031 4342 ἀνακαλεσάμε-

634 4358 805 4427 revocasti
832 4377 879 4425 ex
913 4357 1147 4449 corruptione,
1181 4374 1312 4447 nosque
1354 4382 1416 4437 νος
1429 4358 1468 4426 ἐν
1482 4354 1641 4452 φθορᾶς,
1654 4352 1715 4426 καί
1729 4352 1822 4446 ἡμᾶς
1835 4348 2032 4447 ἐλευθερού-

634 4456 784 4533 liberasti
810 4480 831 4528 a
858 4455 982 4529 diaboli
1009 4459 1179 4529 servitute.
1354 4478 1419 4539 σας
1436 4459 1475 4530 ἐκ
1492 4464 1553 4551 τῆς
1569 4462 1636 4529 τού
1659 4452 1840 4553 διαβόλου
1859 4453 2031 4537 δουλείας.

685 4662 815 4734 Idcirco
842 4685 1002 4755 rogamus
1030 4672 1063 4734 et
1095 4661 1311 4756 imploramus
1407 4660 1463 4737 Δι’
1484 4659 1506 4736 δ
1529 4660 1691 4757 δεόμεθα
1717 4660 1777 4735 καί
1794 4666 2032 4759 παρακαλού-

634 4787 669 4849 te
695 4776 855 4871 benigne,
881 4777 982 4868 bone,
1012 4786 1187 4874 praestare
1212 4776 1310 4850 nobis
1353 4782 1486 4874 μένσε,
1503 4772 1758 4878 φιλοίνίλριοπε,
1771 4775 1902 4879 ἀγαθέ,
1917 4806 2034 4851 κατα-

635 4892 793 4984 dignare,
827 4904 863 4966 ut
887 4918 972 4995 puro
1001 4894 1104 4967 corde
1131 4894 1311 4967 audeamus
1356 4894 1490 4974 ξίιοσον
1524 4894 1617 4991 ἡμᾶς
1643 4897 1682 4971 ἕν
1714 4896 1865 4993 καθαρᾷ
1899 4892 2033 4993 καρδίᾳ

636 5006 765 5103 absque
801 5013 941 5102 timore,
973 5013 1133 5085 hrvocare
1165 5014 1312 5084 omnium
1354 5016 1498 5107 τολμᾷν
1528 5007 1680 5109 ἀφόβως
1715 5013 1938 5108 ι’πιβοᾶσθαι
1964 5008 2032 5086 τὸν
