4525 6034
697 564 773 655 352
1197 620 1205 631 .
1272 560 1504 639 NOTAE

697 758 854 843 essetque
880 748 1076 821 fermentum
1103 750 1205 834 vitae,
1232 769 1275 819 ne
1304 747 1508 821 condemnes
1535 771 1607 837 eos,
1636 754 1691 845 qui
1718 759 1751 822 te
1777 750 1964 841 comedunt,
1988 775 2048 824 cun

696 863 761 936 illis
789 869 844 959 qni
870 873 1119 936 contemserunt
1144 866 1322 958 passiones
1351 874 1424 936 tuas
1439 864 1621 939 salutares:
1649 875 1683 939 et
1698 864 1884 939 reseremus
1909 863 1963 939 tibi
1982 867 2050 961 glo-

696 984 779 1052 riam
813 991 847 1052 et
885 979 1037 1067 laudem,
1075 979 1233 1075 Patrique
1270 990 1327 1052 tuo
1369 979 1567 1071 benedicto,
1607 991 1641 1054 et
1680 981 1817 1077 Spiritui
1856 991 1912 1053 tuo
1950 994 2049 1054 sancto

697 1117 797 1186 nunc,
825 1106 888 1167 etc.
1224 1089 1232 1105 '

803 1210 964 1305 Populus.
1017 1211 1138 1281 Amen.

801 1325 991 1396 Diaconos.
1044 1322 1193 1395 Benedic
1219 1323 1372 1395 Domine.

802 1441 988 1512 Sacerdos.
1041 1438 1189 1511 Benedic
1217 1438 1378 1511 omnibus.

759 2044 821 2134 IN
872 2041 1253 2134 illuserint
1295 2030 2006 2150 nnlt¹rtltl1,lrlsrusls

1298 2250 1472 2334 nortl.

800 2534 854 2612 Ds
877 2544 1010 2608 blattheo
1034 2543 1174 2617 Pastore,
1205 2544 1256 2625 qui
1279 2545 1366 2626 hujus
1388 2546 1542 2627 Litnrgiae
1564 2555 1652 2610 autor
1675 2546 1869 2628 perhibetur,
1894 2547 1966 2610 nihil
1986 2546 2057 2609 nobis

701 2650 849 2728 occurrit,
874 2647 952 2710 unde
976 2646 1097 2728 qnando
1120 2648 1249 2722 vixerit,
1273 2654 1324 2709 aut
1347 2666 1436 2728 quern
1458 2648 1585 2732 gradum
1608 2650 1638 2712 iu
1661 2668 1716 2713 sua
1739 2650 1881 2713 Ecclesia
1905 2650 2057 2726 obtinuerit,

699 2750 749 2811 vel
778 2747 940 2810 divinando
968 2746 1093 2827 assequi
1122 2747 1284 2827 possimus.
1327 2745 1494 2810 Jacobitam
1523 2748 1605 2811 illum
1627 2748 1722 2812 luisse
1744 2749 1814 2811 hinc
1836 2751 1984 2830 probator
2003 2767 2060 2810 cer·

698 2848 815 2911 tissime
836 2845 917 2927 qnod
938 2845 1014 2909 baec
1036 2846 1102 2927 ejus
1124 2847 1246 2908 nomine
1256 2845 1393 2927 liturgia
1410 2849 1542 2910 occurrit
1565 2867 1632 2911 cum
1653 2849 1753 2911 multis
1776 2850 1843 2912 aliis
1862 2848 1961 2912 eidem
1973 2855 2059 2910 sectae

698 2947 843 3028 propriis,
867 2963 956 3026 quae,
979 2947 1094 3009 sicam
1118 2944 1313 3025 quaeJacobi
1337 2946 1446 3009 dicitur
1468 2948 1648 3029 excipimus:
1671 2949 1782 3011 nullam
1801 2968 1871 3011 cum
1889 2947 2060 3010 aliisEccle-

699 3045 752 3107 siis
776 3061 963 3107 communem
985 3042 1085 3107 babet.
1129 3043 1203 3107 Eam
1225 3051 1324 3106 tamen
1345 3045 1461 3108 Missuli
1480 3044 1641 3111 Gbaldaicc
1664 3051 1859 3111 inseruerunt
1883 3050 1935 3129 qni
1957 3044 2061 3107 editioni

698 3145 907 3225 praefuerunt,
929 3161 1007 3222 cum,
1031 3150 1064 3205 ut
1087 3141 1158 3207 alibi
1179 3145 1359 3222 monuimus,
1383 3152 1413 3207 et
1436 3144 1485 3207 illa
1509 3154 1539 3207 et
1561 3147 1637 3209 aliae
1660 3164 1777 3225 ornnes,
1801 3165 1865 3209 non
1884 3147 1944 3209 alia
1961 3146 2060 3207 ratione

700 3245 737 3306 sd
760 3245 924 3307 Maronitas
954 3243 1144 3323 pertineant,
1173 3260 1261 3323 quam
1284 3243 1437 3323 reliquae:
1461 3261 1566 3308 omnes
1593 3247 1671 3308 enim
1699 3245 1909 3308 lacebitarum
1936 3242 2059 3325 propriae

698 3356 780 3427 sunt,
802 3346 857 3408 sed
880 3346 1038 3429 neglecta,
1066 3352 1137 3426 post
1159 3346 1304 3426 depulsos
1328 3345 1414 3428 Syria
1437 3346 1576 3422 Latinos,
1599 3344 1813 3407 Maronitarum
1836 3344 1979 3406 Ecclesia
1999 3356 2061 3420 quse

699 3466 766 3510 cum
788 3445 920 3508 Romana
944 3445 1139 3508 reconciliata
1163 3443 1270 3523 luerat,
1294 3450 1346 3526 qui
1367 3447 1453 3527 prius
1476 3442 1691 3507 llonothelitae
1713 3442 1844 3521 merant,
1869 3442 1998 3525 perlecti
2016 3437 2061 3498 la-

699 3546 817 3607 cobitae
840 3552 1011 3607 evaserunt.
1054 3544 1144 3606 Extat
1172 3544 1202 3604 in
1225 3542 1358 3605 Romana
1387 3544 1519 3607 editione
1545 3562 1574 3624 p.
1597 3542 1669 3606 tls.
1694 3551 1725 3605 et
1747 3543 1962 3623 sequentibus.
2003 3540 2062 3618 Ejus

567 3696 570 3705 Δ
699 3651 853 3706 autemut
876 3643 1000 3705 aliarum
1022 3644 1224 3706 recentiorum
1247 3643 1346 3723 stilus,
1370 3662 1409 3705 ex
1432 3643 1602 3725 elegantiae
1620 3642 1763 3723 Syriacae
1785 3641 1891 3704 studio
1914 3636 2061 3703 intricatis-

699 3744 791 3804 simus
821 3750 884 3817 est,
915 3761 973 3805 nec
1002 3741 1080 3805 levis
1111 3742 1209 3805 multis
1237 3742 1329 3821 locis,
1360 3761 1489 3823 quorsum
1517 3752 1615 3806 tamen
1637 3742 1735 3805 nullos
1759 3741 1797 3804 ad
1819 3742 1916 3806 fidem
1938 3742 2062 3823 pertinet,

699 3841 870 3903 obscuritas
893 3842 1055 3922 reperitur.

925 4102 960 4171 2.
1002 4100 1049 4171 Et
1076 4123 1150 4171 cem
1176 4100 1328 4172 omnibus
1353 4105 1486 4174 coloris
1511 4100 1756 4195 spiritualibus,
1783 4107 1850 4170 etc.

803 4292 990 4381 Snsrssrm,
1013 4305 1190 4383 utuidetur,
1213 4304 1289 4367 haec
1312 4314 1365 4367 est.
1397 4304 1470 4368 Cum
1483 4305 1580 4367 beatis
1591 4304 1649 4366 illis
1661 4302 1814 4384 spiritibus
1827 4302 1942 4364 landes
1962 4308 2063 4363 nostras

699 4408 931 4491 conjungendo,
962 4416 1085 4470 aeterna
1114 4416 1164 4470 tua
1188 4408 1332 4486 consilia,
1363 4409 1502 4471 nonnisi
1525 4406 1660 4470 secundo
1684 4405 1843 4487 postillos
1877 4406 1964 4481 loco,
1990 4399 2063 4464 salle

699 4507 876 4588 imperfecte
906 4510 1060 4570 noscimus
1091 4515 1121 4569 et
1143 4506 1338 4570 balbutiendo
1363 4508 1400 4570 de
1423 4509 1570 4570 Trinitate
1593 4507 1757 4587 loquimur,
1781 4504 1920 4568 dicendo
1943 4505 2063 4565 Sanctus

699 4607 812 4669 Verum
834 4606 945 4686 aliquid
967 4607 1098 4670 fortasse
1120 4605 1201 4668 aliud
1222 4606 1450 4689 intelligendum
1474 4614 1538 4683 est,
1569 4604 1651 4685 quod
1680 4604 1906 4685 qualecumque
1937 4604 1990 4680 sit,
2016 4615 2064 4661 nun

699 4705 791 4769 valde
813 4705 918 4770 refert.

1070 4897 1104 4967 3.
1147 4897 1195 4966 El
1221 4899 1361 4989 imoqini
1387 4898 1619 4988 coofiqerotus
1645 4900 1706 4966 est.

790 5051 856 5129 Dm
877 5062 955 5126 lilius
979 5078 1071 5125 earne
1093 5071 1241 5144 assumta,
1263 5061 1393 5142 bomini,
1416 5063 1468 5143 qui
1490 5060 1677 5146 erat-imago
1694 5056 1763 5137 Dei,
1786 5057 1998 5141 configuratus
2018 5058 2062 5114 cst
