4525 6034
519 622 695 701 bruscum
719 622 984 719 PATRIARCHAE
1010 624 1277 702 ALEXAllDlillll.
1511 624 1585 699 291

217 817 273 880 tua
300 809 445 906 depelle:
471 809 596 884 infide
622 822 714 884 recta
742 833 827 909 quae
853 815 887 883 in
913 819 947 883 te
974 821 1038 901 est,
1064 815 1264 885 inconcusse
1291 821 1527 901 conservetur,
1555 823 1590 885 et

218 930 346 999 cantica
379 927 560 1024 spiritualia
595 928 737 1001 vocibus
769 927 1036 1025 triumphalibus,
1072 938 1106 1000 et
1138 927 1313 1001 modulatis
1350 951 1369 999 a
1403 928 1478 1001 filiis
1515 932 1589 1023 ejus

218 1047 443 1115 concinantur.
496 1046 632 1141 Dissipa
659 1054 694 1117 et
718 1044 877 1140 propulsa
904 1046 1048 1138 eosqui
1075 1068 1122 1116 ex
1148 1044 1294 1118 adverso
1322 1067 1397 1117 eam
1424 1044 1589 1117 dividunt:

219 1161 295 1254 quia
328 1171 362 1232 tu
396 1183 434 1232 es
468 1160 565 1232 dator
599 1172 633 1233 et
667 1144 807 1253 largitor
840 1165 984 1233 omnium
1017 1160 1201 1249 bonorum,
1235 1171 1270 1233 et
1303 1159 1360 1233 hbi
1387 1161 1530 1254 gloriam
1557 1169 1591 1233 et

216 1272 349 1346 laudem
376 1276 562 1363 offerimus,
589 1286 624 1348 et
649 1280 820 1369 unigenito
847 1276 932 1350 Filio
959 1287 1030 1366 tuo,
1058 1286 1092 1348 et
1118 1276 1256 1372 Spiritui
1282 1287 1338 1348 tuo
1366 1280 1588 1352 sanctissimo.

321 1391 482 1486 Populus.
533 1393 654 1465 Amen.

322 1509 498 1581 Sacerdos
523 1510 714 1581 inclinatae.
766 1509 936 1582 Memento
968 1511 1067 1581 etiam
1100 1509 1244 1581 Domine
1277 1532 1392 1583 eorum
1427 1531 1512 1605 qnos
1546 1509 1588 1583 ab

219 1628 360 1721 antiquis
387 1624 590 1721 temporibus
617 1625 738 1700 oblitus
765 1647 832 1698 non
859 1648 910 1716 es,
935 1624 1175 1719 Prophetarum
1196 1627 1252 1718 qui
1269 1627 1468 1723 interpretes
1494 1625 1591 1699 fuere

216 1745 453 1837 mysteriorum
468 1752 616 1814 urorum:
643 1742 883 1838 Apostolorum
904 1740 1092 1830 beatorum,
1118 1739 1390 1814 Praedicatorrnn
1406 1742 1590 1831 illustrium,

215 1855 509 1951 Evangelistarum
551 1868 781 1947 strenuorum,
823 1862 878 1954 qui
910 1868 1145 1954 pugnaverunt
1180 1868 1214 1929 et
1245 1861 1398 1930 vicerunt
1438 1880 1589 1930 errorem

213 1973 438 2048 idololatriae:
465 1974 651 2071 Martyrum
677 1973 821 2047 fidelium
848 1978 903 2069 qui
930 1976 1029 2045 animi
1049 1972 1272 2046 fortitudinem
1295 1973 1528 2047 ostenderunt:
1556 1984 1590 2046 et

210 2090 353 2166 ‚loannis
379 2091 561 2186 Baptistae,
594 2093 690 2165 vocis
717 2090 804 2164 illius
832 2113 918 2187 quae
944 2092 1132 2187 praecessit
1156 2086 1325 2179 Verbum,
1361 2099 1395 2161 ct
1420 2112 1589 2185 praecur-

212 2212 320 2283 soris:
354 2206 513 2303 Stephani
545 2211 645 2280 etiam
678 2210 732 2304 qui
769 2211 895 2304 primns
932 2204 1081 2278 exhibuit
1113 2216 1284 2279 certamen
1317 2204 1521 2299 gloriosum,
1555 2217 1590 2279 et

214 2333 399 2396 coronatus
426 2334 478 2396 est
504 2346 632 2397 corona
657 2327 816 2420 martyrii.
868 2324 951 2415 Ejus
978 2325 1077 2394 etiam
1113 2346 1200 2418 quae
1226 2345 1309 2418 prae
1343 2322 1408 2395 illis
1436 2322 1589 2396 omnibus

213 2438 364 2527 illustris,
390 2440 607 2535 gloriosaque
638 2452 708 2531 est,
740 2451 819 2512 eta
853 2439 951 2512 nobis
986 2437 1175 2512 celebratur
1209 2449 1243 2510 et
1276 2440 1446 2512 excelsior
1480 2462 1588 2536 snpe-

214 2559 354 2650 riorque
380 2555 532 2629 omnibus
558 2557 727 2629 ordinibus
754 2554 969 2643 coelestibus,
996 2555 1037 2628 ab
1066 2560 1155 2627 omni
1187 2554 1341 2628 Ecclesia
1375 2565 1430 2629 tua
1457 2558 1589 2630 coelum

216 2672 399 2745 secundnm
425 2683 580 2763 vocatur,
615 2672 765 2766 Virginis
792 2672 969 2746 Genitricis
995 2672 1059 2745 Dei
1085 2674 1230 2761 Mariae,
1265 2695 1339 2746 cum
1374 2678 1464 2747 omui
1490 2684 1590 2748 coetu

215 2798 419 2863 sanctorum.
1196 2854 1202 2863 .

320 2904 471 2978 maces
495 2929 620 2977 nocem.
673 2905 870 2978 Memoriam
896 2909 996 2977 etiam
1029 2907 1159 2997 agimus
1193 2905 1337 2979 Domine
1368 2905 1499 2980 illorum
1532 2910 1589 3003 qui

215 3045 237 3094 a
266 3021 403 3094 saeculo
430 3022 487 3096 tibi
513 3020 727 3119 placuerunt,
761 3032 797 3094 ut
830 3043 892 3117 per
926 3023 1096 3093 orationes
1129 3030 1163 3093 et
1189 3021 1444 3118 deprecationes
1471 3046 1588 3097 eorum

213 3141 378 3235 propitius
405 3142 452 3211 sis
477 3142 776 3234 peccatisnostris
801 3137 999 3211 voluntariis
1027 3149 1083 3210 aut
1107 3137 1347 3215 involuntariis.
1389 3141 1445 3213 Ab
1473 3146 1588 3213 omni-

214 3254 281 3328 bus
317 3253 522 3327 offendiculis
553 3264 587 3327 et
618 3253 805 3330 incursibus
833 3252 1006 3327 diabolicis
1034 3252 1130 3327 salva
1157 3276 1236 3343 nos,
1264 3265 1299 3326 et
1324 3266 1359 3328 ut
1395 3260 1506 3352 quiete
1531 3256 1589 3329 illa

215 3370 416 3442 indeficienti
442 3370 646 3463 gaudeamus
673 3371 793 3463 dignos
820 3370 913 3442 effice
938 3391 1018 3443 nos:
1044 3381 1079 3442 nt
1105 3373 1139 3442 in
1174 3370 1325 3445 coetibus
1357 3392 1472 3444 eorum
1507 3369 1588 3443 lau-

215 3485 383 3560 dationem
409 3485 640 3559 incessabilem
667 3508 825 3559 canamus
852 3485 910 3558 tibi
942 3486 1044 3558 Pater
1070 3496 1226 3575 aeterne,
1254 3497 1288 3559 et
1310 3486 1394 3561 Filio
1421 3499 1479 3561 tuo
1506 3492 1587 3560 uni-

215 3606 342 3696 genito,
370 3612 404 3674 et
429 3603 543 3692 beato,
570 3612 603 3674 et
629 3602 764 3699 Spiritui
791 3612 846 3674 tuo
873 3602 1055 3675 vivificanti
1081 3612 1115 3674 ct
1141 3602 1200 3675 tibi
1227 3603 1508 3679 consubstantiali.

322 3718 483 3812 Populea.
535 3720 656 3792 Arnen.

320 3835 495 3907 Sacerdos
520 3834 712 3906 inclinatur.
739 3833 907 3907 Memento
934 3834 1077 3906 Domine
1103 3836 1280 3909 Pastorum
1307 3835 1489 3910 electorum
1503 3860 1586 3934 my-

214 3962 408 4047 starnmque
434 3955 597 4042 veritatis,
623 3973 738 4023 eorum
766 3954 881 4047 quiin
907 3953 1144 4042 generatione,
1171 3963 1206 4024 et
1230 3956 1450 4044 generatione
1476 3960 1586 4026 stete-

214 4079 293 4141 runt
318 4071 351 4139 in
377 4067 529 4141 Ecclesia
556 4077 611 4139 tna
633 4078 766 4156 sancta,
793 4076 827 4138 et
859 4086 986 4159 greges
1016 4076 1092 4139 tuos
1127 4066 1355 4140 sacerdotales
1390 4070 1424 4138 in
1457 4066 1586 4139 Ortho-

216 4185 321 4258 doxia
353 4193 536 4280 paverunt,
570 4194 669 4279 atquc
701 4192 876 4270 rexerunt,
918 4191 952 4253 et
983 4180 1026 4252 ad
1065 4205 1170 4278 aquas
1213 4186 1331 4279 quietis
1366 4182 1586 4274 deduxerunt,

215 4311 317 4397 atque
341 4301 416 4374 illos
444 4304 499 4396 qni
525 4303 559 4373 in
585 4322 703 4372 errore
729 4297 964 4389 versabantur,
992 4298 1149 4372 doctrinis
1162 4369 1165 4374 ,
1178 4299 1298 4372 divinis
1324 4299 1585 4390 illustraverunt,
1659 4294 1664 4310 ’

214 4418 259 4490 ad
284 4428 318 4490 te
346 4417 549 4505 direxerunt,
576 4426 611 4491 et
637 4417 862 4507 adduxerunt,
894 4428 929 4488 et
958 4413 1055 4488 fidem
1091 4427 1217 4489 rectam
1252 4427 1389 4490 sanctae
1416 4415 1585 4488 Trinitatis

210 4533 338 4630 populo
365 4546 422 4607 tuo
449 4537 590 4628 egregie
616 4532 900 4631 explanaverunt:
928 4540 962 4604 et
988 4533 1279 4620 confirmaverunt,
1306 4555 1489 4628 omnesque
1516 4531 1585 4604 do-

79 4744 81 4751 ·
212 4653 337 4723 etr-inas
367 4673 474 4723 vanas
509 4649 697 4723 haereseon
734 4653 996 4746 perniciosarum
1034 4649 1230 4747 depulerunt
1261 4661 1295 4723 et
1335 4650 1584 4746 dispunxernnt.

211 4766 399 4876 Praecipue
425 4790 511 4841 vero
538 4769 668 4860 Ignatii,
694 4766 862 4861 Dionysii,
888 4765 1074 4857 Athanasii,
1099 4766 1187 4855 Julii,
1213 4766 1371 4840 Dioscori
1398 4777 1432 4837 et
1451 4762 1585 4855 Severi,

213 4906 290 4955 cum
315 4883 379 4956 illis
406 4885 571 4975 omnibns,
598 4886 652 4980 qui
678 4886 945 4980 persecutionem
970 4885 1063 4978 passi
1085 4893 1160 4956 sunt
1185 4894 1324 4978 propter
1349 4902 1471 4954 nomen
1498 4902 1585 4954 san-

213 5010 302 5072 ctum
329 5012 428 5073 tunm.

318 5118 444 5191 Electri
469 5139 586 5189 vocem
610 5096 726 5188 auara.
766 5116 952 5213 Mystamm
980 5119 1168 5206 veracium,
1194 5116 1381 5294 Doctonpnp
1403 5124 1583 5208 rectorum,

266 5243 388 5287 Tommll,
