4525 6034
662 1006 1175 1128 LllUltGlh

439 1246 469 1333 s.
500 1246 672 1326 Jacocr
705 1248 935 1369 na‘osrotr
966 1198 1167 1328 nuaram
1202 1249 1385 1329 nonnul.

337 1460 665 1561 Pronuntiatur
692 1485 814 1558 Oratio
840 1493 922 1559 mete
949 1489 1097 1560 caedum
1119 1491 1228 1581 pacis.

333 1600 477 1674 Domine
502 1602 595 1674 Deus
621 1610 747 1689 noster,
774 1624 838 1676 nos
866 1605 1018 1699 quamvis
1044 1603 1217 1697 indiguos,
1249 1601 1355 1677 salute
1381 1602 1445 1677 huc
1478 1604 1601 1699 dignos

228 1717 333 1806 ellico,
361 1727 491 1790 amator
515 1717 699 1790 homirnum:
725 1726 762 1789 ut
787 1716 829 1791 ah
857 1722 945 1791 omui
974 1718 1063 1809 dolo,
1091 1722 1247 1816 omnique
1263 1725 1493 1817 acceptatione
1507 1745 1601 1818 per-

229 1855 388 1906 sonarum
413 1834 571 1924 mundati,
597 1832 776 1907 salutemus
802 1838 948 1908 invicem
965 1838 1000 1907 iu
1026 1835 1141 1908 osculo
1164 1845 1281 1909 sancto
1308 1846 1343 1908 et
1367 1836 1493 1927 divino,
1509 1860 1599 1911 con-

227 1952 335 2023 stricti
359 1947 494 2021 vinculo
520 1951 668 2024 caritatis
695 1959 730 2021 ct
753 1954 858 2046 pacis.
905 1952 973 2024 Per
998 1951 1177 2025 Dominum
1198 1954 1307 2025 Dema
1333 1963 1368 2025 et
1392 1954 1600 2028 salvatorem

225 2076 380 2139 nostrum
404 2064 520 2139 lesum
548 2064 713 2138 Christum
738 2066 840 2140 filium
866 2078 955 2140 mum
981 2070 1202 2161 unigenitum,
1241 2090 1303 2165 per
1337 2090 1433 2164 mom
1465 2080 1599 2142 etcum

225 2205 293 2278 qno
321 2182 355 2256 te
382 2181 480 2255 decet
504 2179 626 2274 gloria,
652 2181 761 2255 honor
787 2194 821 2256 et
845 2194 1008 2280 potestas,
1035 2208 1110 2258 cum
1125 2185 1262 2282 «Spiritu
1287 2195 1355 2281 tuo.

332 2297 494 2390 Populus.
520 2297 640 2370 Amen.

329 2414 518 2486 Diaconos.
545 2413 678 2488 Stemus
705 2415 863 2488 decenter
889 2425 923 2489 et
949 2438 1095 2505 oremus,
1122 2420 1249 2510 gratim
1276 2439 1434 2509 agamus,
1467 2417 1598 2492 adore-

224 2552 301 2604 mus
328 2539 362 2601 et
386 2528 557 2603 laudemus
584 2553 705 2624 agnum
731 2535 847 2605 vivum
872 2532 938 2606 Dei
964 2536 1020 2630 qui
1046 2531 1183 2606 offertur
1209 2555 1310 2629 super
1336 2534 1451 2606 altare.
1492 2534 1599 2608 Divi-

223 2649 314 2720 nitas
341 2668 420 2721 sese
453 2646 583 2720 demisit
615 2646 658 2720 ad
691 2657 888 2744 peccatores
922 2649 1008 2723 lilios
1033 2649 1163 2739 Adam,
1198 2648 1409 2746 salvavitque
1441 2649 1517 2724 illos
1554 2651 1598 2725 ah

226 2785 347 2836 errore
374 2773 408 2835 et
434 2785 454 2835 a
481 2766 641 2837 servitute
667 2768 807 2861 peccati.
834 2764 957 2862 Spiritu
983 2776 1100 2839 sancto
1127 2769 1280 2839 succensi
1306 2778 1381 2840 sunt
1397 2766 1595 2863 Prophetae,

224 2889 261 2954 et
287 2879 330 2952 de
354 2881 577 2976 primogenito
604 2879 706 2953 locuti
734 2889 824 2955 sunt:
851 2886 1076 2979 unnsquisque
1100 2880 1246 2955 illorum‘
1268 2881 1443 2979 descripsit
1466 2883 1595 2957 Eccle-

225 3002 300 3070 siae
333 2999 493 3091 mvsteria
525 2995 689 3072 adventus
715 2999 798 3089 ejus.
823 2999 953 3093 Aperte
979 3002 1111 3096 scripsit
1135 2999 1252 3073 Moses
1280 2999 1368 3095 quod
1394 3002 1467 3096 ipse
1492 3022 1596 3073 crea-

224 3124 320 3185 turas
347 3110 508 3202 condidit,
548 3122 582 3184 et
612 3115 688 3209 ipse
714 3117 826 3186 statuit
858 3114 901 3186 ad
928 3118 1142 3189 ministerium
1168 3138 1263 3189 suum
1289 3115 1423 3187 ordines
1449 3118 1535 3208 ignis
1562 3126 1600 3189 et

226 3232 377 3325 spiritus.
410 3227 517 3321 Signa
542 3229 686 3302 Domine
717 3252 818 3302 emec
844 3233 917 3324 ejus
948 3230 1152 3321 Ecclesiam,
1186 3254 1284 3328 mam
1315 3231 1531 3327 desponsavit
1561 3237 1596 3305 iu

224 3367 376 3442 persona
402 3368 482 3437 sua,
515 3356 550 3418 et
584 3344 683 3419 eleva
716 3354 816 3443 atque
848 3352 1012 3422 constitue
1047 3371 1123 3421 eam
1148 3351 1183 3421 iu
1208 3348 1326 3439 coelo,
1353 3348 1396 3421 ad
1422 3347 1596 3423 dexteram

226 3468 384 3561 ejusqui
417 3469 507 3538 misit
530 3465 629 3538 illum.
690 3467 796 3539 Beata
828 3486 867 3539 es
892 3463 1068 3539 Ecclesiae
1100 3464 1226 3555 tidelis,
1258 3464 1353 3537 donis
1389 3486 1476 3559 quae
1506 3465 1599 3539 dedit

223 3583 285 3656 tihi
310 3582 473 3654 Dominus
506 3591 597 3672 tuus,
628 3603 773 3679 corpore
805 3594 839 3655 et
865 3584 1028 3679 sanguiue
1053 3604 1115 3655 suo
1143 3590 1277 3669 sancto,
1313 3591 1348 3653 et
1385 3601 1486 3654 cruce
1521 3586 1595 3676 ejus

226 3722 315 3795 quae
342 3707 375 3769 te
401 3698 552 3772 custodit.
578 3697 728 3792 Virginis
754 3722 859 3795 purae
884 3699 1012 3771 Mariae
1037 3700 1232 3771 memoriam
1252 3717 1391 3789 agamus
1418 3695 1505 3792 apud
1530 3719 1622 3770 nos*

225 3816 262 3884 iu
279 3814 448 3889 oblatione
465 3825 592 3904 nostra,
618 3815 871 3913 Prophetamm,
896 3813 1149 3912 Apostolorum,
1175 3813 1372 3911 Martyrum,
1398 3812 1532 3886 Piorum
1560 3826 1596 3887 et

224 3927 403 4002 Justorum.
455 3931 549 4005 Vasa
583 3944 699 4005 sancta
726 3930 906 4006 oderantur
939 3930 1030 4004 Patri
1061 3941 1195 4018 nostro,
1230 3940 1266 4003 ut
1300 3929 1467 4004 osculetur
1493 3952 1535 4003 ea
1561 3941 1596 4004 et

225 4044 330 4118 Pater
355 4059 471 4121 noster
496 4050 530 4120 in
562 4047 712 4142 Liturgia
746 4071 807 4123 sua
838 4046 1069 4122 recordabitur
1101 4044 1246 4121 oninium
1277 4050 1333 4142 qui
1366 4049 1401 4118 iu
1428 4044 1594 4120 Christum

225 4161 375 4236 credunt.

332 4279 515 4353 Sacerdos.
552 4282 616 4369 Qui
643 4282 735 4357 solus
760 4282 922 4356 Dominus
949 4282 1140 4355 misericors
1167 4302 1218 4371 es,
1250 4282 1285 4351 iu
1312 4301 1372 4354 eos
1399 4282 1454 4376 qui
1481 4304 1594 4354 coram

227 4394 324 4468 altari
349 4407 407 4470 tuo
434 4396 521 4470 colla
547 4396 705 4470 inclinant
730 4401 821 4471 mitte
845 4395 1095 4470 henedictiones
1124 4407 1210 4487 tuas,
1236 4399 1340 4491 tuqui
1366 4399 1400 4468 in
1426 4393 1500 4468 altis
1526 4395 1594 4470 ha-

225 4510 325 4601 hitas,
353 4523 387 4585 ct
412 4513 545 4586 humilia
570 4516 724 4610 respicis,
749 4513 955 4609 benedicque
982 4534 1043 4587 eos
1068 4534 1130 4609 per
1155 4516 1308 4604 gratiam,
1334 4514 1593 4587 misericordiam

226 4639 261 4701 ct
286 4651 434 4702 amorem
461 4652 544 4724 erga
570 4628 719 4703 homines
747 4629 868 4704 Christi
893 4632 1054 4723 unigeniti
1075 4627 1150 4701 Filii
1175 4631 1222 4702 tui
1247 4651 1309 4724 per
1335 4651 1432 4723 quem
1458 4640 1592 4702 etcum

226 4768 292 4840 quo
320 4757 354 4817 te
381 4745 477 4820 decet
502 4746 623 4840 gloria,
650 4757 714 4820 etc.

328 4862 491 4956 Populus.
518 4864 639 4936 Amen.

330 4977 514 5053 Sacerdos.
540 4979 633 5054 Deus
659 4978 760 5052 Pater
787 4983 841 5074 qni
866 4992 1003 5077 propter
1036 5001 1183 5052 amorem
1216 4989 1305 5052 tuum
1332 4999 1415 5069 erga
1442 4975 1593 5052 homines

224 5113 382 5187 magnum
414 5107 448 5169 et
478 5095 695 5188 ineffabilem,
735 5098 852 5169 misisti
892 5095 991 5169 lilium
1029 5106 1120 5170 tunm
1152 5099 1186 5166 in
1218 5092 1389 5182 mundum,
1425 5105 1460 5167 ut
1491 5117 1591 5170 ovem

1337 5212 1386 5284 τῦ
