4525 6034
1359 546 1510 621 168
2354 539 3066 617 LITURGIA

1355 733 1605 806 clarum
1659 743 1725 804 et
1774 730 2224 803 benedictum:
2282 728 2601 822 simulque
2651 729 2918 801 Domini
2968 729 3178 800 nostri
3229 726 3394 797 Jesu
3430 722 3673 797 Christi
3725 733 3792 796 et
3839 720 4060 819 Spiri-

1357 861 1463 924 tus
1515 851 1604 921 tui
1657 851 1885 921 sancti.
2310 844 2631 938 Populus.
2683 843 2885 915 Sicut.

1565 965 1930 1036 Sacerdos.
1983 963 2148 1035 Pax.
2433 960 2755 1054 Populus.
2806 957 2895 1029 Et
2944 982 3090 1031 cum
3144 962 3375 1054 spiritu
3425 967 3559 1030 tuo.

1567 1080 1929 1153 Sacerdos.
1983 1077 2503 1151 Misericordiae.

1565 1196 1913 1268 Sacerdos
1957 1198 2223 1288 franqit
2273 1194 2562 1264 hostiam
2616 1197 2684 1262 et
2733 1194 2975 1284 siqnat.

1565 1312 1936 1383 Diacomcs.
1991 1312 2233 1384 Iterum
2287 1321 2483 1404 atque
2536 1312 2789 1380 iterum.

1826 1517 2174 1589 Sacerdos
2225 1517 2394 1586 dicit
2450 1516 2839 1586 Orationem
2891 1522 3049 1587 ante
3100 1517 3302 1588 Pater
3351 1525 3602 1589 noster.

1571 1708 1675 1780 Tu
1729 1712 1837 1804 qui
1891 1710 2225 1781 orationes
2282 1708 2601 1801 suscipiS,
2656 1714 2723 1775 et
2772 1705 3136 1801 respondes
3186 1704 3643 1800 petitionibuS,
3696 1702 3886 1775 Deus
3939 1702 4078 1773 Pa-

1303 1879 1309 1885 .
1368 1835 1499 1896 ter:
1556 1826 1663 1919 qui
1713 1846 1837 1920 per
1885 1824 2119 1895 Filium
2171 1834 2347 1896 tuum
2402 1821 2704 1893 dilectum
2759 1821 3038 1894 docuisti
3080 1843 3253 1909 noS,
3317 1832 3389 1892 ut
3440 1843 3666 1893 coram
3723 1831 3788 1892 te
3856 1829 4081 1893 stare-

1365 1962 1548 2027 mus,
1603 1948 1668 2011 et
1721 1962 1868 2011 cum
1920 1943 2203 2035 puritate
2255 1948 2323 2010 et
2375 1941 2719 2012 sanctitate
2769 1947 2836 2009 te
2888 1960 3248 2011 oraremus.
3354 1938 3496 2025 Tu,
3549 1938 3833 2010 Domine
3881 1937 4083 2022 DeuS,

1369 2056 1669 2128 concede
1691 2055 1914 2143 nohis,
1957 2068 2036 2134 ‚ut
2072 2078 2219 2128 cum
2255 2058 2540 2151 puritate
2568 2058 2846 2142 animae,
2897 2056 3131 2127 mentis
3158 2054 3596 2141 abstersione,
3652 2066 3717 2126 et
3759 2055 4087 2125 castimo-

1371 2176 1504 2260 nia,
1562 2173 1917 2244 clamemus
1953 2171 2037 2243 ad
2067 2182 2157 2262 te,
2212 2193 2478 2243 oremus
2534 2182 2599 2243 et
2651 2170 2974 2242 dicamus:
3028 2173 3225 2244 Pater
3249 2174 3611 2265 nosterqui
3649 2192 3723 2242 es
3760 2173 3825 2240 in
3864 2169 4086 2241 coelis.

1579 2287 1898 2378 Populus.
1954 2287 2431 2360 Sanctificetur.

1581 2403 1946 2475 Sacerdos.
2018 2403 2262 2491 Salva,
2326 2404 2607 2475 Domine
2689 2405 2911 2493 DeuS,
2947 2486 2951 2490 ,
2983 2405 3234 2476 animas
3300 2416 3647 2475 servorum
3718 2412 3986 2476 tuorum
4052 2424 4088 2472 a

1372 2518 1835 2591 tentationibus
1890 2524 2187 2615 asperiS,
2241 2528 2310 2591 et
2361 2519 2444 2592 ab
2500 2523 2675 2591 omni
2717 2519 3198 2593 machinatione
3223 2520 3660 2608 Daemonum,
3710 2517 4088 2591 hominum-

1379 2657 1508 2730 que
1577 2634 2063 2731 improborum,
2129 2645 2195 2708 et
2262 2634 2802 2731 implacabilium,
2872 2639 3021 2731 quia
3087 2646 3155 2709 tu
3216 2644 3454 2732 potens
3504 2640 3791 2710 omnium
3850 2658 3967 2708 es:
4029 2641 4091 2704 et

1375 2751 1491 2823 tibi
1543 2751 1826 2843 gloriam
1878 2750 2264 2840 referimus,
2321 2762 2446 2823 etc.

1580 2867 1898 2960 Populus.
1950 2870 2190 2940 Amen.

1586 2983 1952 3055 Sacerdos.
2007 2985 2176 3056 Pax.

1550 3100 1904 3193 Populus.
1956 3099 2045 3172 Et
2097 3123 2242 3171 cum
2299 3102 2526 3195 spiritu
2578 3109 2713 3173 tuo.

1585 3216 1957 3288 Diacoaus.
2010 3215 2322 3288 Inclinate
2375 3221 2588 3312 capita
2641 3226 2889 3290 vestra.

1586 3332 1950 3404 Sacerdos.
2003 3330 2090 3402 Et
2140 3331 2266 3404 illis
2321 3336 2427 3427 qui
2482 3355 2708 3405 coram
2760 3344 2827 3405 te
2878 3333 3166 3405 inclinati
3231 3344 3417 3422 sunt,
3488 3336 3805 3425 Domine,
3880 3338 4088 3412 bene-

1380 3450 1484 3521 dic
1534 3471 1657 3545 per
1683 3451 1964 3542 gratiam
2015 3455 2216 3535 tuam,
2271 3458 2337 3519 et
2387 3452 2846 3521 miserationes
2899 3460 3046 3522 tuas
3073 3450 3331 3541 multaS,
3385 3462 3454 3523 et
3489 3450 3596 3524 fac
3649 3452 3803 3525 illos
3859 3456 4087 3549 dignos

1380 3568 1716 3660 mysteriis
1770 3567 1894 3638 tuis
1945 3563 2466 3654 vivificantibus,
2520 3576 2586 3637 et
2636 3569 3135 3663 participatione
3188 3570 3525 3639 societatis
3587 3592 3737 3641 cum
3792 3596 4088 3665 congre-

1385 3684 1656 3773 gatione
1709 3692 2080 3754 sanctorum
2135 3691 2434 3770 tuorum,
2488 3692 2558 3753 ut
2608 3684 2902 3754 referant
2952 3684 3065 3757 tibi
3118 3685 3419 3775 laudem,
3473 3696 3601 3757 etc.

1589 3797 1952 3869 Sacerdos.
2007 3798 2154 3869 Pax
2206 3794 2404 3870 vobis
2459 3797 2780 3871 omnibns.

1592 3914 1912 4007 Populus.
1962 3912 2051 3985 Et
2102 3936 2250 3985 cum
2285 3916 2533 4010 spiritu
2585 3923 2717 3986 tuo.

1480 4045 1485 4051 ’
1594 4031 1958 4102 Sacerdos.
2014 4029 2134 4104 Sit.

1594 4147 1963 4219 Diaconns.
2019 4147 2283 4220 Stemus
2338 4147 2669 4219 decenter.

1511 4338 1517 4344 ,
1599 4262 1945 4334 Sacerdos
1998 4263 2271 4334 elevans
2320 4268 2640 4356 mysteria
2691 4264 2875 4334 dicit.
2978 4265 3223 4338 Sancta
3278 4270 3539 4339 sanctis.

1597 4379 1916 4473 Populus.
1973 4378 2154 4451 Unus
2208 4379 2408 4451 Pater
2463 4389 2768 4467 sanctus,
2825 4391 2947 4452 etc.
3440 4362 3446 4368 ⁴

1835 4586 2185 4658 Sacerdos
2236 4586 2406 4658 dicit
2458 4589 2850 4659 Orationem
2892 4597 3054 4683 post
3106 4590 3655 4663 Commaaionem.

1605 4775 1775 4863 Quid
1827 4776 2263 4849 retribuemus
2315 4775 2591 4850 bonitati
2642 4790 2833 4868 tuae,
2885 4780 3070 4853 Deus
3124 4793 3354 4856 noster
3403 4780 3735 4876 benigne,
3804 4804 3922 4878 pro
3975 4803 4087 4851 sa-

1396 4892 1529 4965 lute
1583 4898 1709 4964 ista
1765 4917 1959 4989 quam
2031 4892 2264 4965 dedisti
2335 4892 2582 4967 nobis?
2653 4895 2945 4968 Gloriam
3013 4897 3295 4973 debitam
3367 4898 3610 4972 offerre
3681 4900 3828 4994 quis
3895 4898 4090 4994 possit

1400 5014 1596 5084 etiam
1648 5010 2032 5109 imperfecte
2049 5010 2088 5082 ⁴?
2141 5010 2471 5099 Quantum
2520 5014 2721 5105 igitur
2770 5014 3091 5110 possibile
3144 5029 3269 5109 est,
3322 5016 3714 5107 adoramus,
3765 5013 4084 5109 glorifica-
