4525 6034
378 793 504 847 Gabrielis
521 792 637 846 Patriar-

324 881 389 933 chae
413 880 446 934 tle
469 881 636 933 invocatione

325 967 416 1020 verba.

649 588 728 663 224
1118 586 1560 667 COMMENTARIUS

737 772 859 836 Gabriel
881 774 1053 836 Patriarcba
1074 771 1300 836 Alexandrinus
1322 774 1352 836 in
1375 772 1484 835 llituali
1506 790 1572 838 suo.
1616 773 1773 837 Sacerdos
1785 773 1939 836 murto
1952 791 2029 835 osr-

650 871 698 934 br's
725 880 756 934 et
782 872 862 935 bunc
890 891 1015 955 panem,
1045 880 1109 935 tres
1138 891 1245 933 cruces
1274 891 1367 952 asper
1395 872 1528 934 ablatam
1555 874 1588 933 ia
1617 873 1722 935 cadara
1750 873 1845 936 cerba
1872 870 2029 950 [orambim

650 978 810 1051 antequam
832 973 963 1046 dicem,
987 972 1092 1034 elliciat
1114 972 1211 1051 ipsum
1226 988 1338 1051 corpus
1361 978 1507 1047 sanctum,
1530 989 1608 1051 qaas
1630 991 1698 1033 cam
1717 972 1940 1051 proruammcait,
1950 989 2029 1049 pcr-

646 1071 751 1150 fict'tar
772 1078 803 1130 et
824 1067 954 1151 efficitur
978 1089 1091 1150 carpam
1120 1068 1251 1144 Cbrictr',
1279 1070 1353 1131 ι’Παα
1378 1071 1477 1149 ipsum
1504 1070 1585 1150 qaod
1606 1072 1725 1150 occepit
1752 1090 1794 1131 ec
1821 1068 1924 1131 llario
1957 1068 2030 1129 Vir-

568 1228 572 1236 .
648 1168 734 1247 aiae,
757 1177 814 1232 etc.
861 1167 992 1249 θανιααε
1014 1170 1146 1242 dicerit,
1169 1175 1201 1230 et
1223 1165 1302 1229 bunc
1325 1166 1475 1242 Calicem,
1497 1169 1601 1248 domat
1620 1171 1712 1231 etiam
1734 1176 1781 1231 ter
1809 1169 1897 1248 riano
1918 1168 2030 1243 enada,

364 2064 640 2119 TestimoniaTbeolo·

327 2167 427 2222 goram.

651 1273 813 1347 ameqaam
834 1268 919 1329 dicat
939 1266 1119 1350 sanguinem
1141 1267 1308 1347 pretiosum
1330 1268 1403 1330 aovi
1426 1268 1609 1331 Testamenti
1632 1269 1685 1347 tui,
1707 1286 1786 1349 qaae
1807 1286 1874 1329 crau
1889 1284 2030 1345 proram

651 1367 795 1442 auocat,
831 1369 934 1428 oetam
964 1367 1156 1445 propositum
1182 1367 1218 1444 fit
1243 1367 1369 1445 conpara
1398 1364 1529 1442 Cirtam,
1562 1385 1654 1447 uapor
1682 1368 1794 1447 tipmmt
1822 1368 1924 1428 matam
1951 1363 2030 1446 effu-

651 1483 722 1540 sus,
745 1472 855 1530 ete...
879 1463 921 1526 Et
941 1447 1054 1526 deame
1071 1463 1235 1525 Sacerdoti
1255 1481 1316 1525 aon
1338 1465 1477 1527 licetret
1504 1483 1596 1527 msam
1623 1464 1859 1527 berwdictioaem
1883 1463 2029 1542 santae,

650 1581 746 1643 morte
767 1563 810 1624 ad
826 1564 1013 1643 principari,
1036 1570 1091 1624 aut
1110 1577 1287 1643 ammarum
1308 1563 1401 1625 αὶίιιαι
1423 1565 1456 1625 in
1481 1564 1628 1644 &putate
1649 1566 1840 1626 commatrum
1861 1564 2030 1642 respicere.-

652 1661 695 1722 αα
718 1661 869 1724 Christum
891 1664 985 1738 enim,
1017 1663 1070 1742 qui
1091 1680 1196 1723 coram
1219 1679 1255 1722 eo
1283 1663 1457 1724 immolatas
1484 1671 1545 1740 sat,
1573 1664 1732 1743 imperium
1755 1664 1904 1742 pertritet,
1933 1669 1964 1724 ct
1988 1661 2031 1724 aa

652 1779 720 1822 eam
737 1780 848 1840 preces
869 1762 1048 1842 airiyerdac
1069 1768 1147 1836 caat.
1191 1759 1305 1823 Eadem
1327 1762 1446 1823 ommno
1469 1760 1560 1824 habet
1581 1761 1681 1824 llutor
1701 1762 1851 1825 scientiae
1873 1759 2029 1823 Ecclesia-

651 1860 764 1937 sticus,
786 1866 819 1920 ut
841 1860 999 1948 Tractatus
1022 1858 1061 1922 de
1082 1858 1343 1923 benedictionibus
1366 1877 1445 1940 quae
1467 1861 1498 1922 in
1520 1859 1655 1943 Litargia
1678 1861 1743 1924 lieri
1765 1859 1896 1923 debent:
1926 1858 2028 1921 etalii

652 1956 774 2024 diversi.

739 2057 871 2120 Probent
893 2056 923 2118 id
946 2059 1034 2120 etiam
1063 2057 1232 2120 testimonia
1255 2056 1481 2139 Theologorum
1503 2058 1602 2136 amia,
1630 2058 1660 2118 in
1690 2056 1799 2138 quibus
1829 2075 1897 2120 cum
1925 2063 2029 2120 sancto

655 2154 778 2237 Spiritui
799 2156 934 2224 illabenti
957 2158 1218 2220 consecrationem
1241 2158 1389 2234 tribuunt,
1419 2155 1575 2219 manifeste
1606 2157 1766 2239 designant
1795 2155 2028 2235 invocationem,

653 2273 712 2335 qua
748 2257 873 2339 illapsus
909 2274 965 2318 seu
1004 2249 1215 2342 ἐπιφοίτησις
1248 2256 1427 2338 postulatur.
1478 2253 1611 2319 Severus
1645 2255 1815 2336 Episcopus
1844 2254 2030 2318 mcbmoaia

653 2354 684 2415 in
709 2355 850 2417 Tractatu
879 2353 918 2417 de
948 2355 1095 2418 Paschate
1125 2364 1157 2418 et
1181 2356 1387 2434 Eucharistia,
1421 2353 1579 2436 explicans
1609 2373 1647 2417 ea
1679 2353 1790 2433 verba,
1821 2372 1899 2436 quae
1922 2353 2031 2437 jubent

653 2470 761 2517 carnes
784 2453 866 2537 rigni
888 2453 1040 2516 Pascbalis
1064 2454 1183 2518 comedi
1204 2473 1290 2518 assas
1312 2455 1390 2536 igni:
1413 2472 1534 2534 usurpo,
1556 2455 1669 2535 inquit,
1692 2453 1905 2534 ipueSpiritur
1920 2453 2031 2530 amicti,

653 2553 823 2633 etquidem
843 2553 894 2614 rste
914 2555 995 2632 ipais
1022 2561 1084 2628 est,
1114 2555 1167 2633 pai
1194 2556 1358 2636 requiescit
1384 2572 1477 2633 asper
1501 2571 1597 2632 puae,
1630 2560 1661 2614 et
1688 2550 1782 2633 efficit
1808 2552 1890 2614 ibren
1919 2568 2032 2631 corpus

654 2649 776 2716 Cbrtstr‘,
820 2649 901 2713 ldem
924 2652 954 2713 in
978 2651 1213 2725 Quaestionibus
1236 2661 1267 2715 ct
1295 2651 1564 2734 Responsioaibus.
1598 2651 1697 2731 Super
1721 2669 1834 2731 panem
1861 2658 1891 2712 et
1917 2652 2032 2726 aalma

653 2769 721 2813 crau
742 2749 884 2830 Liberata
905 2750 1091 2828 celebratam,
1120 2757 1152 2812 et
1170 2759 1389 2814 cmmscrantur
1416 2752 1449 2812 in
1476 2752 1596 2814 motare
1625 2748 1755 2825 Cbmsti,
1782 2751 1834 2811 cai
1857 2750 1900 2810 sit
1921 2750 2032 2829 pluria,

653 2851 809 2913 descendit
828 2849 961 2929 ὅρι’ήαα
982 2858 1123 2927 sanctu,
1146 2859 1177 2913 et
1196 2849 1368 2931 effictrortar
1387 2868 1499 2929 corpus
1520 2856 1551 2911 et
1570 2850 1705 2930 samaia.
1740 2846 1856 2911 Eodem
1881 2849 1912 2909 in
1935 2866 2033 2929 opere

654 2955 808 3030 comparat
831 2948 959 3029 Spiritus
981 2949 1077 3011 sancti
1099 2948 1239 3030 illapsum
1261 2949 1321 3012 soli
1342 2950 1493 3012 exorienti
1513 2948 1672 3028 omniaque
1694 2943 1866 3025 illustranti,
1890 2954 1922 3009 et
1944 2946 2033 3009 cale-

653 3049 785 3112 lacienti.
829 3047 929 3126 Sicut,
952 3048 1062 3129 inquit,
1093 3050 1195 3111 cmrria
1217 3066 1350 3128 corpora
1371 3049 1505 3110 calorem
1525 3047 1949 3126 sotispercipitmtiatcorurn,
1970 3065 2032 3109 nort

652 3148 1191 3228 aercqaaotdameaeopartcm,
1223 3146 1656 3227 itaptaaciaEacban'str'a
1685 3162 1799 3206 seres
1825 3142 1930 3206 babet:
1958 3146 2033 3226 poia

652 3246 785 3326 spissas
804 3245 936 3308 Sanctus
958 3246 1116 3308 descondit
1136 3264 1228 3326 saper
1249 3265 1354 3309 omnes
1374 3245 1544 3320 Ecclesiae,
1573 3252 1605 3307 et
1633 3242 1728 3324 efficit
1755 3244 1858 3306 arania
1883 3261 1962 3323 puae
1987 3242 2034 3305 ibi

653 3328 833 3425 efferaretur,
856 3362 966 3424 corpas
988 3352 1018 3406 et
1038 3345 1214 3424 saapabmm
1236 3343 1359 3409 Christi.
1405 3336 1550 3407 llomiliae
1572 3343 1611 3406 de
1634 3341 1748 3405 circulo
1779 3343 1849 3404 anni
1876 3341 1915 3404 acl
1942 3360 2032 3404 usum

653 3443 811 3506 Ecclesiae
840 3440 1006 3524 Copticae,
1033 3441 1063 3504 in
1092 3460 1129 3504 ea
1159 3461 1238 3524 qaae
1267 3452 1314 3506 est
1343 3444 1382 3506 de
1408 3445 1493 3506 initio
1520 3441 1680 3525 Evangelii
1709 3439 1874 3504 secandum
1905 3439 2029 3507 Lucam.

653 3540 789 3603 Assumit
808 3543 902 3604 Filiam
928 3541 1067 3618 Verbum,
1086 3560 1198 3621 panem
1219 3550 1250 3604 et
1270 3545 1386 3620 cinam,
1415 3540 1563 3624 efficitque
1594 3559 1632 3603 ea
1661 3559 1773 3620 corpu-r
1793 3548 1824 3602 et
1843 3544 2030 3621 respuerem,

653 3641 698 3701 ita
721 3647 821 3702 tamea
840 3648 875 3702 at
893 3642 1061 3721 praecedat
1081 3640 1215 3720 Spiritus
1227 3649 1351 3703 sanctus
1369 3641 1521 3704 &abendo
1534 3659 1626 3719 asper
1645 3659 1697 3713 sa,
1725 3646 1815 3720 atquc
1837 3658 1875 3701 aa
1888 3641 2030 3719 mctifi-

654 3740 770 3812 caado,
793 3741 872 3801 sicat
889 3738 967 3816 fecit
986 3741 1018 3801 ia
1036 3741 1137 3819 prim
1159 3740 1385 3803 incarnationis
1405 3748 1562 3803 mamerto.
1599 3738 1636 3801 Si
1651 3739 1770 3820 wacca
1783 3736 1939 3800 Sacerdos
1959 3744 2034 3799 arat

651 3856 709 3916 pro
731 3837 842 3916 illapsa
862 3837 995 3916 Spiritus
1016 3841 1129 3916 saaca,
1153 3857 1244 3919 saper
1262 3857 1373 3919 panem
1395 3849 1425 3902 et
1445 3843 1562 3915 cinam,
1584 3846 1619 3900 nt
1640 3855 1678 3899 ea
1699 3838 1880 3916 sanctificet,
1907 3855 2033 3917 cumque

655 3936 695 3997 ab
717 3937 821 3999 eaden
833 3934 963 4016 (Spiritu
973 3941 1095 4009 sancto)
1112 3939 1303 4017 smectittcata
1315 3946 1396 4014 nest,
1420 3946 1490 4000 tanc
1500 3936 1673 3999 minuitis
1685 3936 1790 4010 Filius,
1805 3933 2032 4016 efficiunturque

655 4037 685 4096 er·
706 4053 818 4114 corpas
839 4043 869 4097 et
889 4037 1029 4116 sanam,
1047 4055 1107 4115 per
1127 4038 1269 4098 aniortem
1291 4038 1356 4114 epita
1377 4056 1445 4098 cum
1466 4037 1535 4100 iltis
1581 4035 1627 4097 De
1648 4034 1698 4096 illa
1721 4034 1840 4096 ratione
1855 4014 2030 4116 explicandi

655 4133 875 4198 elementorum
897 4136 1158 4198 consecrationem
1179 4152 1238 4216 per
1260 4136 1452 4198 assumtionis
1474 4134 1610 4213 modum,
1633 4132 1722 4196 simili
1744 4132 1786 4195 illi
1810 4151 1869 4213 qua
1896 4133 2030 4195 Verbum

654 4233 685 4296 in
714 4241 811 4309 utero,
829 4233 941 4296 beatae
970 4234 1103 4316 Virginis
1141 4234 1256 4297 blariae
1287 4252 1409 4298 carnem
1443 4236 1600 4310 assumsit,
1629 4234 1748 4297 dicetur
1777 4231 1862 4308 alibi,
1892 4249 1959 4294 cum
1988 4230 2027 4294 de

656 4332 851 4396 Orientalium
882 4334 963 4395 circa
985 4332 1193 4396 Eucharistiae
1219 4335 1394 4415 mysterium
1425 4333 1591 4415 Theologia
1618 4333 1811 4395 tractabitur:
1842 4330 1949 4394 sumen
1969 4330 2029 4392 boc

656 4431 725 4496 loco
749 4440 894 4495 annotare
917 4449 999 4509 eam,
1022 4449 1109 4512 quarn
1133 4431 1301 4495 observare
1324 4436 1452 4514 quisque
1475 4439 1594 4513 potest,
1622 4433 1702 4495 inter
1729 4430 1882 4493 Orationis
1910 4438 1941 4492 et
1963 4428 2027 4491 llo-

656 4533 754 4596 miliae
776 4531 871 4596 verba
894 4531 1141 4595 conformitatem.
1186 4532 1267 4595 idem
1290 4540 1378 4595 autor
1400 4534 1430 4594 in
1454 4531 1512 4593 alia
1535 4531 1676 4595 llomilia:
1698 4530 1831 4611 Spiritm
1852 4531 1935 4592 ottae
1954 4528 2027 4590 illa·

656 4630 737 4693 bima
763 4640 795 4693 et
824 4632 986 4711 requiescit
1013 4649 1104 4710 utper
1136 4650 1246 4711 partem
1268 4638 1299 4693 et
1325 4632 1441 4710 cinam,
1477 4648 1572 4712 capas
1600 4638 1761 4693 cosmocrat
1792 4636 1824 4690 ct
1850 4630 2026 4709 aarum

655 4728 737 4792 ldem
761 4730 863 4792 etalii
888 4715 1044 4792 Jacobitae
1068 4729 1205 4795 docent·
1238 4729 1375 4811 Epistola
1403 4730 1575 4794 Sacerdotis
1604 4736 1747 4792 recenter
1775 4726 1915 4792 ordinati.
1959 4727 2027 4803 Qua

655 4829 735 4890 bora
756 4829 869 4908 accipit
888 4827 1041 4890 Saceraios
1063 4828 1244 4892 oblationem
1265 4832 1297 4890 in
1318 4846 1426 4890 maus
1447 4847 1521 4890 suas
1538 4847 1652 4908 paras,
1679 4835 1709 4889 et
1729 4845 1797 4888 eam
1818 4828 1918 4889 etevat
1936 4846 2027 4906 asper

655 4928 755 4989 attare
777 4934 930 5002 sanctam,
954 4928 1060 4988 eaden
1081 4929 1161 4989 bora
1182 4928 1339 4990 &aceedit
1363 4929 1468 5007 pratia
1488 4928 1563 5007 Dei,
1595 4936 1625 4989 et
1650 4926 1784 5007 Spiritm
1806 4928 1876 5004 *ejas
1904 4932 2026 4987 saccata

654 5025 800 5101 illabitur,
834 5044 902 5087 cum
937 5025 1119 5104 Armemram
1148 5026 1343 5089 mutabilitas
1370 5027 1576 5110 myriadibus,
1612 5028 1772 5090 atteritur
1805 5025 1932 5088 Verbum
1964 5025 2027 5103 ⁶1¹⁰
