4525 6034
718 593 1127 693 onnmaunuornm.
1499 591 1592 664 cxv

234 785 426 858 existimabit
452 804 569 856 sacros
594 782 671 856 illos
698 784 842 858 Codices
869 805 910 855 oa
935 780 1049 874 lingua
1076 783 1219 877 scriptos
1245 782 1371 874 fuisse,
1398 806 1484 879 quae
1508 780 1594 854 bar-

229 903 380 976 barorum
414 899 592 972 infidelium
622 898 758 990 inisset,
798 902 997 995 noviterque
1033 899 1235 971 Introducta:
1275 922 1361 995 quae
1396 904 1494 972 etiam
1528 911 1595 971 tam

228 1040 340 1116 parum
375 1017 463 1089 culta
495 1015 610 1107 fuerit,
649 1025 685 1088 ut
717 1038 760 1089 eo
792 1018 868 1113 ipso
900 1025 1077 1111 tempore,
1113 1038 1179 1110 quo
1214 1014 1304 1088 illam
1338 1016 1379 1089 ab
1413 1017 1595 1113 Aegyptiis

230 1134 419 1209 chn'stianis
445 1143 615 1229 receptam
641 1129 785 1206 Vossius
812 1135 944 1223 statuit,
970 1132 1204 1229 interpretibus
1231 1154 1315 1229 opus
1342 1143 1434 1205 esset
1454 1132 1496 1205 ad
1520 1156 1596 1204 eam

227 1251 483 1343 intelligendam.
536 1250 767 1345 luterpretatio
801 1258 910 1321 autem
943 1271 1010 1321 non
1044 1249 1109 1322 alia
1141 1250 1253 1341 lingua
1287 1248 1377 1322 iacta
1412 1259 1464 1323 est
1496 1271 1596 1343 quam

227 1366 389 1441 Arabica:
417 1374 452 1438 at
476 1388 518 1438 ea
544 1369 727 1439 communis
754 1375 918 1437 crottam
945 1363 1135 1456 Arabibus,
1169 1376 1224 1437 aut
1249 1366 1398 1440 Arabico
1423 1364 1596 1461 loquenti-

228 1484 288 1557 bus
305 1486 407 1578 quiin
419 1483 579 1577 Aegypto
594 1491 711 1573 erant,
726 1468 823 1576 quam
840 1481 912 1553 aliis
926 1504 972 1553 ex
987 1481 1177 1573 Thebaide,
1194 1504 1277 1578 quos
1289 1481 1596 1578 Liby-Aegyptios

226 1601 352 1673 Vossio
379 1597 539 1693 appellari
565 1596 698 1693 placent

328 1716 451 1788 lisdem
477 1715 659 1786 rationibus
687 1712 872 1786 confestatur
899 1716 995 1785 tertia
1023 1717 1135 1808 opinio
1163 1717 1228 1784 viri
1259 1714 1440 1786 doctissimi
1473 1716 1596 1805 conjc-
1610 1735 1709 1801 ningat
1719 1732 1823 1800 Coptica
1833 1731 1918 1782 neura

227 1835 326 1904 curris
353 1835 453 1920 nixa,
486 1854 572 1926 qnae
599 1829 764 1922 Linguam
792 1830 967 1925 Copticam
994 1828 1137 1902 fictitiam
1172 1852 1250 1925 esse
1285 1834 1466 1921 constituit,
1499 1839 1598 1926 atque
1611 1836 1661 1872 ‘¹⁰¹¹
1676 1828 1723 1873 ⁰⁸2

227 1947 267 2020 ab
297 1945 559 2042 impostoribus,
592 1946 632 2018 ad
664 1944 843 2018 fallendam
874 1945 1043 2018 credebam
1075 1948 1324 2042 posteritatem,
1361 1956 1438 2018 ante
1470 1968 1597 2042 paucos
1643 2026 1655 2058 ι

226 2086 331 2135 annos
357 2062 584 2135 introductam.
638 2060 770 2134 Nullum
797 2084 877 2134 sane
903 2072 980 2157 post
1005 2072 1139 2134 renatus
1165 2061 1278 2134 literas
1305 2062 1512 2158 paradoxum
1540 2067 1598 2134 iu-

224 2178 415 2252 credibilius
439 2177 519 2268 ruit,
554 2201 628 2249 cum
656 2178 769 2250 similis
795 2177 922 2249 fraudis
949 2179 1138 2273 exemplum
1163 2181 1305 2273 reperiri
1331 2178 1453 2250 nullum
1480 2182 1596 2274 possit.
1721 2202 1723 2213 ¹

223 2294 267 2367 Et
292 2298 347 2366 cui
374 2295 464 2367 bono
491 2292 622 2366 tandem
649 2304 777 2382 tantus,
805 2304 937 2389 tamque
963 2298 1114 2386 ingratus
1141 2294 1254 2385 labor,
1281 2318 1301 2366 a
1325 2317 1491 2391 quoquam
1512 2318 1595 2368 sus·

223 2410 420 2506 ciperetur?
451 2408 632 2481 Litcmlam
667 2431 765 2481 unam
791 2412 873 2482 satis
900 2410 1107 2482 commodam
1134 2409 1293 2482 Claudius
1319 2410 1503 2506 Imperator
1528 2412 1599 2484 Al-

222 2526 368 2623 pbabeto
384 2526 537 2599 Romano
547 2528 704 2615 inseruit3
731 2526 807 2621 quid
825 2525 985 2599 tandem?
1011 2527 1047 2599 In
1065 2530 1181 2622 paucis
1195 2526 1464 2621 inscriptionibus
1477 2526 1595 2618 haesit,

223 2643 298 2714 dum
324 2642 383 2714 ille
409 2646 562 2730 viveret,
589 2644 765 2737 statimque
792 2645 946 2715 evanuit:
975 2651 1009 2712 et
1035 2639 1278 2714 existimabitur
1295 2642 1458 2715 obscuros
1479 2642 1593 2715 homi-

220 2780 301 2848 ues,
328 2758 431 2830 multa
456 2755 698 2830 vocabulorum
723 2758 843 2848 millia,
876 2758 1013 2850 regulas
1047 2755 1287 2832 Grammaticos
1321 2761 1596 2850 intricatissimaS,

222 2898 283 2972 per
310 2879 414 2946 otium
440 2873 626 2966 formasse,
653 2885 689 2946 ut
714 2877 858 2971 posteris
876 2874 1067 2968 illudereut3
1094 2897 1137 2946 eo
1156 2897 1336 2966 successu,
1363 2883 1398 2946 ut
1417 2896 1514 2946 nemo
1532 2875 1613 2967 buc,

170 3003 175 3009 '
221 3012 330 3086 usquc
351 2989 477 3062 fraudis
499 2989 586 3062 illius
616 2990 674 3062 vel
699 2990 903 3063 levissimam
930 2993 1156 3087 suspicionem
1170 2989 1330 3064 babuerit.
1358 2989 1445 3076 Quid
1462 2989 1594 3064 deinde:

222 3128 342 3182 sacrae
369 3104 582 3201 Scripturas,
608 3105 777 3198 Liturgia,
804 3106 1072 3181 sacramentales
1098 3130 1241 3204 preces,
1268 3117 1342 3179 acta
1365 3104 1497 3203 publica
1517 3106 1595 3178 ele-

221 3224 341 3296 ctionis
368 3220 633 3293 Patriarcharum
660 3222 987 3313 Alexandrinorum,
1023 3223 1141 3296 eadem
1172 3225 1284 3297 fictitia
1323 3223 1435 3315 lingua
1472 3227 1595 3318 scripta

221 3339 333 3441 ruisse
353 3360 497 3411 necesse
523 3347 595 3428 est,
622 3348 656 3410 et
683 3342 807 3431 exiguo
834 3342 992 3436 temporis
1019 3340 1216 3431 intervallo,
1249 3339 1338 3436 quod
1363 3338 1472 3410 multis
1499 3342 1594 3411 annis

222 3457 389 3552 praestari
414 3457 477 3525 vix
501 3456 684 3549 potuisset,
709 3452 916 3550 Episcopus,
951 3453 1168 3528 Christianam
1202 3455 1353 3553 plebem,
1375 3476 1594 3552 ‚quacumque

220 3581 313 3667 patet
339 3569 493 3642 Ecclesia
525 3570 708 3643 Jacobitica
733 3558 982 3661 Alexandrina,
1017 3572 1268 3668 supponendum
1302 3580 1353 3644 est
1386 3570 1503 3659 simul,
1539 3581 1595 3644 aut

222 3686 374 3759 fraudem
405 3708 470 3758 non
504 3683 728 3776 intellexisse,
761 3689 849 3781 quod
883 3710 1021 3784 prorsus
1054 3688 1259 3784 impossibile
1292 3698 1364 3777 est,
1399 3698 1454 3761 aut
1481 3686 1522 3759 de
1551 3711 1593 3760 ea

222 3824 338 3897 porum
366 3801 546 3892 sollicitos,
574 3805 707 3876 omissis
734 3801 827 3878 ibris
854 3827 994 3898 quorum
1027 3808 1061 3876 in
1092 3804 1247 3878 Ecclesia
1283 3803 1489 3900 quotidianus
1513 3826 1593 3877 usus

224 3927 314 4009 erat,
342 3918 426 3991 alios
443 3922 633 4014 suscepisse
649 3939 759 3992 novos
779 3917 820 3990 ab
839 3919 1093 4015 impostoribus,
1120 3930 1155 3992 et
1174 3920 1353 3996 secundum
1379 3919 1452 3991 illos
1496 3942 1594 3991 sacra

225 4033 338 4107 Officia
364 4039 536 4131 ipsamque
561 4034 805 4108 Eucharistiam
830 4036 1004 4109 maniiesto
1031 4036 1212 4129 sacrilegio
1239 4036 1441 4110 celebrasse.
1481 4034 1593 4106 Mira-

223 4152 299 4223 culo
322 4174 456 4246 quoque
478 4174 537 4224 seu
559 4156 669 4247 potius
684 4161 833 4226 monstro
849 4157 1058 4249 proximum,
1086 4153 1174 4248 quod
1193 4154 1356 4227 adversus
1375 4155 1590 4246 imposturam

220 4291 320 4340 nemo
346 4267 599 4341 reclamaverit:
634 4269 785 4343 omuibus
821 4270 953 4342 tandem
986 4268 1127 4365 probata
1162 4274 1205 4343 sit
1241 4292 1330 4342 nova
1365 4276 1399 4340 ct
1431 4268 1591 4339 hactenus

220 4384 365 4456 inaudita
397 4382 533 4475 lingua,
569 4395 603 4456 et
635 4388 742 4459 statim
776 4385 898 4482 ubique
933 4384 1092 4457 oblivioni
1124 4389 1169 4458 lta
1203 4386 1341 4475 tradita,
1377 4395 1411 4456 ut
1446 4385 1489 4455 ad
1516 4384 1587 4474 ejus

219 4501 467 4593 intelligentiam
495 4499 667 4574 Glossaria
693 4524 816 4595 magno
843 4501 960 4575 labore
987 4502 1216 4598 componenda
1243 4488 1373 4574 luerint.

324 4614 467 4689 Paribus
503 4606 725 4709 argumentis,
753 4629 787 4691 et
821 4642 906 4713 quae
947 4619 1107 4691 firmitatis
1149 4620 1227 4716 plus
1257 4618 1433 4705 haberent,
1470 4619 1591 4711 poterit
1619 4644 1693 4697 Ap„
1707 4646 1741 4697 p,
1763 4646 1915 4713 ,aedem

223 4734 360 4829 quisque
387 4733 593 4806 contendere
618 4745 769 4807 veterem
795 4734 941 4827 linguam
968 4735 1151 4827 Persicam,
1183 4736 1394 4826 Hetruscam,
1420 4735 1589 4823 Punicam,
1603 4732 1678 4829 dli?
1692 4664 1815 4829 enirn,
1838 4747 1919 4801 «τεῦ-

225 4847 469 4947 Palmyrenam,
495 4860 531 4922 ut
557 4852 716 4946 quasdam
742 4852 837 4943 alias,
863 4851 959 4924 ludos
985 4851 1089 4925 luisse
1116 4852 1283 4924 bominum
1316 4854 1384 4924 otio
1412 4874 1473 4924 suo
1501 4850 1590 4922 abu-
1603 4826 1707 4957 Ἢὲζ,
1720 4819 1829 4958 nm
1853 4834 1911 4869 ⁰⁵⁸⁰

223 4971 367 5038 mutium.
394 4965 462 5038 Illis
490 4970 577 5038 euim
603 4967 736 5061 linguis,
763 4977 898 5065 praeter
924 4971 1156 5064 inscriptiones
1171 4977 1206 5039 et
1231 4971 1426 5041 numismata
1454 4924 1620 5064 aliquot,p
1724 4923 1739 4973 p
1831 4940 1837 4953 ’

224 5081 302 5154 nibil
327 5085 487 5180 scriptum
513 5083 555 5155 ad
581 5107 644 5159 nos
671 5089 834 5181 peruenit.
869 5087 908 5158 lu
935 5088 1087 5181 antiquae
1113 5084 1339 5181 Persepoleos
1365 5088 1467 5158 ruinis
1503 5106 1589 5157 saxa

1309 5201 1383 5273 15*
