4525 6034
999 593 1169 670 SIVE
1222 591 1484 671 CANON
1535 590 2028 669 UNIVERSALIS
2084 588 2543 668 AETHIOPUM.
2986 590 3139 665 483

601 779 926 872 Populus.
1030 778 1247 877 Kyrie
1294 779 1569 852 eleison.

599 894 970 966 Sacerdos.
1075 895 1227 966 Pax
1277 893 1477 966 vobis
1533 892 1853 968 omnibus.

600 1010 924 1103 Populus.
1028 1009 1117 1081 Et
1169 1032 1317 1081 cum
1371 1012 1604 1105 spiritu
1655 1018 1790 1083 tuo.

601 1124 970 1197 Sacerdos.
1077 1123 1364 1196 Domine
1415 1126 1602 1197 Deus
1654 1136 1887 1198 noster
1936 1127 2103 1198 Jesu
2156 1124 2449 1214 Christe,
2505 1126 2614 1218 qui
2668 1122 2891 1196 dixisti
2927 1123 3142 1197 disci·—

389 1241 563 1337 pulis
619 1244 747 1312 tuis
802 1243 1084 1326 sanctiS,
1141 1248 1207 1311 et
1257 1239 1606 1334 Apostolis
1653 1243 1780 1313 tuis
1847 1245 2067 1336 puris,
2139 1243 2453 1336 quoniam
2516 1239 2697 1312 multi
2762 1238 3143 1334 Prophetae

389 1367 458 1428 et
502 1360 669 1450 justi
723 1355 1280 1428 desideraverunt
1329 1354 1567 1426 videre
1621 1378 1793 1450 quae
1844 1357 2122 1445 videtis,
2176 1367 2244 1429 et
2296 1378 2432 1428 non
2484 1353 2825 1442 viderunt,
2890 1364 2958 1426 et
3009 1377 3141 1426 au—

389 1471 535 1543 dire
594 1494 768 1567 quae
822 1470 1094 1543 audistis
1150 1478 1218 1541 et
1267 1491 1401 1541 non
1475 1468 1850 1542 audierunt:
1918 1472 2382 1566 similiterque,
2448 1469 2630 1542 beati
2696 1469 2870 1542 oculi
2931 1472 3144 1544 vestri

390 1590 501 1682 qui
555 1586 890 1676 viderunt,
945 1595 1013 1657 et
1065 1606 1263 1656 aures
1315 1596 1592 1657 vestrae
1644 1609 1817 1680 quae
1871 1585 2251 1658 audieruut:
2305 1607 2432 1658 nos
2488 1589 2687 1657 etiam
2740 1584 2982 1678 dignos
3033 1584 3145 1656 fac

388 1712 459 1774 ut
512 1703 861 1774 audiamus
915 1711 985 1773 et
1044 1699 1364 1773 faciamus
1432 1699 1645 1772 verba
1715 1701 2074 1794 Evangelii
2138 1703 2228 1771 tui
2295 1703 2543 1791 sancti,
2614 1723 2738 1797 per
2802 1704 3143 1774 orationes

388 1829 778 1891 sauctorum
830 1825 1111 1889 tuorum.

602 1934 980 2005 Diaconos.
1089 1930 1295 2003 Orate
1348 1954 1471 2026 pro
1524 1930 1905 2024 Evangelio
1958 1943 2213 2005 sancto.

593 2048 948 2120 Sacerdos
999 2053 1360 2141 antequam
1410 2047 1680 2141 leqatur
1732 2048 2177 2144 Evanqdium
2195 2040 2420 2119 ‘dicia
2527 2044 2930 2118 Benedicam
2985 2042 3143 2117 Do-

385 2168 637 2236 minum
691 2168 758 2236 in
814 2165 991 2236 omni
1043 2171 1381 2258 tempore,
1451 2185 1720 2258 semper
1770 2163 1918 2236 laus
1972 2167 2121 2256 ejus
2175 2168 2240 2235 in
2296 2186 2419 2236 ore
2470 2185 2655 2235 meo:
2720 2166 2788 2233 in
2855 2159 3144 2233 Domino

384 2278 768 2353 laudabitur
820 2283 1035 2351 anima
1088 2300 1257 2350 mea.
1362 2278 1683 2366 Alleluia,
1738 2279 2065 2369 Alleluia,
2134 2264 2446 2354 Alleluia.
2551 2277 2859 2371 sargite,
2925 2276 3145 2349 audite

386 2395 837 2487 Evangelium
892 2404 1233 2483 sanctum,
1285 2394 1800 2489 praedicationis
1855 2394 2122 2469 Domini
2176 2406 2243 2467 et
2297 2395 2655 2468 salvatoris
2718 2397 2930 2469 nostri
2980 2393 3145 2466 Jesu

392 2507 661 2583 Christi.

598 2624 970 2696 Sacerdos.
1074 2623 1414 2697 Memento
1488 2627 1685 2696 etiam
1744 2626 2032 2698 Domine
2097 2649 2331 2700 eorum
2398 2629 2509 2721 qui
2574 2628 2906 2721 petierunt
2973 2647 3142 2698 ora-

388 2744 612 2814 tiones
668 2749 737 2812 et
787 2739 1293 2835 deprecationes
1349 2739 1433 2811 ad
1488 2750 1554 2811 te
1606 2751 1893 2814 nostras.
1998 2741 2347 2834 Rogamus
2403 2764 2667 2838 quoque
2720 2751 2790 2814 te
2833 2742 3143 2829 Domine,

388 2879 513 2956 pro
569 2856 703 2928 illis
758 2858 869 2951 qui
920 2855 1177 2951 pridem
1231 2855 1694 2928 dormitionem
1725 2867 2150 2953 acceperunt,
2203 2866 2276 2929 ut
2309 2861 2605 2952 requiem
2639 2857 2767 2929 illis
2799 2868 3143 2952 praestes:

388 2969 690 3043 infirmos
744 2973 944 3042 etiam
997 2992 1185 3061 sana,
1240 2973 1390 3065 quia
1446 2982 1514 3043 tu
1567 2993 1643 3043 es
1697 2973 1836 3043 vita
1890 2981 1958 3043 et
2011 2994 2169 3068 spes
2202 2975 2492 3045 omnium
2525 2980 2846 3059 nostrum,
2900 2994 3143 3044 resur-

388 3089 604 3159 rectio
662 3097 729 3158 et
780 3090 1147 3181 protectio:
1218 3086 1469 3181 tibique
1536 3088 1902 3177 gratiarum
1970 3091 2299 3159 actionem
2368 3086 2737 3159 referemus
2791 3108 3004 3183 usque
3058 3085 3144 3158 ad

390 3203 567 3275 coeli
624 3202 926 3274 sublimia
977 3205 1045 3272 in
1099 3202 1368 3274 saecula
1408 3197 1859 3300 jsaeculorum.
1966 3202 2206 3275 Amen.

602 3317 956 3390 Sacerdos
1008 3339 1375 3389 conversus
1427 3318 1521 3388 ad
1561 3318 1885 3410 populum
1928 3318 2130 3390 dicet.
2199 3318 2522 3391 Dominus
2577 3318 2867 3414 desuper
2916 3316 3142 3391 bene-

392 3434 751 3507 dictionem
804 3437 1015 3506 mittat
1066 3455 1270 3529 super
1332 3455 1459 3505 nos
1531 3456 1787 3523 omnes,
1858 3434 2173 3529 populum
2239 3433 2730 3508 Christianum:
2803 3443 2870 3505 et
2940 3433 3143 3505 faciat

391 3551 728 3622 introitum
779 3558 1079 3623 nostrum
1129 3551 1197 3620 in
1248 3547 1375 3620 hac
1426 3547 1734 3648 Ecclesia
1788 3561 2054 3640 sancta,
2118 3572 2249 3622 una
2317 3572 2466 3621 cum
2516 3548 2802 3641 Angelis
2873 3552 3142 3634 sanctis,

394 3668 503 3759 qui
564 3664 661 3736 illi
713 3664 998 3757 subjecti
1051 3675 1202 3737 sunt
1254 3686 1563 3758 semper,
1633 3672 1701 3735 et
1768 3663 2142 3756 glorificant
2210 3687 2361 3737 eum
2434 3666 2609 3736 omni
2679 3672 3005 3760 tempore,
3078 3668 3144 3735 in

393 3780 668 3853 saecula
721 3779 1165 3857 saeculorum.
1267 3781 1508 3852 Amen.
2029 3762 2039 3773 ’

603 3896 954 3967 Sacerdos
996 3901 1103 3966 ter
1145 3899 1457 3968 incensat
1493 3895 1966 3991 Evanqels'um,
2011 3903 2080 3967 et
2114 3902 2273 3966 tunc
2296 3897 2656 3966 annuntiat
2689 3893 2858 3965 illud
2885 3894 3142 3988 populo

400 4011 657 4082 dicens.
771 4010 1216 4102 Evangelium
1309 4019 1609 4085 sanctum
1662 4012 1853 4108 ,quod
1926 4011 2350 4108 praedicavit
2422 4020 2536 4083 aut
2589 4012 3010 4082 annuntiavit
3059 4007 3142 4079 N.

394 4127 680 4200 verbum
733 4125 882 4199 Filii
935 4126 1085 4199 Dei.

600 4242 924 4334 Populus.
1034 4240 1264 4314 Gloria
1318 4241 1434 4314 tibi
1490 4246 1575 4316 sit
1627 4264 1897 4338 semper
1948 4242 2212 4315 Christe
2264 4242 2552 4315 Domine
2622 4251 2687 4313 et
2752 4241 2936 4312 Deus
3001 4260 3141 4309 no-

391 4366 548 4429 ster.
676 4355 990 4428 Exultate
1063 4357 1213 4430 Deo
1291 4357 1576 4450 adjutori
1651 4367 1918 4445 nostro,
1997 4357 2276 4450 jubilate
2348 4356 2500 4430 Deo
2571 4354 2818 4429 Jacob:
2907 4358 3142 4427 sumite

388 4470 713 4566 psalmum
769 4482 837 4544 et
888 4472 1041 4545 date
1095 4483 1502 4570 tympanum,
1555 4472 1938 4570 psalterium
1985 4474 2346 4567 jucundum
2400 4497 2547 4544 cum
2602 4470 2874 4544 cithara.

594 4587 770 4660 Post
811 4588 1168 4660 lectionem
1218 4589 1603 4682 Evangelii,
1641 4589 1946 4682 Populus
1995 4589 2182 4660 dicit.
2270 4587 2625 4663 Cherubim
2678 4597 2746 4660 et
2796 4582 3145 4680 Seraphim

394 4724 654 4775 sursum
707 4708 965 4775 mittunt
1016 4708 1080 4776 ei
1133 4703 1437 4797 gloriam.

612 4820 798 4891 Tunc
851 4819 1095 4890 dicent.
1185 4820 1495 4908 Sanctus,
1549 4818 1860 4909 Sanctus,
1916 4821 2202 4895 Sanctus
2257 4823 2705 4916 omnipotens:
2759 4816 2941 4914 pleni
2995 4825 3144 4889 sunt

399 4933 574 5005 coeli
626 4944 694 5006 et
745 4946 924 5007 terra
979 4939 1330 5008 sanctitate
1385 4935 1646 5028 gloriae
1700 4940 1864 5029 ejus.

602 5049 981 5122 Diaconos.
1087 5051 1360 5143 Surgite
1414 5051 1498 5123 ad
1554 5056 1940 5125 orationem.

502 5187 672 5231 Tomos
701 5190 733 5232 1.
2615 5168 2711 5238 77
