4525 6034
571 651 581 670 ‚
716 563 794 640 410
1221 565 1581 644 urrunarn

716 764 809 828 tores
836 765 870 827 et
895 757 1064 827 ministros
1084 760 1326 850 mysteriorum
1351 766 1483 831 tuorum
1510 756 1703 829 terribilium
1731 768 1766 829 et
1780 757 1964 830 coelestium
1981 783 2052 833 cor-

716 875 869 944 stituere:
895 893 939 943 ne
964 875 1126 969 respicias
1153 876 1343 945 tenuimem
1369 884 1531 962 nostram,
1556 894 1621 944 nee
1637 876 1725 945 enim
1742 871 1833 966 digni
1850 896 1955 946 summ
1969 900 2053 949 acre-

716 987 813 1060 dendi
840 998 875 1060 et
901 989 1166 1062 communicandi
1193 989 1289 1062 donis
1315 992 1379 1062 tuis
1393 989 1533 1077 divinis3
1560 988 1620 1061 sed
1638 1011 1701 1085 per
1720 994 1862 1083 gratiam
1880 1001 1962 1064 mam
1976 996 2056 1066 viaita

714 1125 795 1191 nos,
823 1107 856 1176 in
882 1105 1110 1178 misericordia
1138 1114 1172 1177 et
1198 1109 1427 1179 miseratione:
1453 1103 1559 1178 libera
1585 1127 1649 1177 nos
1676 1104 1718 1178 ab
1747 1110 1837 1178 omni
1863 1105 1937 1179 dolo
1961 1119 1989 1179 et
2009 1113 2055 1179 in-

715 1219 822 1293 vidia:
851 1231 884 1293 et
911 1222 1060 1295 concede
1086 1220 1185 1294 nobis
1211 1221 1368 1319 Spiritum
1397 1232 1485 1293 turum
1511 1230 1677 1310 sancium,
1713 1222 1870 1317 Spiritum
1902 1225 2056 1318 sapientiae

717 1346 751 1408 et
775 1337 1027 1431 intelligentiae,
1055 1338 1214 1433 Spiritum
1240 1341 1401 1411 scientiae
1425 1349 1459 1410 et
1484 1337 1701 1428 foritudinis,
1728 1361 1793 1433 quo
1820 1361 1882 1434 per
1897 1337 1973 1410 haec
1987 1339 2057 1411 dona

715 1452 887 1545 illustrati,
914 1476 1100 1527 mereamur
1126 1454 1230 1527 eorde
1261 1476 1346 1550 pure
1379 1463 1469 1526 stare
1504 1475 1619 1527 eoram
1652 1465 1685 1525 te
1719 1464 1753 1526 et
1784 1457 1967 1526 ministrare
1995 1455 2057 1546 tibi,

715 1570 903 1667 offerreque
929 1571 987 1644 tibi
1014 1570 1210 1644 sacrificium
1236 1569 1300 1643 boc
1326 1570 1496 1667 spirituale
1522 1581 1557 1643 et
1581 1573 1805 1660 incruentum,
1837 1571 1879 1643 ad
1904 1574 2058 1643 remissic-

716 1708 793 1759 nem
819 1697 1033 1784 peccatorum
1059 1698 1263 1775 nostrorum,
1290 1690 1550 1782 memoriamque
1576 1689 1720 1759 omnium
1747 1685 1893 1759 fidelium
1909 1686 2056 1760 Orbada-

712 1825 852 1893 xorum,
879 1815 913 1877 et
939 1804 1079 1897 gloriam
1107 1815 1215 1894 tuum,
1241 1803 1335 1875 Deus
1361 1806 1477 1891 Pater,
1504 1825 1568 1875 nec
1593 1825 1661 1876 non
1688 1806 1848 1896 unigeniti
1875 1801 1948 1875 Filii
1963 1806 2011 1890 tui,
2033 1814 2058 1874 ei

712 1919 854 2015 Spiritus
881 1925 928 1994 tui
954 1925 1076 2008 sancti,
1103 1942 1191 1992 nunc
1219 1932 1253 1992 et
1279 1942 1429 2016 semper,
1456 1930 1519 1993 etc.

819 2035 980 2130 Papulas.
1032 2039 1153 2112 Amen.

417 2154 513 2256 'iambi
530 2157 627 2211 naeres
644 2157 699 2211 ⁰⁰·
815 2152 1004 2225 Diaconos.
1056 2153 1190 2227 Stemus
1217 2154 1384 2226 decenter.

389 2255 458 2295 ''¹¹¹¹''
817 2269 1002 2342 Sacerdos.
1055 2269 1188 2344 Caritas
1223 2271 1348 2360 Patris,
1375 2272 1485 2363 gratia
1510 2268 1603 2360 Filii,
1638 2279 1672 2340 et
1704 2271 1958 2343 communicatio
1990 2269 2058 2366 Spi-

712 2389 794 2459 ritus
822 2389 929 2460 sancti
955 2390 1020 2459 sint
1045 2409 1120 2459 cum
1149 2386 1301 2460 omnibus
1328 2384 1437 2459 vobis.

816 2502 979 2595 Populea.
1029 2505 1150 2577 Amen.

814 2617 998 2693 Sacerdos.
1051 2619 1191 2692 Sursum
1218 2618 1332 2691 eorda.

814 2736 976 2829 Papulas.
1029 2734 1198 2809 Habemus
1226 2736 1269 2810 ad
1294 2737 1484 2809 Dominum.

815 2854 999 2926 Sacerdos.
1054 2852 1188 2926 Gratias
1215 2874 1354 2946 agamus
1381 2853 1536 2925 Domino.

815 2970 977 3063 Papulas.
1030 2972 1174 3063 Dignum
1202 2979 1237 3041 et
1258 2973 1383 3063 iustum
1410 2976 1470 3042 est

814 3084 990 3157 Sacerdos
1014 3079 1208 3158 inclinatas.
1260 3086 1352 3157 Vere
1379 3085 1513 3178 dignum
1540 3093 1574 3155 et
1583 3085 1707 3175 justum
1727 3095 1792 3175 est,
1818 3085 1947 3160 decens
1965 3095 1996 3157 ct
2011 3083 2064 3155 de-

710 3199 832 3291 bitum,
865 3212 901 3274 ut
933 3211 967 3273 te
1001 3202 1192 3292 laudemus,
1227 3211 1261 3274 te
1295 3200 1489 3288 adoremus,
1525 3199 1583 3272 tibi
1618 3202 1745 3292 gratim
1780 3223 1941 3294 agamus,
1973 3202 2062 3298 opifici

710 3322 892 3392 universae
917 3328 1108 3408 creaturae,
1135 3318 1276 3391 visibilis
1304 3328 1359 3389 aut
1384 3317 1568 3390 invisibills.

813 3435 964 3507 Elaeans
995 3457 1120 3507 aaran.
1174 3435 1225 3508 'l'e
1251 3434 1377 3523 laudat,
1405 3434 1568 3523 Domine,
1595 3433 1743 3523 coelum,
1771 3436 1863 3530 quod
1896 3447 1949 3509 est
1979 3435 2063 3508 thro-

708 3574 771 3623 nus
797 3554 979 3644 majestatis
1004 3560 1102 3641 tuae,
1129 3562 1163 3624 et
1189 3562 1278 3623 terra
1305 3573 1391 3646 quae
1410 3561 1463 3623 est
1480 3547 1661 3623 scabellum
1679 3549 1800 3646 pedum
1815 3562 1965 3626 tuorum:
1990 3560 2064 3622 terra

708 3690 795 3762 quae
823 3667 939 3740 adorat
964 3679 998 3740 et
1024 3666 1164 3740 honorat
1189 3689 1311 3740 nomen
1337 3678 1426 3740 tuum
1453 3676 1616 3757 sanctum,
1641 3669 1675 3738 in
1700 3663 1857 3740 Ecclesia
1885 3668 1968 3758 hac,
1993 3689 2064 3763 quae

707 3787 796 3856 canit
820 3783 878 3856 tibi
905 3785 1047 3880 hymnos
1073 3805 1135 3856 ore
1160 3782 1300 3858 filiarum
1327 3805 1480 3872 suorum,
1507 3787 1542 3854 in
1567 3804 1731 3857 consessu
1757 3783 2012 3880 Prophetarum,
2035 3787 2062 3854 in
2193 3767 2194 3794 ¹

706 3909 804 3974 coetu
829 3881 1088 3997 Apostolorum,
1114 3904 1148 3972 iu
1174 3898 1386 3996 passionibus
1413 3901 1617 3996 Martyrum,
1643 3902 1677 3970 in
1699 3899 1871 3975 ordinibus
1888 3901 2063 3976 Confessa-

706 4039 796 4106 rum,
823 4021 857 4089 in
883 4016 1071 4110 Theologia
1098 4015 1293 4104 Doctorum,
1321 4015 1480 4089 inchoris
1506 4015 1700 4107 Virginum,
1725 4019 1760 4087 in
1785 4018 1965 4112 praeclara
1990 4039 2063 4090 eou-

705 4137 903 4207 versatioue
942 4135 1204 4227 Religiosorum:
1242 4137 1275 4205 in
1316 4135 1474 4230 patientie
1513 4131 1780 4218 Nazaraeorum,
1815 4136 1852 4204 in
1885 4132 2063 4208 habitaculis

705 4254 854 4346 piorum,
891 4254 925 4322 in
960 4249 1277 4344 congregationibus
1313 4253 1495 4342 justorum,
1536 4254 1571 4321 in
1603 4251 1858 4344 perseverantia
1894 4257 2063 4346 temperata

705 4365 864 4439 fidelium:
891 4367 1022 4440 coelum
1048 4376 1176 4456 autem,
1203 4370 1237 4438 in
1262 4365 1417 4440 Ecclesia
1442 4365 1498 4438 illa
1517 4364 1664 4454 sublimi,
1690 4368 1724 4436 in
1738 4387 1803 4459 qua
1820 4365 1981 4463 descripti
2000 4370 2062 4438 suut

706 4486 915 4578 primogeniti
943 4487 1006 4571 tui,
1033 4487 1067 4555 in
1092 4481 1185 4555 libris
1212 4488 1276 4556 tuis
1304 4486 1438 4558 sanctis.
1490 4483 1528 4555 ln
1555 4505 1596 4554 ea
1624 4485 1710 4553 enirn
1728 4479 1915 4556 celebraris
1928 4478 2060 4554 cantibus

705 4600 924 4693 Angelorum,
947 4598 1196 4694 jubilationibus
1222 4598 1528 4693 Archangelorum,
1555 4601 1692 4674 canticis
1721 4595 1916 4688 Cherubim,
1943 4597 2060 4669 clano·

705 4715 797 4791 ribus
823 4710 1085 4812 Principatuum,
1112 4716 1273 4809 dignitate
1298 4717 1521 4804 Potestatum,
1548 4714 1727 4810 splendore
1752 4712 1986 4798 Thronorum,
2009 4709 2060 4779 vi·

706 4833 841 4926 gilentia
867 4833 1074 4928 Legionem,
1109 4835 1145 4905 in
1170 4833 1321 4906 coetibus
1353 4837 1536 4921 victorum,
1568 4835 1603 4904 in
1637 4831 1959 4924 congregationibus
1988 4846 2059 4923 per-

706 4948 891 5041 fectorum,
916 4954 950 5022 in
976 4948 1086 5023 choris
1114 4959 1149 5021 et
1175 4948 1306 5024 choreis
1332 4949 1550 5042 Sanctorum,
1576 4958 1610 5020 et
1625 4951 1659 5021 in
1675 4946 1991 5024 sanctificationibus
2005 4941 2059 5014 de·
