4525 6034
642 626 1179 705 theuthboldo.
1518 626 1590 702 391

228 814 392 910 gularem,
424 818 519 909 cuius
547 813 742 912 disciplinae
767 818 855 889 ratio
881 817 943 888 vix
969 814 1101 889 aliunde
1128 838 1224 912 quam
1251 813 1294 888 ab
1317 818 1458 913 antiquis
1478 811 1594 888 Obor-

227 935 395 1028 episcopis
421 930 497 1004 duci
522 940 644 1028 potest.

327 1047 463 1121 LXXV.
517 1048 603 1136 Ouia
628 1070 714 1122 vero
745 1048 989 1141 Patriarcham,
1019 1059 1056 1122 ut
1089 1052 1189 1122 etiam
1215 1046 1436 1146 Episcopum,
1467 1047 1594 1121 hahere
1642 1053 1920 1109 Ordi¹¹⁰⁵0¹¹1¹¹t⁸¹151i

226 1161 403 1261 oportebat
428 1164 571 1238 Ordines
598 1187 717 1239 sacros
744 1188 880 1256 omnes,
911 1169 940 1239 si
974 1165 1119 1262 simplex
1152 1161 1336 1238 Monachus
1368 1175 1478 1256 essct,
1503 1140 1835 1282 Dlffilssffiflm
1852 1156 1919 1194 ⁰⁰¹¹·

225 1303 330 1355 conus
351 1280 575 1372 ordinabatur,
601 1304 711 1379 neque
737 1287 826 1355 enim
851 1283 1006 1356 videntur
1031 1282 1199 1356 llinorurn
1225 1280 1395 1372 Ordinum,
1422 1284 1595 1354 autetiam
1757 1267 1764 1283 ⁸

224 1396 491 1472 subdiaconatus
516 1402 679 1471 rationem
704 1397 876 1474 hahuisse:
907 1398 969 1473 sed
993 1402 1168 1472 interstitia
1201 1399 1267 1471 diei
1298 1402 1394 1471 unius
1421 1398 1593 1472 ohserva-

223 1512 345 1587 bantur
368 1519 455 1588 inter
480 1515 630 1609 singulos
657 1515 803 1607 ordines,
830 1520 875 1589 ita
897 1527 933 1590 ut
957 1520 1065 1613 primo
1080 1507 1262 1604 Diaconos,
1288 1516 1436 1589 secundo
1462 1515 1594 1589 Sacer-

225 1631 299 1721 dos,
328 1635 425 1704 tertio
452 1632 661 1706 ordinaretur
687 1633 816 1706 Komcs
841 1656 902 1706 seu
927 1632 1161 1726 Hegumenus3
1188 1630 1495 1728 expectabaturque
1522 1632 1594 1705 dies

222 1749 397 1825 Domioica
423 1748 465 1821 ad
490 1748 707 1823 ordinandum
734 1772 808 1822 eum
830 1749 1074 1837 Patriarcham3
1099 1752 1317 1844 nequeenim
1345 1747 1410 1821 alio
1426 1748 1480 1820 die
1506 1747 1594 1845 Epi-

224 1867 322 1960 scopi
348 1868 540 1939 consecrari
575 1864 750 1939 debebant.
809 1867 859 1939 lta
885 1865 1100 1940 observatum
1136 1887 1219 1958 erga
1244 1864 1442 1939 Michaelem
1472 1865 1594 1939 LXXI.

222 1981 346 2074 legitur
370 1986 405 2054 in
431 1985 504 2074 ejus
530 1985 610 2055 vita.

327 2097 481 2171 LXXVI.
524 2099 651 2171 Verum
685 2108 861 2195 antequam
893 2120 1009 2171 manus
1042 2098 1153 2171 electo
1191 2100 1456 2193 imponerentur,
1496 2107 1595 2194 atque
1645 2107 1743 2163 cottae
1761 2115 1805 2161 aut
1821 2108 1921 2179 princi·

223 2221 323 2289 ctiam
350 2226 526 2313 antequam
551 2220 689 2313 primos,
716 2217 834 2313 quibus
860 2219 1035 2310 insignitus
1067 2217 1214 2290 nondum
1239 2222 1314 2287 erat
1340 2212 1483 2287 Ordines
1510 2237 1594 2289 sus·
1608 2196 1649 2265 ¹¹³⁸
1667 2196 1793 2250 ”lm

223 2338 369 2430 ciperet,
409 2333 634 2407 deducebatur
657 2332 701 2405 ab
728 2331 906 2429 Episcopis
941 2343 975 2407 et
998 2334 1180 2406 Latcorum
1210 2329 1410 2428 primoribus
1446 2329 1489 2402 ad
1521 2329 1596 2404 Oa-

222 2449 317 2538 hfae,
344 2449 482 2537 Sultani
509 2449 721 2522 Praefective
747 2452 965 2545 praetorium,
1000 2460 1037 2522 ut
1069 2448 1189 2521 electio
1225 2444 1517 2544 comprobaretur,
1543 2448 1598 2520 si-

222 2567 359 2662 mulque
399 2575 614 2662 praeceptum
660 2564 885 2638 Ordinationis
933 2564 1157 2655 obtineretur,
1196 2586 1240 2637 ne
1279 2566 1449 2636 contrario
1486 2562 1598 2659 aliquo

222 2682 382 2755 mandato
407 2686 663 2772 interveniente,
695 2682 892 2755 turbaretur.
945 2683 1153 2778 Frequenter
1186 2681 1220 2753 id
1256 2679 1472 2755 observatum
1505 2681 1598 2753 initio

224 2821 338 2870 rerum
364 2796 695 2884 Muharnedanarum,
723 2807 757 2868 et
782 2806 900 2894 postea
928 2800 961 2869 in
986 2796 1097 2891 legem
1125 2799 1264 2870 transiit.
1316 2796 1456 2891 Legitur
1482 2795 1599 2867 invita

223 2915 335 2988 lsaaci
361 2911 448 2985 XLI.
476 2911 660 3006 Georgium
686 2915 870 2987 Diaconum
893 2914 1040 2987 'electum
1075 2938 1095 2987 a
1129 2916 1249 3007 majori
1279 2923 1392 3010 parte,
1425 2914 1600 2987 deductum

225 3053 304 3104 esse
332 3029 376 3102 ad
403 3029 676 3102 Abdel-Auizum
702 3028 924 3120 Praefectum,
947 3033 1016 3122 J'am
1050 3040 1198 3103 assumto
1231 3040 1347 3102 ornatu
1372 3025 1600 3117 Patriarohali,

224 3157 259 3218 ct
284 3149 411 3218 irritam
437 3146 558 3219 iactam
585 3152 658 3241 ejus
685 3146 884 3219 electionem
905 3150 1003 3241 jussu
1028 3146 1204 3243 Principis,
1232 3148 1371 3241 eiusque
1396 3145 1475 3218 loco
1500 3145 1601 3217 Isaa-

225 3285 301 3334 cum
336 3266 557 3336 constitutum.
598 3260 747 3336 Adibant
778 3266 878 3355 igitur
904 3262 1076 3336 Sullanum
1108 3272 1165 3335 aut
1189 3262 1401 3336 Praefectum
1428 3260 1601 3358 Episcopi,

226 3379 557 3476 christianorumque
582 3383 747 3475 primores
773 3379 887 3468 Latci,
919 3379 1167 3476 offerebantque
1194 3379 1355 3466 electum,
1388 3390 1422 3452 et
1456 3381 1484 3454 si
1511 3401 1599 3475 pro-

226 3496 382 3585 babatur,
408 3499 517 3568 statim
543 3496 709 3593 Diploma,
737 3497 825 3592 quod
850 3497 947 3593 Sipel
973 3502 1047 3571 sive
1083 3496 1226 3590 sigillum
1253 3494 1435 3587 vocabant,
1462 3494 1600 3569 obtine-

225 3610 346 3703 batur,
373 3635 439 3708 quo
466 3617 500 3685 in
527 3612 688 3707 dignitate
721 3613 994 3704 confirmabatur,
1028 3612 1291 3709 Christianisque
1323 3612 1423 3711 plena
1458 3611 1601 3685 facultas

226 3727 478 3802 concedebatur
504 3753 579 3802 eum
596 3730 781 3803 ordioandi:
808 3741 875 3803 tum
899 3730 1051 3804 omnibus
1065 3730 1333 3827 praecipiebatur
1348 3732 1505 3827 principis
1530 3749 1601 3802 no-

226 3849 330 3936 rnine,
356 3856 392 3918 nt
417 3868 533 3919 ornnes
560 3856 715 3942 tanquam
743 3846 956 3919 Patriarobae
989 3869 1051 3920 suo
1088 3850 1120 3919 ci
1156 3846 1435 3942 obtemperarent.
1487 3847 1601 3944 Saepe

227 3965 259 4034 in
286 3966 419 4055 gratiae
446 3963 772 4053 demonstrationem,
800 3963 1014 4036 Orientalium
1031 3985 1137 4052 more,
1163 3973 1295 4036 vestem
1322 3989 1342 4036 a
1368 3964 1506 4038 Snltano
1534 3985 1599 4036 ac-

220 4069 387 4174 cipiebat,
413 4077 639 4174 dabanturque
665 4103 711 4152 ex
737 4078 876 4152 cohorte
902 4083 1115 4176 praetoriana
1148 4081 1203 4175 qui
1229 4102 1305 4152 eum
1331 4080 1373 4154 ad
1400 4081 1502 4155 aedes
1526 4081 1600 4152 Pa-

227 4192 423 4268 triarchales
456 4195 678 4286 deducerent,
696 4197 810 4292 ‘idque
842 4218 910 4270 non
945 4219 1023 4268 raro
1059 4218 1182 4289 magna
1214 4218 1336 4293 pompa
1374 4198 1497 4270 iactum
1539 4204 1601 4269 est.

82 4319 84 4326 '
227 4312 324 4383 Tunc
350 4314 439 4382 enirn
465 4335 539 4384 cum
567 4311 742 4385 Christiani
768 4312 942 4408 tranquille
974 4323 1124 4406 agerent,
1158 4336 1286 4409 cosque
1319 4315 1448 4387 Sullani
1478 4314 1601 4384 vexari

228 4427 526 4502 abluhamedanis
553 4450 620 4500 non
646 4439 848 4526 paterentur,
875 4427 1052 4525 prodibant
1079 4429 1121 4502 ad
1157 4429 1266 4503 aulam
1299 4451 1420 4523 magno
1447 4427 1601 4525 psallen-

228 4547 307 4616 tinm
334 4543 464 4634 ordine,
494 4545 731 4643 ecquomodo
768 4550 824 4642 qui
855 4549 888 4618 in
923 4547 1064 4643 publicis
1096 4545 1390 4645 supplicationibus
1424 4543 1602 4618 observari

228 4659 370 4734 solebat
422 4659 554 4757 Nempe
581 4663 776 4736 sacerdotes
802 4663 953 4736 vestibus
979 4667 1087 4736 sacris
1114 4665 1238 4754 ornati,
1270 4661 1500 4759 procedebant
1526 4683 1602 4734 cum

229 4778 350 4866 cereis,
378 4776 543 4867 crucibus,
568 4777 831 4872 Evangeliorum
856 4778 962 4871 libris,
989 4790 1024 4852 et
1038 4778 1228 4869 thuribulis,
1254 4780 1403 4875 psalmos
1423 4788 1601 4852 canentes:

231 4891 388 4982 Diaconi,
415 4902 449 4964 ct
475 4893 531 4966 alii
558 4918 604 4966 cx
631 4894 756 4968 Ordine
783 4893 937 4968 Clericali
970 4896 1162 4969 ordinatim:
1195 4904 1262 4967 tum
1289 4895 1449 4993 Episcopi
1481 4895 1600 4968 eodem

231 5007 343 5098 modo,
371 5019 405 5081 et
431 5009 658 5084 Patriarcham
683 5034 810 5085 novum
833 5013 1025 5104 cingebant,
1052 5016 1107 5109 qui
1134 5014 1230 5085 asino
1255 5010 1451 5102 vehebatur,
1477 5022 1545 5085 mm
1558 5012 1601 5084 ad

230 5123 421 5198 imitandum
448 5125 638 5224 exemplum
664 5127 706 5200 D.
732 5128 814 5203 Jesu
842 5128 984 5222 Christi,
1016 5140 1083 5203 tum
1110 5129 1199 5226 quod
1226 5125 1314 5227 apud
1340 5126 1601 5205 muhamedanos
