4525 6034
560 585 1255 665 choululululut
1516 582 1593 657 339

320 777 483 870 Populus.
536 773 581 846 Et
606 796 681 847 cum
708 775 824 869 spiritu
850 782 918 844 tuo.

321 892 501 963 Βίαεοπω
526 890 611 960 dicit
638 889 859 959 Catholicae
911 888 1034 961 lterum
1062 900 1163 983 atque
1188 891 1318 976 iterum,
1347 895 1410 959 etc.

219 1198 395 1269 Sacerdos
421 1199 535 1289 Quot
553 1162 595 1266 ¹et
622 1200 759 1289 frnopit
785 1196 961 1284 Oblatum,
997 1204 1033 1268 et
1062 1217 1144 1267 mon
1176 1196 1263 1266 dicit
1290 1195 1488 1265 Orationem
1514 1200 1595 1264 autc

779 1314 882 1386 Pater
908 1322 1034 1387 noster.

326 1513 420 1585 Deus
458 1511 561 1584 Pater
595 1522 733 1601 sancte,
777 1523 812 1584 et
845 1517 900 1608 qui
938 1517 1148 1587 sanctitatem
1185 1510 1321 1602 largiris
1351 1511 1505 1598 Sanctis:
1541 1512 1597 1602 qui

222 1632 322 1701 etiam
349 1626 561 1701 sanctificasti
597 1650 661 1700 nos
693 1649 756 1722 per
782 1630 989 1700 sanctitatem
1017 1651 1103 1723 quae
1130 1652 1150 1699 a
1176 1637 1210 1698 te
1239 1635 1309 1715 est,
1343 1647 1406 1721 per
1435 1626 1597 1716 unigeni-

221 1756 290 1817 tum
317 1753 479 1830 sanctum,
506 1746 562 1836 qui
589 1766 609 1813 a
636 1753 670 1814 ta
696 1745 830 1834 genitus
857 1753 909 1815 est
943 1744 985 1816 alr
1013 1751 1172 1829 aeterno,
1199 1750 1234 1813 et
1258 1762 1327 1813 non
1353 1738 1597 1836 temporaliter:

225 1861 280 1953 qui
307 1868 416 1929 tecum
442 1856 610 1943 adoratur,
638 1867 672 1928 et
697 1856 903 1949 glorificatur
929 1857 1189 1931 substantialiter
1216 1853 1393 1928 amillilrus
1420 1866 1455 1926 et
1481 1853 1599 1925 decem

224 1970 367 2043 millibus
403 1974 629 2066 incorporeis:
666 1958 721 2065 qui
753 1971 854 2045 homo
889 1972 999 2045 lactus
1031 1982 1084 2047 est
1116 1996 1163 2043 ex
1195 1973 1359 2063 genitrice
1391 1971 1457 2041 Dei
1490 1969 1598 2040 Maria

225 2089 374 2177 conjugii
401 2095 562 2180 experte,
594 2086 786 2158 naturaliter
817 2097 851 2158 et
882 2087 1121 2183 personaliter,
1157 2085 1284 2181 absque
1309 2085 1376 2157 ulla
1402 2087 1598 2156 mutatione:

226 2204 281 2295 qui
313 2212 525 2273 sacramenta
558 2201 643 2274 haec
682 2203 853 2274 adoranda
893 2212 928 2274 et
958 2203 1096 2275 vivifica
1133 2202 1233 2275 nobis
1267 2199 1531 2288 commendavit,
1566 2208 1600 2269 et

226 2319 410 2389 orationem
435 2315 521 2389 hanc
547 2328 719 2410 paternam
747 2318 790 2389 ad
815 2329 862 2407 te,
889 2319 1001 2391 docuit
1025 2341 1099 2390 nos.
1154 2318 1206 2388 'lu
1232 2308 1332 2408 igitur
1350 2326 1505 2411 tanquam
1526 2315 1605 2386 Pa-

224 2442 278 2502 ter
302 2431 443 2503 tiliomm
476 2454 610 2522 amans„
644 2443 780 2528 praesta
812 2433 911 2505 nobis
944 2444 979 2506 ut
1014 2437 1116 2507 simus
1152 2431 1211 2504 tibi
1243 2431 1317 2519 lilii,
1351 2431 1441 2523 digni
1468 2433 1601 2502 nomine

225 2555 283 2618 tuo
311 2557 444 2620 sancto:
472 2547 527 2618 filii
553 2546 695 2642 perfecti
722 2546 941 2643 adimplentes
968 2549 1175 2622 voluntatem
1201 2556 1290 2619 mam
1317 2556 1351 2618 ct
1377 2545 1600 2618 observantes

226 2672 408 2757 praecepta
436 2672 507 2734 tua:
534 2671 671 2735 uicum
698 2662 840 2736 revelati
874 2662 986 2736 vultus
1011 2664 1130 2737 fiducia
1158 2662 1263 2757 qualis
1289 2662 1376 2737 filios
1402 2660 1516 2749 decet,
1543 2663 1601 2732 in·

227 2796 390 2848 vocemus
421 2787 475 2865 te,
510 2778 603 2850 Deus
639 2777 740 2850 Pater
775 2778 932 2852 coelestis
965 2786 1000 2850 et
1031 2787 1167 2868 sancte,
1202 2798 1337 2851 oremus
1370 2786 1405 2850 et
1436 2776 1600 2849 dicamus:

226 2892 329 2963 Pater
354 2901 470 2964 noster
498 2896 552 2986 qui
580 2914 617 2965 es
645 2895 678 2964 in
705 2892 821 2967 coelis.
895 2890 898 2899 ’

331 3006 495 3100 Populus.
548 3006 800 3098 Sanctificetur,
829 3018 891 3081 etc.

332 3119 518 3195 Sacerdos.
571 3120 671 3193 Pater
697 3133 824 3211 sancte,
851 3127 906 3218 qui
936 3123 1026 3197 bona
1052 3124 1226 3196 voluntate
1252 3134 1308 3196 tua
1337 3132 1371 3194 ct
1396 3144 1458 3218 per
1483 3120 1602 3193 Filium

227 3235 411 3308 naturalem
440 3248 530 3309 tuum
555 3237 696 3329 largitus
722 3259 760 3310 es
787 3239 897 3325 nobis,
923 3249 960 3310 ut
985 3237 1041 3310 filii
1068 3242 1114 3310 tui
1140 3260 1343 3311 vocaremur
1371 3259 1433 3333 per
1459 3241 1602 3330 gratiam

229 3362 336 3423 tuam:
370 3350 495 3423 idcirco
524 3351 743 3447 deprecamur
768 3363 802 3424 te
835 3362 870 3423 ut
896 3353 1016 3446 dignos
1042 3354 1165 3427 efficias
1192 3375 1256 3426 nos
1283 3375 1400 3425 omnes
1428 3355 1603 3424 sanctitate

229 3470 371 3539 nominis
405 3470 451 3539 tui
485 3478 518 3539 ct
551 3488 658 3558 regno
691 3476 748 3538 tuo
782 3478 941 3556 aeterno,
974 3468 1241 3563 liberationeque
1277 3468 1490 3558 amaligno,
1522 3476 1604 3539 cta

229 3582 467 3654 tentationibus
493 3582 669 3673 gravibus,
696 3585 773 3677 quia
800 3593 888 3654 tunm
915 3594 969 3656 est
994 3606 1135 3677 reguum
1162 3594 1197 3655 et
1223 3583 1443 3672 excellentia,
1476 3591 1510 3653 et
1534 3604 1604 3678 po·

229 3700 332 3768 tentia
366 3705 400 3767 ct
438 3695 528 3783 laus,
561 3707 597 3768 ut
631 3700 729 3769 etiam
770 3701 928 3791 unigeniti
962 3701 1036 3773 Filii
1072 3704 1135 3789 tui,
1176 3710 1210 3772 et
1242 3700 1385 3796 Spiritus
1419 3702 1466 3770 tui
1499 3699 1605 3768 sancti

229 3833 330 3900 nnnc,
357 3822 420 3883 etc.

336 3926 498 4019 Populus.
551 3926 672 3997 Amen.
714 4008 726 4031 ,

337 4040 521 4113 Sacerdos.
575 4039 658 4112 Pax.

208 4184 215 4191 ·
338 4154 500 4247 Populus.
554 4153 599 4226 Et
624 4178 700 4228 cum
725 4156 840 4251 spiritu
865 4164 933 4227 tuo.

339 4269 527 4340 Diaconos.
581 4268 705 4341 Coram
731 4269 876 4341 Domino
904 4280 967 4342 etc.

339 4384 500 4477 Populus.
555 4383 679 4457 Coram
706 4396 749 4458 te.

339 4497 523 4569 Sacerdos.
578 4498 703 4574 Coram
735 4503 883 4596 potentia
918 4503 1101 4594 majestatis
1136 4511 1214 4572 tuae
1246 4500 1390 4571 Domine
1415 4498 1609 4573 inclinamus

236 4613 325 4686 oolla
350 4623 480 4704 nostra,
506 4624 541 4685 et
567 4636 642 4688 cum
667 4616 827 4712 lacrymis
854 4618 1073 4710 suspiriisque
1104 4615 1325 4710 deprecamur
1350 4622 1401 4701 tc,
1428 4621 1464 4684 ut
1489 4612 1611 4705 dignos

237 4728 360 4800 efficias
386 4750 450 4802 nos
477 4733 690 4825 susceptione
717 4733 952 4827 mysteriorum
978 4732 1117 4803 istorum
1145 4737 1348 4823 sanctorum,
1375 4738 1410 4799 et
1429 4728 1612 4801 vivifican-

236 4845 330 4934 tium,
356 4847 509 4938 corporis
536 4853 570 4915 et
596 4848 768 4940 sanguinis
800 4848 962 4939 unigeniti
994 4844 1069 4917 Filii
1096 4846 1160 4932 tui,
1187 4853 1221 4915 et
1248 4845 1314 4915 sint
1340 4841 1383 4915 ad
1415 4840 1514 4915 nobis
1541 4863 1612 4912 ex-

238 4961 419 5053 piationem
446 4957 657 5051 delictorum,
691 4964 924 5035 remissionem
958 4969 1195 5057 peecatum
1228 4966 1262 5030 et
1292 4960 1396 5031 vitam
1423 4967 1612 5030 aeternam:

285 5096 372 5141 rcum
385 5096 410 5140 u.
1356 5074 1407 5149 46
