4525 6034
557 572 611 651 Ill
640 571 929 650 Ll'llillllllS
961 568 1229 651 SllllllCAS.
1497 570 1570 645 123

214 757 312 824 sertim
334 775 409 819 vero
431 756 615 839 Baptismum
636 765 669 822 et
689 755 909 820 Eucharistiam
928 758 1100 841 designant,
1121 763 1156 818 nt
1177 774 1218 818 ex
1230 754 1451 819 recentioribus
1466 754 1572 819 'ibeo-

212 858 287 942 logis
309 856 496 920 manifestum
518 865 574 921 est.
618 858 663 922 En
691 874 813 938 quoque
842 858 974 937 mhone,
1001 857 1249 920 Nestorianorum
1279 853 1450 919 Catholicos
1477 855 1571 934 Elias,

213 974 286 1020 voce
307 957 437 1020 Arabica
459 957 545 1038 cujus
566 958 614 1020 vis
637 956 742 1026 eadem
771 962 838 1033 est,
864 973 950 1019 sacra
973 956 1116 1038 mysteria
1137 954 1299 1036 appellavit
1320 957 1351 1017 in
1371 954 1570 1036 Expositione

211 1056 278 1119 lidei
301 1056 495 1120 Christianae.
539 1056 572 1119 ln
594 1058 692 1138 prima
711 1055 762 1118 illa
784 1057 961 1136 acceptione
983 1072 1044 1118 von
1067 1056 1143 1136 Syra
1165 1046 1298 1140 τελετήν
1318 1072 1374 1117 seu
1388 1055 1571 1120 Sacramen-

211 1163 270 1218 tum
290 1155 497 1219 Eucharistiae
510 1156 698 1238 significabit.
742 1155 864 1233 Verum,
883 1164 1021 1237 utsupra
1043 1154 1281 1229 observavimus,
1303 1172 1369 1215 cum
1381 1152 1486 1217 eadem
1508 1173 1570 1217 vox
1594 1201 1599 1210 .

214 1253 385 1318 Ccrhoaem
407 1273 528 1337 quoque
549 1255 710 1338 significet,
733 1261 764 1317 et
785 1255 826 1316 ita
839 1255 1005 1339 appellatas
1028 1262 1158 1332 constet,
1180 1271 1241 1316 non
1263 1253 1378 1334 aspris
1392 1253 1493 1332 modo,
1515 1255 1571 1318 sed

210 1373 227 1416 a
254 1355 381 1435 Coptitis
413 1356 575 1437 particulas
609 1356 696 1437 panis
725 1354 925 1417 Eucharistici
952 1356 1137 1431 consecrati,
1159 1371 1215 1433 per
1243 1352 1447 1434 metaphoram
1474 1373 1491 1415 a
1520 1352 1571 1414 vi-

209 1455 291 1518 sione
316 1455 413 1518 Isaiae
435 1473 626 1537 expressam,
650 1473 747 1536 aeque
773 1453 842 1516 huic
870 1454 939 1517 loco
961 1455 1036 1517 haec
1065 1453 1242 1535 significatio
1268 1458 1371 1533 potest
1397 1454 1571 1517 convenire..

209 1551 378 1618 Secundum
400 1554 478 1617 banc
499 1553 748 1638 significationem
770 1552 884 1616 dicunt:
909 1552 1010 1616 Carbo
1027 1554 1259 1633 propitiatores
1280 1554 1420 1631 corporis
1440 1561 1471 1614 et
1491 1571 1569 1615 son·
1616 1551 1700 1606 irata
1716 1570 1739 1605 e.
1755 1554 1783 1608 ⁶·

207 1655 307 1733 oeae
331 1653 445 1716 Chalae
463 1654 536 1732 Dei,
559 1655 628 1736 quia
650 1653 729 1734 apud
750 1651 928 1734 Prophetam
949 1654 1077 1736 legitur:
1104 1651 1186 1714 Ecce
1207 1652 1303 1731 tetipit
1322 1651 1380 1713 boc
1401 1650 1485 1713 lobio
1506 1661 1570 1729 too,

208 1759 238 1813 et
264 1752 423 1832 meretur
453 1755 596 1834 inipmtns
624 1761 691 1830 hro,
724 1760 754 1815 el
779 1759 939 1832 peccatine
973 1761 1054 1814 naun
1072 1749 1281 1815 maradohitarr.
1325 1749 1440 1812 Dicitur
1473 1759 1571 1813 autem

207 1837 338 1936 τελετή,
360 1846 416 1915 se'u
438 1851 548 1931 carbo,
571 1854 710 1933 corporis
732 1859 764 1915 et
785 1852 939 1935 sanguims
963 1851 1091 1930 Christi,
1114 1852 1182 1931 quia
1204 1849 1351 1931 particula
1380 1868 1457 1931 quae
1485 1867 1572 1920 corn-

207 1952 427 2014 municantibus
448 1951 628 2032 praebetur,
650 1970 709 2032 per
730 1952 870 2015 unionem
893 1969 948 2015 seu
973 1941 1080 2036 Ἀγίαν
1107 1945 1235 2030 lincoln,
1266 1950 1305 2013 de
1333 1968 1392 2031 qua
1420 1919 1572 2030 sudemus,

207 2057 239 2114 et
268 2051 492 2129 intinctionem,
527 2050 691 2114 secundum
725 2068 910 2113 communem
938 2050 1134 2114 Orientalium
1161 2049 1265 2128 fidem,
1302 2050 1434 2112 continet
1461 2065 1572 2129 corpus

210 2150 321 2214 Christi
344 2158 375 2213 et
395 2152 589 2233 sauguinem,
611 2158 644 2213 nt
665 2151 754 2213 etiam
775 2158 860 2233 gutta
883 2150 1071 2231 quantumvis
1093 2151 1210 2212 minima
1238 2169 1278 2213 ex
1300 2148 1404 2213 calice.
1448 2147 1574 2211 Doctri-

208 2268 274 2311 nam
297 2250 378 2312 enim
405 2251 672 2328 concomitomm,
701 2258 734 2311 ut
763 2249 867 2313 schola
894 2250 988 2333 vulgo
1016 2249 1165 2331 loquitur,
1191 2266 1252 2312 non
1266 2250 1376 2312 ‘minos
1406 2267 1493 2329 quam
1515 2265 1571 2310 nos
1727 2307 1730 2310 ,

208 2357 395 2431 agnoscunt,
416 2356 450 2412 ut
472 2348 510 2412 de
533 2349 657 2412 Graecis
679 2349 897 2413 recentioribus
920 2350 1083 2431 perspicue
1096 2357 1225 2426 constat,
1248 2368 1288 2412 ex
1301 2348 1442 2430 Epistolis
1461 2346 1573 2410 bleletii
1620 2348 1696 2416 opu.
1722 2345 1893 2418 tior-1⁰⁶-

205 2448 281 2530 Pige
309 2448 502 2512 Patriarchae
531 2447 744 2527 Alexandrini,
775 2466 794 2511 a
821 2447 909 2513 nobis
944 2450 1041 2513 editis.
1091 2450 1138 2513 De
1168 2447 1387 2527 Orientalibus,
1421 2448 1477 2511 etsi
1507 2442 1608 2509 rem²⁸
1625 2451 1675 2502 'tl-

208 2548 304 2628 ipsam
329 2548 516 2630 Theologice
538 2555 842 2623 contrectaverunt,
866 2567 928 2612 non
948 2550 1046 2612 mium
1068 2558 1182 2612 certum
1205 2558 1313 2612 estex
1335 2547 1485 2612 constanti
1500 2546 1573 2610 illo-

206 2666 273 2710 rum
296 2648 473 2729 disciplina,
495 2647 659 2710 secundum
682 2666 787 2729 quam,
809 2648 879 2711 dum
900 2649 1041 2722 viaticum
1062 2649 1184 2712 infirmis
1206 2648 1355 2725 deterunt,
1378 2648 1472 2710 solam
1486 2647 1572 2728 penis

209 2749 380 2811 consecrati
403 2746 578 2828 particulam
600 2746 658 2810 illis
681 2746 836 2828 praebent
879 2746 1060 2827 infantibus,
1091 2751 1118 2812 si
1143 2748 1221 2811 illam
1244 2747 1393 2831 deglutire
1415 2765 1475 2810 nou
1497 2763 1573 2826 pos-

209 2855 291 2927 sunt,
316 2847 412 2930 digito
434 2847 464 2908 in
486 2846 582 2909 calice
604 2846 727 2909 intincto
749 2848 871 2928 plenam
893 2848 1030 2928 corporis
1061 2856 1091 2911 et
1113 2848 1268 2930 sanguinis
1299 2847 1410 2913 Christi
1437 2864 1574 2909 commu-

118 2953 124 2970 *
208 2948 329 3008 nionem
352 2945 424 3008 dare
446 2964 482 3008 se
503 2965 564 3009 non
586 2945 728 3009 dubitant
772 2946 855 3009 llaec
876 2953 974 3009 autem
996 2945 1092 3018 insius
1115 2948 1254 3030 exposita
1276 2956 1345 3012 sunt
1366 2948 1396 3010 iu
1411 2946 1574 3009 Commen-

207 3047 284 3108 tario
308 3046 347 3107 ad
368 3044 470 3107 Basilii
491 3044 645 3127 Copticam
668 3046 848 3127 Liturgiam,
872 3053 903 3107 et
925 3045 994 3108 abbi
1021 3065 1089 3110 cum
1117 3046 1156 3110 de
1186 3047 1401 3111 Communione
1430 3046 1485 3110 sub
1515 3064 1573 3108 una

208 3145 257 3207 vel
279 3153 409 3225 unaque
431 3147 534 3226 specie
558 3154 715 3209 tractatum
737 3154 799 3208 est:
822 3163 901 3227 quae
922 3155 1065 3227 repetere
1086 3164 1165 3228 opus
1186 3165 1247 3209 non
1269 3152 1326 3224 est,
1348 3144 1514 3209 cumvalde
1527 3146 1573 3208 si-

208 3245 285 3307 milis
308 3244 421 3324 ubique
444 3245 500 3307 bac
521 3245 551 3307 in
574 3253 661 3326 parte
683 3247 721 3308 sit
744 3244 939 3308 Orientalium
961 3245 1126 3327 disciplina.
1215 3237 1221 3248 ’

295 3343 439 3425 Sequitur
461 3345 490 3406 in
519 3345 628 3407 eodem
655 3343 758 3407 Obicio
780 3346 928 3407 communi
951 3344 1126 3408 Colbertino
1156 3345 1351 3410 Sacerdotem
1374 3354 1501 3426 portare
1523 3345 1576 3406 di-

209 3461 293 3505 rcom
316 3444 463 3519 dextera,
490 3445 615 3506 calicem
641 3446 785 3506 noceo:
813 3463 936 3525 comme
959 3464 1140 3526 propterera
1165 3445 1259 3524 fuerit
1283 3465 1304 3508 c
1328 3454 1418 3536 perpe
1445 3451 1575 3524 septem-

208 3543 336 3604 trionali
357 3544 401 3604 od
421 3545 595 3622 ambulent,
617 3544 737 3606 choors
758 3544 925 3623 dexteram,
949 3523 1124 3625 hmepredl
1134 3547 1277 3627 mysterio
1293 3546 1359 3608 sive
1373 3544 1575 3622 Sacramenta,

209 3640 267 3703 hoc
292 3650 341 3705 est
363 3650 449 3705 extra
471 3642 670 3705 sanctuarium
694 3640 816 3721 deferri,
840 3645 883 3705 od
903 3645 1138 3706 commonionem
1158 3643 1266 3706 Laicis
1287 3653 1316 3706 et
1335 3651 1442 3723 posteo
1461 3644 1575 3723 foenri-

208 3743 258 3803 nis
279 3743 519 3822 impertiendam.
563 3741 645 3804 llaec
667 3744 856 3806 caeremonia
879 3743 1104 3806 accuratissime
1126 3743 1307 3807 describitur
1329 3745 1358 3805 in
1381 3743 1489 3806 llituali
1512 3740 1576 3805 Ga·

209 3838 315 3903 brielis
338 3840 528 3904 Patriarchae
549 3839 763 3920 Alexandrini,
792 3840 829 3903 ab
858 3841 974 3905 Autore
996 3843 1141 3905 scientiae
1163 3842 1411 3919 Ecclesiasticae,
1439 3850 1469 3905 et
1499 3841 1575 3904 aliis.

211 3940 355 4014 Quamvis
386 3948 485 4003 autem
511 3941 616 4022 paucis
642 3940 745 4004 verbis
772 3940 852 4003 illam
875 3942 990 4022 Syriaci
1012 3942 1145 4005 Ritnales
1175 3943 1331 4022 definiant,
1361 3941 1458 4023 qualis
1487 3941 1577 4006 inerit

210 4038 394 4102 sufficienter
415 4039 598 4122 intelligitur.
643 4039 752 4103 Discus
775 4039 853 4102 enim
876 4059 964 4103 sacer
985 4041 1147 4122 particulas
1169 4041 1258 4103 habet
1270 4049 1476 4120 consecratas,
1498 4061 1576 4123 quae

210 4138 385 4214 elevantur,
408 4146 440 4202 et
463 4140 673 4202 ostenduntur.
717 4138 777 4221 lpsi
799 4149 896 4202 auem
919 4140 1121 4203 Protestaotes
1145 4141 1344 4204 elevationem
1370 4141 1577 4204 Eucharistiae

211 4256 281 4301 cum
312 4239 380 4319 ejus
408 4239 584 4302 adoratione
617 4246 776 4320 tantopere
804 4239 993 4321 conjunctam
1019 4239 1171 4321 judicant,
1201 4248 1234 4304 ut
1261 4241 1342 4322 qnod
1364 4240 1444 4303 illam
1466 4258 1577 4304 caere-

211 4337 341 4400 moniam
375 4338 405 4399 in
435 4337 558 4401 Graecis
589 4337 749 4401 (lodicibus
778 4338 876 4401 multis
905 4356 965 4402 non
993 4340 1179 4420 reperirent,
1213 4358 1272 4403 non
1302 4341 1421 4403 adorari
1451 4340 1488 4404 ab
1518 4341 1575 4404 illis

210 4436 430 4500 Eucharistiam
460 4437 679 4500 alllrmaverint
733 4438 829 4522 igitur
862 4439 951 4501 etiam
986 4458 1027 4502 ex
1060 4438 1179 4502 illorum
1207 4442 1355 4503 sententia
1389 4441 1441 4504 uhi
1469 4439 1576 4504 eleva·

211 4543 279 4616 tur,
313 4537 471 4599 adoratur:
506 4544 597 4618 atque
624 4536 701 4600 adeo
730 4531 799 4600 cum
821 4537 959 4602 elevetur
980 4539 1059 4620 apud
1083 4539 1190 4621 Syros,
1212 4540 1332 4604 adorari
1354 4559 1473 4622 quoque
1496 4541 1575 4604 illam

211 4653 342 4699 necesse
361 4644 417 4699 est
446 4637 559 4699 Verum
577 4637 674 4699 cultus
696 4636 747 4699 ille
769 4637 931 4722 religiosus
954 4646 1013 4700 tam
1035 4639 1202 4720 perspicuis
1225 4640 1408 4723 argumentis
1432 4643 1575 4721 probatus

211 4743 260 4798 est
289 4737 320 4798 in
349 4734 569 4799 Commentario
597 4737 634 4799 ad
662 4736 825 4817 Liturgiam
855 4737 955 4801 Basilii
978 4737 1148 4820 Copticam,
1177 4748 1207 4804 et
1229 4740 1314 4819 alibi,
1336 4748 1370 4803 ut
1391 4741 1497 4805 eadem
1519 4758 1577 4804 re-

211 4839 320 4922 petere
342 4853 471 4899 necesse
493 4853 553 4898 non
575 4837 627 4900 sit:
650 4853 717 4899 cnm
739 4836 808 4899 talia
830 4837 904 4916 sint,
928 4845 961 4899 ut
983 4837 1100 4901 illorum
1122 4840 1169 4903 vis
1198 4848 1230 4903 et
1258 4840 1403 4902 autoritas
1434 4859 1490 4922 per
1516 4839 1576 4904 lri-
1651 4853 1658 4859 ’

212 4933 300 4996 volas
336 4935 540 5000 cavillationes
570 4935 651 5000 eludi
681 4946 841 5017 nequeant.
884 4937 1088 5019 Eprediunhrr
1107 4941 1268 5022 mysterio,
1299 4942 1369 5020 qnia
1393 4940 1492 5011 Laicis
1526 4941 1576 5003 iu-

212 5039 261 5094 tra
302 5037 502 5098 sanctuarium
536 5036 775 5100 communionem
803 5038 942 5118 accipere
974 5054 1035 5100 non
1066 5036 1149 5101 licet:
1178 5038 1269 5103 multo
1299 5040 1396 5104 minus
1427 5039 1574 5124 foeminis,

252 5169 374 5215 mauu
1322 5159 1369 5233 19
