<?xml version="1.0" encoding="UTF-8"?>
<!DOCTYPE html PUBLIC "-//W3C//DTD XHTML 1.0 Transitional//EN"
    "http://www.w3.org/TR/xhtml1/DTD/xhtml1-transitional.dtd">
<html xmlns="http://www.w3.org/1999/xhtml" xml:lang="en" lang="en">
 <head>
  <title>
</title>
<meta http-equiv="Content-Type" content="text/html;charset=utf-8" />
  <meta name='ocr-system' content='tesseract 3.04.00' />
  <meta name='ocr-capabilities' content='ocr_page ocr_carea ocr_par ocr_line ocrx_word'/>
</head>
<body>
  <div class='ocr_page' id='page_1' title='image "./liturgiarumorie00unkngoog/liturgiarumorie00unkngoog_0432.png"; bbox 0 0 4525 6034; ppageno 0'>
   <div class='ocr_carea' id='block_1_1' title="bbox 681 560 1622 642">
    <p class='ocr_par' dir='ltr' id='par_1_1' title="bbox 681 560 1622 642">
     <span class='ocr_line' id='line_1_1' title="bbox 681 560 1622 642; baseline 0.003 -4"><span class='ocrx_word' id='word_1_1' title='bbox 681 565 757 640; x_wconf 82' lang='lat'><strong>268</strong></span> <span class='ocrx_word' id='word_1_2' title='bbox 1186 560 1622 642; x_wconf 78' lang='lat' dir='ltr'><strong>COMMENTARIUS</strong></span> 
     </span>
    </p>
   </div>
   <div class='ocr_carea' id='block_1_2' title="bbox 677 746 2114 3422">
    <p class='ocr_par' dir='ltr' id='par_1_2' title="bbox 678 746 2048 1132">
     <span class='ocr_line' id='line_1_2' title="bbox 679 746 2048 827; baseline 0.002 -16"><span class='ocrx_word' id='word_1_3' title='bbox 679 751 763 813; x_wconf 90' lang='lat' dir='ltr'><strong>minit</strong></span> <span class='ocrx_word' id='word_1_4' title='bbox 785 751 892 813; x_wconf 91' lang='lat' dir='ltr'><strong>Petrus</strong></span> <span class='ocrx_word' id='word_1_5' title='bbox 914 748 1092 812; x_wconf 89' lang='lat' dir='ltr'><strong>Lambecius</strong></span> <span class='ocrx_word' id='word_1_6' title='bbox 1115 746 1319 811; x_wconf 78' lang='lat' dir='ltr'>Bibliothecae</span> <span class='ocrx_word' id='word_1_7' title='bbox 1344 747 1515 813; x_wconf 77' lang='lat' dir='ltr'><strong>Caesareae</strong></span> <span class='ocrx_word' id='word_1_8' title='bbox 1537 751 1558 814; x_wconf 90' lang='lat' dir='ltr'><strong>l.</strong></span> <span class='ocrx_word' id='word_1_9' title='bbox 1581 751 1612 815; x_wconf 89' lang='lat'><strong>8.</strong></span> <span class='ocrx_word' id='word_1_10' title='bbox 1636 757 1667 813; x_wconf 90' lang='lat' dir='ltr'><strong>et</strong></span> <span class='ocrx_word' id='word_1_11' title='bbox 1688 750 1840 814; x_wconf 87' lang='lat' dir='ltr'><strong>Anastasii</strong></span> <span class='ocrx_word' id='word_1_12' title='bbox 1862 748 2048 827; x_wconf 85' lang='lat' dir='ltr'><strong>Sinaitae,dc</strong></span> 
     </span>
     <span class='ocr_line' id='line_1_3' title="bbox 680 846 2046 933; baseline 0.001 -21"><span class='ocrx_word' id='word_1_13' title='bbox 680 851 785 913; x_wconf 91' lang='lat' dir='ltr'><strong>eodem</strong></span> <span class='ocrx_word' id='word_1_14' title='bbox 810 857 997 933; x_wconf 80' lang='lat' dir='ltr'><strong>argumento.</strong></span> <span class='ocrx_word' id='word_1_15' title='bbox 1042 848 1127 911; x_wconf 89' lang='lat' dir='ltr'><strong>Unde</strong></span> <span class='ocrx_word' id='word_1_16' title='bbox 1156 850 1186 911; x_wconf 92' lang='lat' dir='ltr'><strong>in</strong></span> <span class='ocrx_word' id='word_1_17' title='bbox 1210 846 1382 911; x_wconf 87' lang='lat' dir='ltr'><strong>Canonibus</strong></span> <span class='ocrx_word' id='word_1_18' title='bbox 1409 851 1672 931; x_wconf 76' lang='lat' dir='ltr'><strong>poenitentialibus</strong></span> <span class='ocrx_word' id='word_1_19' title='bbox 1696 851 1805 925; x_wconf 89' lang='lat' dir='ltr'><strong>variis,</strong></span> <span class='ocrx_word' id='word_1_20' title='bbox 1827 857 1886 911; x_wconf 83' lang='lat' dir='ltr'><strong>tum</strong></span> <span class='ocrx_word' id='word_1_21' title='bbox 1908 850 2046 914; x_wconf 75' lang='lat' dir='ltr'><strong>Arabicis</strong></span> 
     </span>
     <span class='ocr_line' id='line_1_4' title="bbox 679 947 2048 1032; baseline 0.001 -20"><span class='ocrx_word' id='word_1_22' title='bbox 679 969 768 1031; x_wconf 84' lang='lat' dir='ltr'><strong>quam</strong></span> <span class='ocrx_word' id='word_1_23' title='bbox 791 950 934 1031; x_wconf 90' lang='lat' dir='ltr'><strong>Syriacis,</strong></span> <span class='ocrx_word' id='word_1_24' title='bbox 956 949 1140 1029; x_wconf 87' lang='lat' dir='ltr'><strong>poenitentia</strong></span> <span class='ocrx_word' id='word_1_25' title='bbox 1163 947 1379 1028; x_wconf 77' lang='lat' dir='ltr'><strong>praescribitur</strong></span> <span class='ocrx_word' id='word_1_26' title='bbox 1401 948 1548 1013; x_wconf 89' lang='lat' dir='ltr'><strong>adversus</strong></span> <span class='ocrx_word' id='word_1_27' title='bbox 1571 968 1636 1026; x_wconf 89' lang='lat' dir='ltr'><strong>eos,</strong></span> <span class='ocrx_word' id='word_1_28' title='bbox 1664 951 1716 1032; x_wconf 85' lang='lat' dir='ltr'><strong>qui</strong></span> <span class='ocrx_word' id='word_1_29' title='bbox 1738 949 1933 1013; x_wconf 88' lang='lat' dir='ltr'><strong>contrahanc</strong></span> <span class='ocrx_word' id='word_1_30' title='bbox 1956 950 2048 1013; x_wconf 91' lang='lat' dir='ltr'><strong>disci·</strong></span> 
     </span>
     <span class='ocr_line' id='line_1_5' title="bbox 678 1049 1482 1132; baseline 0.002 -20"><span class='ocrx_word' id='word_1_31' title='bbox 678 1051 789 1132; x_wconf 85' lang='lat' dir='ltr'><strong>plinam</strong></span> <span class='ocrx_word' id='word_1_32' title='bbox 813 1058 1029 1131; x_wconf 87' lang='lat' dir='ltr'><strong>peccaverunt,</strong></span> <span class='ocrx_word' id='word_1_33' title='bbox 1051 1050 1137 1112; x_wconf 87' lang='lat' dir='ltr'><strong>utin</strong></span> <span class='ocrx_word' id='word_1_34' title='bbox 1161 1049 1284 1112; x_wconf 85' lang='lat' dir='ltr'><strong>Graecis</strong></span> <span class='ocrx_word' id='word_1_35' title='bbox 1308 1055 1338 1110; x_wconf 92' lang='lat' dir='ltr'><strong>et</strong></span> <span class='ocrx_word' id='word_1_36' title='bbox 1358 1049 1482 1114; x_wconf 87' lang='lat' dir='ltr'><strong>Latinis.</strong></span> 
     </span>
    </p>

    <p class='ocr_par' dir='ltr' id='par_1_3' title="bbox 677 1148 2050 2324">
     <span class='ocr_line' id='line_1_6' title="bbox 766 1148 2046 1213; baseline 0 -1"><span class='ocrx_word' id='word_1_37' title='bbox 766 1151 832 1212; x_wconf 88' lang='lat' dir='ltr'><strong>Pari</strong></span> <span class='ocrx_word' id='word_1_38' title='bbox 855 1151 972 1213; x_wconf 86' lang='lat' dir='ltr'><strong>ratione</strong></span> <span class='ocrx_word' id='word_1_39' title='bbox 994 1148 1166 1211; x_wconf 88' lang='lat' dir='ltr'><strong>excluditur</strong></span> <span class='ocrx_word' id='word_1_40' title='bbox 1195 1149 1444 1212; x_wconf 89' lang='lat' dir='ltr'><strong>acommunioue</strong></span> <span class='ocrx_word' id='word_1_41' title='bbox 1474 1148 1584 1211; x_wconf 89' lang='lat' dir='ltr'><strong>Laicus</strong></span> <span class='ocrx_word' id='word_1_42' title='bbox 1615 1156 1645 1211; x_wconf 90' lang='lat' dir='ltr'><strong>ct</strong></span> <span class='ocrx_word' id='word_1_43' title='bbox 1668 1148 1820 1211; x_wconf 82' lang='lat' dir='ltr'><strong>Sacerdos</strong></span> <span class='ocrx_word' id='word_1_44' title='bbox 1851 1167 1869 1210; x_wconf 91' lang='lat' dir='ltr'><strong>a</strong></span> <span class='ocrx_word' id='word_1_45' title='bbox 1898 1149 2046 1212; x_wconf 81' lang='lat' dir='ltr'><strong>sacrificio</strong></span> 
     </span>
     <span class='ocr_line' id='line_1_7' title="bbox 679 1247 2049 1331; baseline 0 -21"><span class='ocrx_word' id='word_1_46' title='bbox 679 1249 862 1312; x_wconf 84' lang='lat' dir='ltr'><strong>celebrando</strong></span> <span class='ocrx_word' id='word_1_47' title='bbox 890 1251 940 1331; x_wconf 87' lang='lat' dir='ltr'><strong>qui</strong></span> <span class='ocrx_word' id='word_1_48' title='bbox 966 1267 1022 1331; x_wconf 91' lang='lat' dir='ltr'><strong>per</strong></span> <span class='ocrx_word' id='word_1_49' title='bbox 1049 1250 1197 1311; x_wconf 90' lang='lat' dir='ltr'><strong>somnium</strong></span> <span class='ocrx_word' id='word_1_50' title='bbox 1225 1247 1393 1310; x_wconf 83' lang='lat' dir='ltr'><strong>illusionem</strong></span> <span class='ocrx_word' id='word_1_51' title='bbox 1424 1266 1532 1329; x_wconf 89' lang='lat' dir='ltr'><strong>passus</strong></span> <span class='ocrx_word' id='word_1_52' title='bbox 1562 1257 1625 1324; x_wconf 84' lang='lat' dir='ltr'><strong>est,</strong></span> <span class='ocrx_word' id='word_1_53' title='bbox 1654 1266 1716 1311; x_wconf 94' lang='lat' dir='ltr'><strong>non</strong></span> <span class='ocrx_word' id='word_1_54' title='bbox 1745 1248 1824 1330; x_wconf 85' lang='lat' dir='ltr'><strong>quod</strong></span> <span class='ocrx_word' id='word_1_55' title='bbox 1847 1247 1962 1310; x_wconf 91' lang='lat' dir='ltr'><strong>idcirco</strong></span> <span class='ocrx_word' id='word_1_56' title='bbox 1991 1249 2049 1330; x_wconf 50' lang='lat' dir='ltr'><strong>imf</strong></span> 
     </span>
     <span class='ocr_line' id='line_1_8' title="bbox 679 1347 2048 1429; baseline 0 -19"><span class='ocrx_word' id='word_1_57' title='bbox 679 1350 806 1411; x_wconf 91' lang='lat' dir='ltr'><strong>mundus</strong></span> <span class='ocrx_word' id='word_1_58' title='bbox 829 1352 884 1429; x_wconf 91' lang='lat' dir='ltr'><strong>sit,</strong></span> <span class='ocrx_word' id='word_1_59' title='bbox 908 1357 940 1411; x_wconf 91' lang='lat' dir='ltr'><strong>ut</strong></span> <span class='ocrx_word' id='word_1_60' title='bbox 967 1349 1095 1412; x_wconf 89' lang='lat' dir='ltr'><strong>habetur</strong></span> <span class='ocrx_word' id='word_1_61' title='bbox 1126 1350 1155 1410; x_wconf 89' lang='lat' dir='ltr'><strong>iu</strong></span> <span class='ocrx_word' id='word_1_62' title='bbox 1178 1349 1323 1429; x_wconf 76' lang='lat' dir='ltr'><strong>Syrorum</strong></span> <span class='ocrx_word' id='word_1_63' title='bbox 1345 1348 1575 1411; x_wconf 88' lang='lat' dir='ltr'><strong>Nomocanonc:</strong></span> <span class='ocrx_word' id='word_1_64' title='bbox 1606 1347 1660 1411; x_wconf 90' lang='lat' dir='ltr'><strong>sed</strong></span> <span class='ocrx_word' id='word_1_65' title='bbox 1694 1347 1733 1411; x_wconf 89' lang='lat' dir='ltr'><strong>cb</strong></span> <span class='ocrx_word' id='word_1_66' title='bbox 1763 1347 1907 1411; x_wconf 87' lang='lat' dir='ltr'><strong>bonorem</strong></span> <span class='ocrx_word' id='word_1_67' title='bbox 1936 1347 2048 1410; x_wconf 89' lang='lat' dir='ltr'><strong>Sacra·</strong></span> 
     </span>
     <span class='ocr_line' id='line_1_9' title="bbox 679 1446 2048 1530; baseline 0 -20"><span class='ocrx_word' id='word_1_68' title='bbox 679 1458 862 1511; x_wconf 89' lang='lat' dir='ltr'><strong>mentorum:</strong></span> <span class='ocrx_word' id='word_1_69' title='bbox 893 1456 983 1530; x_wconf 89' lang='lat' dir='ltr'><strong>atque</strong></span> <span class='ocrx_word' id='word_1_70' title='bbox 1012 1450 1051 1511; x_wconf 91' lang='lat' dir='ltr'><strong>ita</strong></span> <span class='ocrx_word' id='word_1_71' title='bbox 1081 1447 1214 1511; x_wconf 84' lang='lat' dir='ltr'><strong>lacobus</strong></span> <span class='ocrx_word' id='word_1_72' title='bbox 1243 1447 1428 1511; x_wconf 86' lang='lat' dir='ltr'><strong>Edesseuus.</strong></span> <span class='ocrx_word' id='word_1_73' title='bbox 1472 1449 1617 1511; x_wconf 89' lang='lat' dir='ltr'><strong>Permittit</strong></span> <span class='ocrx_word' id='word_1_74' title='bbox 1644 1455 1743 1509; x_wconf 85' lang='lat' dir='ltr'><strong>tamen</strong></span> <span class='ocrx_word' id='word_1_75' title='bbox 1773 1446 1939 1529; x_wconf 81' lang='lat' dir='ltr'><strong>Liturgiam</strong></span> <span class='ocrx_word' id='word_1_76' title='bbox 1964 1447 2048 1510; x_wconf 87' lang='lat' dir='ltr'><strong>ccle-</strong></span> 
     </span>
     <span class='ocr_line' id='line_1_10' title="bbox 680 1547 2048 1629; baseline -0.001 -18"><span class='ocrx_word' id='word_1_77' title='bbox 680 1552 770 1611; x_wconf 90' lang='lat' dir='ltr'><strong>brarc</strong></span> <span class='ocrx_word' id='word_1_78' title='bbox 792 1547 919 1610; x_wconf 89' lang='lat' dir='ltr'><strong>ltlicbael</strong></span> <span class='ocrx_word' id='word_1_79' title='bbox 941 1547 1088 1610; x_wconf 89' lang='lat' dir='ltr'><strong>blelicbae</strong></span> <span class='ocrx_word' id='word_1_80' title='bbox 1110 1548 1291 1629; x_wconf 86' lang='lat' dir='ltr'><strong>Episcopus,</strong></span> <span class='ocrx_word' id='word_1_81' title='bbox 1313 1548 1343 1608; x_wconf 86' lang='lat' dir='ltr'><strong>si</strong></span> <span class='ocrx_word' id='word_1_82' title='bbox 1362 1548 1461 1610; x_wconf 72' lang='lat' dir='ltr'><strong>mitris</strong></span> <span class='ocrx_word' id='word_1_83' title='bbox 1483 1549 1563 1610; x_wconf 75' lang='lat' dir='ltr'><strong>albis</strong></span> <span class='ocrx_word' id='word_1_84' title='bbox 1575 1547 1730 1610; x_wconf 77' lang='lat' dir='ltr'><strong>Sacerdos</strong></span> <span class='ocrx_word' id='word_1_85' title='bbox 1751 1555 1905 1622; x_wconf 80' lang='lat' dir='ltr'><strong>occurrat,</strong></span> <span class='ocrx_word' id='word_1_86' title='bbox 1927 1550 1980 1628; x_wconf 78' lang='lat' dir='ltr'><strong>qni</strong></span> <span class='ocrx_word' id='word_1_87' title='bbox 2000 1548 2048 1609; x_wconf 86' lang='lat' dir='ltr'><strong>die</strong></span> 
     </span>
     <span class='ocr_line' id='line_1_11' title="bbox 677 1647 2048 1728; baseline -0.001 -19"><span class='ocrx_word' id='word_1_88' title='bbox 677 1648 757 1728; x_wconf 75' lang='lat' dir='ltr'><strong>festo</strong></span> <span class='ocrx_word' id='word_1_89' title='bbox 781 1655 835 1709; x_wconf 83' lang='lat' dir='ltr'><strong>aut</strong></span> <span class='ocrx_word' id='word_1_90' title='bbox 856 1647 1007 1709; x_wconf 86' lang='lat' dir='ltr'><strong>dominica</strong></span> <span class='ocrx_word' id='word_1_91' title='bbox 1028 1650 1112 1709; x_wconf 86' lang='lat' dir='ltr'><strong>vices</strong></span> <span class='ocrx_word' id='word_1_92' title='bbox 1134 1649 1198 1727; x_wconf 83' lang='lat' dir='ltr'><strong>ejus</strong></span> <span class='ocrx_word' id='word_1_93' title='bbox 1219 1647 1342 1726; x_wconf 73' lang='lat' dir='ltr'><strong>explere</strong></span> <span class='ocrx_word' id='word_1_94' title='bbox 1364 1656 1454 1727; x_wconf 81' lang='lat' dir='ltr'><strong>queat</strong></span> <span class='ocrx_word' id='word_1_95' title='bbox 1462 1670 1477 1720; x_wconf 88' lang='lat'><em>;</em></span> <span class='ocrx_word' id='word_1_96' title='bbox 1500 1647 1695 1726; x_wconf 84' lang='lat' dir='ltr'><strong>praecipiens</strong></span> <span class='ocrx_word' id='word_1_97' title='bbox 1722 1654 1821 1708; x_wconf 89' lang='lat' dir='ltr'><strong>tamen</strong></span> <span class='ocrx_word' id='word_1_98' title='bbox 1839 1649 1926 1727; x_wconf 72' lang='lat' dir='ltr'><strong>pmice</strong></span> <span class='ocrx_word' id='word_1_99' title='bbox 1946 1655 1978 1710; x_wconf 90' lang='lat' dir='ltr'><strong>et</strong></span> <span class='ocrx_word' id='word_1_100' title='bbox 1997 1647 2048 1707; x_wconf 88' lang='lat' dir='ltr'><strong>ta-</strong></span> 
     </span>
     <span class='ocr_line' id='line_1_12' title="bbox 680 1747 2050 1827; baseline -0.002 -17"><span class='ocrx_word' id='word_1_101' title='bbox 680 1749 753 1810; x_wconf 85' lang='lat' dir='ltr'><strong>uari</strong></span> <span class='ocrx_word' id='word_1_102' title='bbox 773 1766 893 1826; x_wconf 85' lang='lat' dir='ltr'><strong>corpas,</strong></span> <span class='ocrx_word' id='word_1_103' title='bbox 915 1754 946 1808; x_wconf 90' lang='lat' dir='ltr'><strong>et</strong></span> <span class='ocrx_word' id='word_1_104' title='bbox 962 1747 1033 1826; x_wconf 68' lang='lat' dir='ltr'><strong>fieri</strong></span> <span class='ocrx_word' id='word_1_105' title='bbox 1052 1755 1241 1822; x_wconf 79' lang='lat' dir='ltr'><strong>nretunoeas,</strong></span> <span class='ocrx_word' id='word_1_106' title='bbox 1269 1764 1322 1808; x_wconf 80' lang='lat' dir='ltr'><strong>seu</strong></span> <span class='ocrx_word' id='word_1_107' title='bbox 1344 1749 1566 1826; x_wconf 64' lang='lat' dir='ltr'><strong>prostrationes</strong></span> <span class='ocrx_word' id='word_1_108' title='bbox 1592 1752 1709 1807; x_wconf 79' lang='lat' dir='ltr'><strong>cenbrm</strong></span> <span class='ocrx_word' id='word_1_109' title='bbox 1736 1747 1969 1827; x_wconf 76' lang='lat' dir='ltr'><strong>qninquapirrta;</strong></span> <span class='ocrx_word' id='word_1_110' title='bbox 1997 1753 2050 1807; x_wconf 85' lang='lat' dir='ltr'><strong>aut</strong></span> 
     </span>
     <span class='ocr_line' id='line_1_13' title="bbox 680 1844 2048 1910; baseline -0.001 -1"><span class='ocrx_word' id='word_1_111' title='bbox 680 1850 771 1910; x_wconf 87' lang='lat' dir='ltr'><strong>etiarn</strong></span> <span class='ocrx_word' id='word_1_112' title='bbox 794 1853 943 1907; x_wconf 82' lang='lat' dir='ltr'><strong>trecentas</strong></span> <span class='ocrx_word' id='word_1_113' title='bbox 970 1848 999 1908; x_wconf 87' lang='lat' dir='ltr'><strong>si</strong></span> <span class='ocrx_word' id='word_1_114' title='bbox 1026 1846 1181 1908; x_wconf 80' lang='lat' dir='ltr'><strong>Sacerdos</strong></span> <span class='ocrx_word' id='word_1_115' title='bbox 1201 1864 1331 1907; x_wconf 76' lang='lat' dir='ltr'><strong>acorem</strong></span> <span class='ocrx_word' id='word_1_116' title='bbox 1351 1865 1413 1908; x_wconf 87' lang='lat' dir='ltr'><strong>non</strong></span> <span class='ocrx_word' id='word_1_117' title='bbox 1433 1846 1553 1909; x_wconf 84' lang='lat' dir='ltr'><strong>babeat.</strong></span> <span class='ocrx_word' id='word_1_118' title='bbox 1598 1845 1688 1907; x_wconf 83' lang='lat' dir='ltr'><strong>Extat</strong></span> <span class='ocrx_word' id='word_1_119' title='bbox 1717 1847 1748 1907; x_wconf 90' lang='lat' dir='ltr'><strong>in</strong></span> <span class='ocrx_word' id='word_1_120' title='bbox 1778 1844 1963 1909; x_wconf 89' lang='lat' dir='ltr'><strong>Graecorum</strong></span> <span class='ocrx_word' id='word_1_121' title='bbox 1984 1844 2048 1908; x_wconf 90' lang='lat' dir='ltr'><strong>Eu-</strong></span> 
     </span>
     <span class='ocr_line' id='line_1_14' title="bbox 681 1945 2047 2027; baseline 0.001 -20"><span class='ocrx_word' id='word_1_122' title='bbox 681 1945 822 2027; x_wconf 80' lang='lat' dir='ltr'><strong>cbologic</strong></span> <span class='ocrx_word' id='word_1_123' title='bbox 844 1945 970 2007; x_wconf 90' lang='lat' dir='ltr'><strong>olllcium</strong></span> <span class='ocrx_word' id='word_1_124' title='bbox 992 1945 1030 2007; x_wconf 89' lang='lat' dir='ltr'><strong>ad</strong></span> <span class='ocrx_word' id='word_1_125' title='bbox 1052 1946 1130 2008; x_wconf 91' lang='lat' dir='ltr'><strong>illius</strong></span> <span class='ocrx_word' id='word_1_126' title='bbox 1154 1945 1355 2009; x_wconf 91' lang='lat' dir='ltr'><strong>immunditiae</strong></span> <span class='ocrx_word' id='word_1_127' title='bbox 1378 1948 1589 2027; x_wconf 84' lang='lat' dir='ltr'><strong>expiationem.</strong></span> <span class='ocrx_word' id='word_1_128' title='bbox 1624 1945 1764 2013; x_wconf 85' lang='lat' dir='ltr'><strong>Canones</strong></span> <span class='ocrx_word' id='word_1_129' title='bbox 1786 1954 1946 2027; x_wconf 89' lang='lat' dir='ltr'><strong>praeterea</strong></span> <span class='ocrx_word' id='word_1_130' title='bbox 1968 1964 2047 2027; x_wconf 90' lang='lat' dir='ltr'><strong>poe-</strong></span> 
     </span>
     <span class='ocr_line' id='line_1_15' title="bbox 681 2044 2047 2127; baseline 0.001 -19"><span class='ocrx_word' id='word_1_131' title='bbox 681 2044 863 2122; x_wconf 90' lang='lat' dir='ltr'><strong>nitentiales,</strong></span> <span class='ocrx_word' id='word_1_132' title='bbox 886 2044 965 2106; x_wconf 89' lang='lat' dir='ltr'><strong>banc</strong></span> <span class='ocrx_word' id='word_1_133' title='bbox 988 2044 1175 2126; x_wconf 89' lang='lat' dir='ltr'><strong>disciplinam</strong></span> <span class='ocrx_word' id='word_1_134' title='bbox 1198 2044 1383 2108; x_wconf 83' lang='lat' dir='ltr'><strong>confirmant.</strong></span> <span class='ocrx_word' id='word_1_135' title='bbox 1433 2046 1634 2109; x_wconf 88' lang='lat' dir='ltr'><strong>llenstruatas</strong></span> <span class='ocrx_word' id='word_1_136' title='bbox 1658 2063 1778 2127; x_wconf 85' lang='lat' dir='ltr'><strong>quoque</strong></span> <span class='ocrx_word' id='word_1_137' title='bbox 1800 2045 1954 2123; x_wconf 88' lang='lat' dir='ltr'><strong>mulieres,</strong></span> <span class='ocrx_word' id='word_1_138' title='bbox 1979 2054 2009 2108; x_wconf 91' lang='lat' dir='ltr'><strong>et</strong></span> <span class='ocrx_word' id='word_1_139' title='bbox 2030 2064 2047 2109; x_wconf 84' lang='lat' dir='ltr'><strong>a</strong></span> 
     </span>
     <span class='ocr_line' id='line_1_16' title="bbox 679 2143 2047 2226; baseline 0.001 -20"><span class='ocrx_word' id='word_1_140' title='bbox 679 2152 768 2226; x_wconf 90' lang='lat' dir='ltr'><strong>partu</strong></span> <span class='ocrx_word' id='word_1_141' title='bbox 789 2150 931 2206; x_wconf 88' lang='lat' dir='ltr'><strong>recentes</strong></span> <span class='ocrx_word' id='word_1_142' title='bbox 955 2162 972 2206; x_wconf 92' lang='lat' dir='ltr'><strong>a</strong></span> <span class='ocrx_word' id='word_1_143' title='bbox 996 2145 1204 2207; x_wconf 87' lang='lat' dir='ltr'><strong>communione</strong></span> <span class='ocrx_word' id='word_1_144' title='bbox 1227 2143 1406 2206; x_wconf 87' lang='lat' dir='ltr'><strong>excludunt:</strong></span> <span class='ocrx_word' id='word_1_145' title='bbox 1429 2153 1518 2225; x_wconf 89' lang='lat' dir='ltr'><strong>atque</strong></span> <span class='ocrx_word' id='word_1_146' title='bbox 1541 2144 1580 2207; x_wconf 90' lang='lat' dir='ltr'><strong>de</strong></span> <span class='ocrx_word' id='word_1_147' title='bbox 1597 2161 1632 2205; x_wconf 85' lang='lat' dir='ltr'><strong>ee</strong></span> <span class='ocrx_word' id='word_1_148' title='bbox 1645 2162 1681 2206; x_wconf 91' lang='lat' dir='ltr'><strong>re</strong></span> <span class='ocrx_word' id='word_1_149' title='bbox 1695 2150 1798 2206; x_wconf 82' lang='lat' dir='ltr'><strong>extant</strong></span> <span class='ocrx_word' id='word_1_150' title='bbox 1811 2143 2047 2207; x_wconf 85' lang='lat' dir='ltr'><strong>Constitutiones</strong></span> 
     </span>
     <span class='ocr_line' id='line_1_17' title="bbox 681 2242 1918 2324; baseline 0 -17"><span class='ocrx_word' id='word_1_151' title='bbox 681 2245 759 2308; x_wconf 87' lang='lat' dir='ltr'><strong>duae</strong></span> <span class='ocrx_word' id='word_1_152' title='bbox 783 2242 889 2307; x_wconf 87' lang='lat' dir='ltr'><strong>Severi</strong></span> <span class='ocrx_word' id='word_1_153' title='bbox 910 2242 1091 2306; x_wconf 84' lang='lat' dir='ltr'><strong>Antiocheni</strong></span> <span class='ocrx_word' id='word_1_154' title='bbox 1114 2252 1145 2307; x_wconf 90' lang='lat' dir='ltr'><strong>et</strong></span> <span class='ocrx_word' id='word_1_155' title='bbox 1166 2244 1272 2307; x_wconf 83' lang='lat' dir='ltr'><strong>iacobi</strong></span> <span class='ocrx_word' id='word_1_156' title='bbox 1293 2244 1452 2322; x_wconf 89' lang='lat' dir='ltr'><strong>Edesseni,</strong></span> <span class='ocrx_word' id='word_1_157' title='bbox 1473 2245 1506 2305; x_wconf 94' lang='lat' dir='ltr'><strong>in</strong></span> <span class='ocrx_word' id='word_1_158' title='bbox 1528 2243 1674 2324; x_wconf 81' lang='lat' dir='ltr'><strong>Syrorum</strong></span> <span class='ocrx_word' id='word_1_159' title='bbox 1694 2242 1918 2307; x_wconf 90' lang='lat' dir='ltr'><strong>Nomocanone.</strong></span> 
     </span>
    </p>

    <p class='ocr_par' dir='ltr' id='par_1_4' title="bbox 679 2341 2114 3422">
     <span class='ocr_line' id='line_1_18' title="bbox 768 2341 2061 2424; baseline 0 -19"><span class='ocrx_word' id='word_1_160' title='bbox 768 2342 889 2405; x_wconf 90' lang='lat' dir='ltr'><strong>Gabriel</strong></span> <span class='ocrx_word' id='word_1_161' title='bbox 911 2341 931 2403; x_wconf 87' lang='lat' dir='ltr'><strong>f.</strong></span> <span class='ocrx_word' id='word_1_162' title='bbox 955 2341 1062 2404; x_wconf 73' lang='lat' dir='ltr'><strong>&#39;lauch</strong></span> <span class='ocrx_word' id='word_1_163' title='bbox 1086 2344 1115 2404; x_wconf 92' lang='lat' dir='ltr'><strong>in</strong></span> <span class='ocrx_word' id='word_1_164' title='bbox 1139 2345 1213 2420; x_wconf 91' lang='lat' dir='ltr'><strong>suis,</strong></span> <span class='ocrx_word' id='word_1_165' title='bbox 1236 2351 1318 2407; x_wconf 87' lang='lat' dir='ltr'><strong>vetat</strong></span> <span class='ocrx_word' id='word_1_166' title='bbox 1338 2363 1377 2405; x_wconf 88' lang='lat' dir='ltr'><strong>ne</strong></span> <span class='ocrx_word' id='word_1_167' title='bbox 1398 2361 1524 2423; x_wconf 77' lang='lat' dir='ltr'><strong>uespere</strong></span> <span class='ocrx_word' id='word_1_168' title='bbox 1545 2343 1693 2422; x_wconf 54' lang='lat' dir='ltr'><strong>mmdiu,</strong></span> <span class='ocrx_word' id='word_1_169' title='bbox 1715 2344 1767 2422; x_wconf 83' lang='lat' dir='ltr'><strong>qni</strong></span> <span class='ocrx_word' id='word_1_170' title='bbox 1787 2342 1945 2424; x_wconf 74' lang='lat' dir='ltr'><strong>Liturpiae</strong></span> <span class='ocrx_word' id='word_1_171' title='bbox 1967 2344 2061 2405; x_wconf 88' lang='lat' dir='ltr'><strong>cele--</strong></span> 
     </span>
     <span class='ocr_line' id='line_1_19' title="bbox 680 2442 2047 2523; baseline 0 -16"><span class='ocrx_word' id='word_1_172' title='bbox 680 2445 851 2507; x_wconf 87' lang='lat' dir='ltr'><strong>brationem</strong></span> <span class='ocrx_word' id='word_1_173' title='bbox 872 2442 1032 2516; x_wconf 79' lang='lat' dir='ltr'><strong>antecedit,</strong></span> <span class='ocrx_word' id='word_1_174' title='bbox 1054 2443 1209 2505; x_wconf 80' lang='lat' dir='ltr'><strong>Sacerdos</strong></span> <span class='ocrx_word' id='word_1_175' title='bbox 1230 2444 1316 2506; x_wconf 85' lang='lat' dir='ltr'><strong>bibet</strong></span> <span class='ocrx_word' id='word_1_176' title='bbox 1334 2444 1479 2523; x_wconf 65' lang='lat' dir='ltr'><strong>tumen</strong></span> <span class='ocrx_word' id='word_1_177' title='bbox 1496 2443 1596 2518; x_wconf 75' lang='lat' dir='ltr'><strong>udum,</strong></span> <span class='ocrx_word' id='word_1_178' title='bbox 1618 2461 1677 2522; x_wconf 73' lang='lat' dir='ltr'><strong>prio</strong></span> <span class='ocrx_word' id='word_1_179' title='bbox 1698 2443 1811 2503; x_wconf 89' lang='lat' dir='ltr'><strong>tentari</strong></span> <span class='ocrx_word' id='word_1_180' title='bbox 1831 2451 1924 2522; x_wconf 86' lang='lat' dir='ltr'><strong>caput</strong></span> <span class='ocrx_word' id='word_1_181' title='bbox 1940 2445 2047 2523; x_wconf 82' lang='lat' dir='ltr'><strong>possit.</strong></span> 
     </span>
     <span class='ocr_line' id='line_1_20' title="bbox 679 2539 2049 2624; baseline -0.001 -18"><span class='ocrx_word' id='word_1_182' title='bbox 679 2543 718 2606; x_wconf 93' lang='lat' dir='ltr'><strong>Et</strong></span> <span class='ocrx_word' id='word_1_183' title='bbox 739 2549 811 2624; x_wconf 90' lang='lat' dir='ltr'><strong>post</strong></span> <span class='ocrx_word' id='word_1_184' title='bbox 835 2540 1020 2605; x_wconf 87' lang='lat' dir='ltr'><strong>Sacramenti</strong></span> <span class='ocrx_word' id='word_1_185' title='bbox 1042 2543 1272 2623; x_wconf 85' lang='lat' dir='ltr'><strong>perceptionem</strong></span> <span class='ocrx_word' id='word_1_186' title='bbox 1295 2542 1385 2605; x_wconf 89' lang='lat' dir='ltr'><strong>multa</strong></span> <span class='ocrx_word' id='word_1_187' title='bbox 1406 2539 1548 2623; x_wconf 89' lang='lat' dir='ltr'><strong>probibet</strong></span> <span class='ocrx_word' id='word_1_188' title='bbox 1570 2540 1731 2604; x_wconf 88' lang='lat' dir='ltr'><strong>Orientalis</strong></span> <span class='ocrx_word' id='word_1_189' title='bbox 1753 2540 1921 2623; x_wconf 90' lang='lat' dir='ltr'><strong>disciplina.</strong></span> <span class='ocrx_word' id='word_1_190' title='bbox 1953 2541 2049 2604; x_wconf 84' lang='lat' dir='ltr'><strong>daco-</strong></span> 
     </span>
     <span class='ocr_line' id='line_1_21' title="bbox 680 2639 2048 2723; baseline 0 -20"><span class='ocrx_word' id='word_1_191' title='bbox 680 2641 737 2703; x_wconf 91' lang='lat' dir='ltr'><strong>bus</strong></span> <span class='ocrx_word' id='word_1_192' title='bbox 759 2640 944 2705; x_wconf 88' lang='lat' dir='ltr'><strong>Edessenus.</strong></span> <span class='ocrx_word' id='word_1_193' title='bbox 977 2639 1045 2702; x_wconf 89' lang='lat' dir='ltr'><strong>Non</strong></span> <span class='ocrx_word' id='word_1_194' title='bbox 1067 2650 1185 2721; x_wconf 83' lang='lat' dir='ltr'><strong>oportet</strong></span> <span class='ocrx_word' id='word_1_195' title='bbox 1207 2642 1335 2723; x_wconf 56' lang='lat' dir='ltr'><strong>alutem</strong></span> <span class='ocrx_word' id='word_1_196' title='bbox 1354 2650 1425 2722; x_wconf 81' lang='lat' dir='ltr'><strong>post</strong></span> <span class='ocrx_word' id='word_1_197' title='bbox 1444 2643 1663 2721; x_wconf 69' lang='lat' dir='ltr'><strong>susceptionem</strong></span> <span class='ocrx_word' id='word_1_198' title='bbox 1683 2641 1956 2718; x_wconf 83' lang='lat' dir='ltr'><strong>Sacramentonun,</strong></span> <span class='ocrx_word' id='word_1_199' title='bbox 1979 2642 2048 2703; x_wconf 90' lang='lat' dir='ltr'><strong>bat·</strong></span> 
     </span>
     <span class='ocr_line' id='line_1_22' title="bbox 679 2739 2049 2821; baseline 0.001 -19"><span class='ocrx_word' id='word_1_200' title='bbox 679 2759 768 2802; x_wconf 73' lang='lat' dir='ltr'><strong>aream</strong></span> <span class='ocrx_word' id='word_1_201' title='bbox 789 2740 888 2814; x_wconf 86' lang='lat' dir='ltr'><strong>adire,</strong></span> <span class='ocrx_word' id='word_1_202' title='bbox 910 2739 1021 2814; x_wconf 67' lang='lat' dir='ltr'><strong>uvam,</strong></span> <span class='ocrx_word' id='word_1_203' title='bbox 1043 2748 1098 2801; x_wconf 89' lang='lat' dir='ltr'><strong>aat</strong></span> <span class='ocrx_word' id='word_1_204' title='bbox 1125 2750 1217 2819; x_wconf 84' lang='lat' dir='ltr'><strong>caput</strong></span> <span class='ocrx_word' id='word_1_205' title='bbox 1243 2742 1372 2816; x_wconf 86' lang='lat' dir='ltr'><strong>radere,</strong></span> <span class='ocrx_word' id='word_1_206' title='bbox 1399 2759 1460 2802; x_wconf 85' lang='lat' dir='ltr'><strong>non</strong></span> <span class='ocrx_word' id='word_1_207' title='bbox 1481 2741 1561 2821; x_wconf 78' lang='lat' dir='ltr'><strong>priod</strong></span> <span class='ocrx_word' id='word_1_208' title='bbox 1581 2741 1656 2802; x_wconf 76' lang='lat' dir='ltr'><strong>tuuc</strong></span> <span class='ocrx_word' id='word_1_209' title='bbox 1676 2743 1717 2803; x_wconf 84' lang='lat' dir='ltr'><strong>sit</strong></span> <span class='ocrx_word' id='word_1_210' title='bbox 1733 2749 1892 2820; x_wconf 84' lang='lat' dir='ltr'><strong>peccatum</strong></span> <span class='ocrx_word' id='word_1_211' title='bbox 1913 2742 2049 2816; x_wconf 83' lang='lat' dir='ltr'><strong>mortale,</strong></span> 
     </span>
     <span class='ocr_line' id='line_1_23' title="bbox 681 2839 2049 2918; baseline 0.002 -17"><span class='ocrx_word' id='word_1_212' title='bbox 681 2840 737 2901; x_wconf 85' lang='lat' dir='ltr'><strong>sed</strong></span> <span class='ocrx_word' id='word_1_213' title='bbox 753 2846 881 2918; x_wconf 84' lang='lat' dir='ltr'><strong>propter</strong></span> <span class='ocrx_word' id='word_1_214' title='bbox 902 2839 1080 2900; x_wconf 65' lang='lat' dir='ltr'><strong>scmrdMum</strong></span> <span class='ocrx_word' id='word_1_215' title='bbox 1099 2839 1231 2917; x_wconf 81' lang='lat' dir='ltr'><strong>fidelium</strong></span> <span class='ocrx_word' id='word_1_216' title='bbox 1253 2848 1282 2901; x_wconf 91' lang='lat' dir='ltr'><strong>et</strong></span> <span class='ocrx_word' id='word_1_217' title='bbox 1303 2841 1446 2903; x_wconf 78' lang='lat' dir='ltr'><strong>torrorem</strong></span> <span class='ocrx_word' id='word_1_218' title='bbox 1467 2841 1743 2903; x_wconf 77' lang='lat' dir='ltr'><strong>Sacramentomm.</strong></span> <span class='ocrx_word' id='word_1_219' title='bbox 1794 2839 1828 2902; x_wconf 91' lang='lat' dir='ltr'><strong>ln</strong></span> <span class='ocrx_word' id='word_1_220' title='bbox 1855 2840 2049 2914; x_wconf 83' lang='lat' dir='ltr'><strong>Quaestioni-</strong></span> 
     </span>
     <span class='ocr_line' id='line_1_24' title="bbox 680 2936 2114 3022; baseline 0.001 -22"><span class='ocrx_word' id='word_1_221' title='bbox 680 2938 737 3000; x_wconf 88' lang='lat' dir='ltr'><strong>bus</strong></span> <span class='ocrx_word' id='word_1_222' title='bbox 761 2957 801 3000; x_wconf 90' lang='lat' dir='ltr'><strong>ex</strong></span> <span class='ocrx_word' id='word_1_223' title='bbox 823 2936 958 3000; x_wconf 87' lang='lat' dir='ltr'><strong>doctrina</strong></span> <span class='ocrx_word' id='word_1_224' title='bbox 980 2938 1108 3000; x_wconf 83' lang='lat' dir='ltr'><strong>Petrum.</strong></span> <span class='ocrx_word' id='word_1_225' title='bbox 1151 2938 1276 3001; x_wconf 86' lang='lat' dir='ltr'><strong>Licetne</strong></span> <span class='ocrx_word' id='word_1_226' title='bbox 1296 2941 1342 3001; x_wconf 85' lang='lat' dir='ltr'><strong>itti</strong></span> <span class='ocrx_word' id='word_1_227' title='bbox 1362 2942 1413 3002; x_wconf 85' lang='lat' dir='ltr'><strong>cui</strong></span> <span class='ocrx_word' id='word_1_228' title='bbox 1432 2959 1511 3003; x_wconf 85' lang='lat' dir='ltr'><strong>cena</strong></span> <span class='ocrx_word' id='word_1_229' title='bbox 1532 2948 1616 3002; x_wconf 89' lang='lat' dir='ltr'><strong>secta</strong></span> <span class='ocrx_word' id='word_1_230' title='bbox 1637 2949 1691 3015; x_wconf 89' lang='lat' dir='ltr'><strong>est,</strong></span> <span class='ocrx_word' id='word_1_231' title='bbox 1715 2948 1768 3002; x_wconf 85' lang='lat' dir='ltr'><strong>ant</strong></span> <span class='ocrx_word' id='word_1_232' title='bbox 1788 2942 1840 3021; x_wconf 83' lang='lat' dir='ltr'><strong>qui</strong></span> <span class='ocrx_word' id='word_1_233' title='bbox 1859 2943 1939 3002; x_wconf 86' lang='lat' dir='ltr'><strong>rosit</strong></span> <span class='ocrx_word' id='word_1_234' title='bbox 1959 2948 2052 3022; x_wconf 89' lang='lat' dir='ltr'><strong>caput</strong></span> <span class='ocrx_word' id='word_1_235' title='bbox 2112 3013 2114 3018; x_wconf 68' lang='lat'><strong>,</strong></span> 
     </span>
     <span class='ocr_line' id='line_1_25' title="bbox 680 3038 2049 3120; baseline 0.001 -20"><span class='ocrx_word' id='word_1_236' title='bbox 680 3057 776 3114; x_wconf 78' lang='lat' dir='ltr'><strong>mmm,</strong></span> <span class='ocrx_word' id='word_1_237' title='bbox 799 3038 905 3099; x_wconf 81' lang='lat' dir='ltr'><strong>eadem</strong></span> <span class='ocrx_word' id='word_1_238' title='bbox 927 3038 977 3099; x_wconf 88' lang='lat' dir='ltr'><strong>dic</strong></span> <span class='ocrx_word' id='word_1_239' title='bbox 999 3040 1231 3102; x_wconf 84' lang='lat' dir='ltr'><strong>communicare.</strong></span> <span class='ocrx_word' id='word_1_240' title='bbox 1277 3038 1497 3120; x_wconf 87' lang='lat' dir='ltr'><strong>Respondetur.</strong></span> <span class='ocrx_word' id='word_1_241' title='bbox 1540 3040 1629 3102; x_wconf 85' lang='lat' dir='ltr'><strong>Licet</strong></span> <span class='ocrx_word' id='word_1_242' title='bbox 1655 3042 1685 3101; x_wconf 87' lang='lat' dir='ltr'><strong>ei</strong></span> <span class='ocrx_word' id='word_1_243' title='bbox 1705 3042 1937 3115; x_wconf 82' lang='lat' dir='ltr'><strong>communicare,</strong></span> <span class='ocrx_word' id='word_1_244' title='bbox 1959 3040 2049 3101; x_wconf 84' lang='lat' dir='ltr'><strong>modo</strong></span> 
     </span>
     <span class='ocr_line' id='line_1_26' title="bbox 680 3136 2049 3218; baseline 0.002 -21"><span class='ocrx_word' id='word_1_245' title='bbox 680 3136 757 3198; x_wconf 83' lang='lat' dir='ltr'><strong>baec</strong></span> <span class='ocrx_word' id='word_1_246' title='bbox 778 3144 849 3198; x_wconf 89' lang='lat' dir='ltr'><strong>ante</strong></span> <span class='ocrx_word' id='word_1_247' title='bbox 870 3136 1095 3198; x_wconf 74' lang='lat' dir='ltr'><strong>Eucharistiam</strong></span> <span class='ocrx_word' id='word_1_248' title='bbox 1116 3144 1245 3198; x_wconf 82' lang='lat' dir='ltr'><strong>sumtum</strong></span> <span class='ocrx_word' id='word_1_249' title='bbox 1264 3137 1395 3216; x_wconf 56' lang='lat' dir='ltr'><strong>fecerim</strong></span> <span class='ocrx_word' id='word_1_250' title='bbox 1426 3147 1534 3218; x_wconf 86' lang='lat' dir='ltr'><strong>postea</strong></span> <span class='ocrx_word' id='word_1_251' title='bbox 1554 3140 1715 3202; x_wconf 86' lang='lat' dir='ltr'><strong>nonlicet.</strong></span> <span class='ocrx_word' id='word_1_252' title='bbox 1758 3138 1871 3201; x_wconf 90' lang='lat' dir='ltr'><strong>Eadem</strong></span> <span class='ocrx_word' id='word_1_253' title='bbox 1899 3139 2049 3201; x_wconf 87' lang='lat' dir='ltr'><strong>sententia</strong></span> 
     </span>
     <span class='ocr_line' id='line_1_27' title="bbox 681 3234 2048 3317; baseline 0.001 -21"><span class='ocrx_word' id='word_1_254' title='bbox 681 3234 735 3297; x_wconf 85' lang='lat' dir='ltr'><strong>luit</strong></span> <span class='ocrx_word' id='word_1_255' title='bbox 756 3235 909 3300; x_wconf 82' lang='lat' dir='ltr'><strong>Theodori</strong></span> <span class='ocrx_word' id='word_1_256' title='bbox 930 3236 1115 3300; x_wconf 89' lang='lat' dir='ltr'><strong>Balsamcnis</strong></span> <span class='ocrx_word' id='word_1_257' title='bbox 1143 3238 1174 3298; x_wconf 92' lang='lat' dir='ltr'><strong>in</strong></span> <span class='ocrx_word' id='word_1_258' title='bbox 1204 3236 1369 3317; x_wconf 85' lang='lat' dir='ltr'><strong>Responsis</strong></span> <span class='ocrx_word' id='word_1_259' title='bbox 1399 3238 1436 3300; x_wconf 90' lang='lat' dir='ltr'><strong>ad</strong></span> <span class='ocrx_word' id='word_1_260' title='bbox 1467 3238 1608 3311; x_wconf 82' lang='lat' dir='ltr'><strong>Quaesita</strong></span> <span class='ocrx_word' id='word_1_261' title='bbox 1636 3240 1724 3303; x_wconf 80' lang='lat' dir='ltr'><strong>Marci</strong></span> <span class='ocrx_word' id='word_1_262' title='bbox 1754 3237 1967 3312; x_wconf 83' lang='lat' dir='ltr'><strong>Alexandrini,</strong></span> <span class='ocrx_word' id='word_1_263' title='bbox 1997 3236 2048 3298; x_wconf 93' lang='lat' dir='ltr'><strong>ubi</strong></span> 
     </span>
     <span class='ocr_line' id='line_1_28' title="bbox 680 3333 2049 3422; baseline 0.003 -28"><span class='ocrx_word' id='word_1_264' title='bbox 680 3333 756 3396; x_wconf 88' lang='lat' dir='ltr'><strong>baec</strong></span> <span class='ocrx_word' id='word_1_265' title='bbox 778 3335 845 3398; x_wconf 88' lang='lat' dir='ltr'><strong>lieri</strong></span> <span class='ocrx_word' id='word_1_266' title='bbox 868 3335 1000 3419; x_wconf 81' lang='lat' dir='ltr'><strong>legitime</strong></span> <span class='ocrx_word' id='word_1_267' title='bbox 1023 3353 1123 3422; x_wconf 87' lang='lat' dir='ltr'><strong>posse</strong></span> <span class='ocrx_word' id='word_1_268' title='bbox 1138 3343 1240 3418; x_wconf 84' lang='lat' dir='ltr'><strong>negat,</strong></span> <span class='ocrx_word' id='word_1_269' title='bbox 1263 3356 1331 3399; x_wconf 88' lang='lat' dir='ltr'><strong>cnm</strong></span> <span class='ocrx_word' id='word_1_270' title='bbox 1353 3356 1389 3398; x_wconf 90' lang='lat' dir='ltr'><strong>eo</strong></span> <span class='ocrx_word' id='word_1_271' title='bbox 1411 3338 1471 3414; x_wconf 83' lang='lat' dir='ltr'><strong>die,</strong></span> <span class='ocrx_word' id='word_1_272' title='bbox 1493 3339 1596 3418; x_wconf 87' lang='lat' dir='ltr'><strong>inquit,</strong></span> <span class='ocrx_word' id='word_1_273' title='bbox 1617 3339 1738 3418; x_wconf 73' lang='lat' dir='ltr'><strong>pretias</strong></span> <span class='ocrx_word' id='word_1_274' title='bbox 1753 3336 1819 3398; x_wconf 85' lang='lat' dir='ltr'><strong>Dea</strong></span> <span class='ocrx_word' id='word_1_275' title='bbox 1840 3356 1933 3417; x_wconf 75' lang='lat' dir='ltr'><strong>apere</strong></span> <span class='ocrx_word' id='word_1_276' title='bbox 1953 3355 2049 3415; x_wconf 85' lang='lat' dir='ltr'><strong>opor-</strong></span> 
     </span>
    </p>
   </div>
   <div class='ocr_carea' id='block_1_3' title="bbox 626 3435 2047 3517">
    <p class='ocr_par' dir='ltr' id='par_1_5' title="bbox 626 3435 2047 3517">
     <span class='ocr_line' id='line_1_29' title="bbox 626 3435 2047 3517; baseline 0.003 -23"><span class='ocrx_word' id='word_1_277' title='bbox 626 3504 635 3509; x_wconf 27' lang='lat'><em>*</em></span> <span class='ocrx_word' id='word_1_278' title='bbox 681 3441 752 3509; x_wconf 66' lang='lat' dir='ltr'><strong>teat</strong></span> <span class='ocrx_word' id='word_1_279' title='bbox 775 3435 812 3496; x_wconf 87' lang='lat' dir='ltr'><strong>ob</strong></span> <span class='ocrx_word' id='word_1_280' title='bbox 834 3435 988 3497; x_wconf 83' lang='lat' dir='ltr'><strong>Dorninici</strong></span> <span class='ocrx_word' id='word_1_281' title='bbox 1007 3437 1150 3515; x_wconf 70' lang='lat' dir='ltr'><strong>corporis</strong></span> <span class='ocrx_word' id='word_1_282' title='bbox 1171 3438 1397 3514; x_wconf 67' lang='lat' dir='ltr'><strong>acceptionem</strong></span> <span class='ocrx_word' id='word_1_283' title='bbox 1419 3456 1563 3500; x_wconf 78' lang='lat' dir='ltr'><strong>raoncero</strong></span> <span class='ocrx_word' id='word_1_284' title='bbox 1585 3438 1673 3517; x_wconf 76' lang='lat' dir='ltr'><strong>aqusb</strong></span> <span class='ocrx_word' id='word_1_285' title='bbox 1691 3436 1802 3515; x_wconf 74' lang='lat' dir='ltr'><strong>foveri,</strong></span> <span class='ocrx_word' id='word_1_286' title='bbox 1824 3444 1877 3498; x_wconf 88' lang='lat' dir='ltr'><strong>ant</strong></span> <span class='ocrx_word' id='word_1_287' title='bbox 1897 3436 2047 3512; x_wconf 83' lang='lat' dir='ltr'><strong>deliciari,</strong></span> 
     </span>
    </p>
   </div>
   <div class='ocr_carea' id='block_1_4' title="bbox 679 3532 2048 3912">
    <p class='ocr_par' dir='ltr' id='par_1_6' title="bbox 679 3532 2048 3912">
     <span class='ocr_line' id='line_1_30' title="bbox 680 3532 2047 3613; baseline 0.007 -22"><span class='ocrx_word' id='word_1_288' title='bbox 680 3532 729 3592; x_wconf 85' lang='lat' dir='ltr'><strong>cet</strong></span> <span class='ocrx_word' id='word_1_289' title='bbox 749 3536 881 3595; x_wconf 85' lang='lat' dir='ltr'><strong>sectione</strong></span> <span class='ocrx_word' id='word_1_290' title='bbox 902 3553 997 3596; x_wconf 84' lang='lat' dir='ltr'><strong>cenae</strong></span> <span class='ocrx_word' id='word_1_291' title='bbox 1017 3536 1048 3594; x_wconf 82' lang='lat' dir='ltr'><strong>in</strong></span> <span class='ocrx_word' id='word_1_292' title='bbox 1070 3534 1199 3613; x_wconf 59' lang='lat' dir='ltr'><strong>ubuum</strong></span> <span class='ocrx_word' id='word_1_293' title='bbox 1227 3535 1302 3595; x_wconf 88' lang='lat' dir='ltr'><strong>mali</strong></span> <span class='ocrx_word' id='word_1_294' title='bbox 1328 3537 1491 3598; x_wconf 76' lang='lat' dir='ltr'><strong>dismimen</strong></span> <span class='ocrx_word' id='word_1_295' title='bbox 1516 3538 1628 3598; x_wconf 82' lang='lat' dir='ltr'><strong>venire.</strong></span> <span class='ocrx_word' id='word_1_296' title='bbox 1674 3533 1727 3597; x_wconf 89' lang='lat' dir='ltr'><strong>His</strong></span> <span class='ocrx_word' id='word_1_297' title='bbox 1756 3535 1931 3597; x_wconf 89' lang='lat' dir='ltr'><strong>testimoniis</strong></span> <span class='ocrx_word' id='word_1_298' title='bbox 1961 3535 2047 3613; x_wconf 85' lang='lat' dir='ltr'><strong>plura</strong></span> 
     </span>
     <span class='ocr_line' id='line_1_31' title="bbox 680 3629 2048 3717; baseline 0.004 -26"><span class='ocrx_word' id='word_1_299' title='bbox 680 3629 804 3715; x_wconf 83' lang='lat' dir='ltr'><strong>adjungi</strong></span> <span class='ocrx_word' id='word_1_300' title='bbox 827 3639 967 3713; x_wconf 90' lang='lat' dir='ltr'><strong>possunt,</strong></span> <span class='ocrx_word' id='word_1_301' title='bbox 997 3632 1052 3697; x_wconf 92' lang='lat' dir='ltr'><strong>sed</strong></span> <span class='ocrx_word' id='word_1_302' title='bbox 1074 3652 1125 3695; x_wconf 90' lang='lat' dir='ltr'><strong>res</strong></span> <span class='ocrx_word' id='word_1_303' title='bbox 1155 3635 1196 3697; x_wconf 93' lang='lat' dir='ltr'><strong>ita</strong></span> <span class='ocrx_word' id='word_1_304' title='bbox 1226 3641 1309 3700; x_wconf 88' lang='lat' dir='ltr'><strong>certa</strong></span> <span class='ocrx_word' id='word_1_305' title='bbox 1339 3643 1403 3711; x_wconf 89' lang='lat' dir='ltr'><strong>est,</strong></span> <span class='ocrx_word' id='word_1_306' title='bbox 1437 3634 1634 3717; x_wconf 87' lang='lat' dir='ltr'><strong>omnibusque</strong></span> <span class='ocrx_word' id='word_1_307' title='bbox 1662 3634 1807 3698; x_wconf 88' lang='lat' dir='ltr'><strong>Ecclesiis</strong></span> <span class='ocrx_word' id='word_1_308' title='bbox 1835 3636 2048 3716; x_wconf 89' lang='lat' dir='ltr'><strong>cujuscumque</strong></span> 
     </span>
     <span class='ocr_line' id='line_1_32' title="bbox 679 3729 2048 3815; baseline 0.004 -24"><span class='ocrx_word' id='word_1_309' title='bbox 679 3729 812 3814; x_wconf 86' lang='lat' dir='ltr'><strong>linguae,</strong></span> <span class='ocrx_word' id='word_1_310' title='bbox 836 3740 868 3794; x_wconf 87' lang='lat' dir='ltr'><strong>ut</strong></span> <span class='ocrx_word' id='word_1_311' title='bbox 890 3732 981 3795; x_wconf 91' lang='lat' dir='ltr'><strong>etiam</strong></span> <span class='ocrx_word' id='word_1_312' title='bbox 1002 3731 1127 3795; x_wconf 90' lang='lat' dir='ltr'><strong>Graecis</strong></span> <span class='ocrx_word' id='word_1_313' title='bbox 1150 3752 1198 3795; x_wconf 85' lang='lat' dir='ltr'><strong>ex·</strong></span> <span class='ocrx_word' id='word_1_314' title='bbox 1211 3752 1267 3796; x_wconf 89' lang='lat' dir='ltr'><strong>usu</strong></span> <span class='ocrx_word' id='word_1_315' title='bbox 1290 3734 1465 3815; x_wconf 86' lang='lat' dir='ltr'><strong>quotidiano</strong></span> <span class='ocrx_word' id='word_1_316' title='bbox 1495 3735 1663 3814; x_wconf 88' lang='lat' dir='ltr'><strong>notissima,</strong></span> <span class='ocrx_word' id='word_1_317' title='bbox 1701 3742 1733 3796; x_wconf 91' lang='lat' dir='ltr'><strong>ut</strong></span> <span class='ocrx_word' id='word_1_318' title='bbox 1763 3734 1870 3797; x_wconf 89' lang='lat' dir='ltr'><strong>diutius</strong></span> <span class='ocrx_word' id='word_1_319' title='bbox 1898 3736 2048 3797; x_wconf 88' lang='lat' dir='ltr'><strong>immorari</strong></span> 
     </span>
     <span class='ocr_line' id='line_1_33' title="bbox 683 3830 1281 3912; baseline 0.007 -21"><span class='ocrx_word' id='word_1_320' title='bbox 683 3830 713 3891; x_wconf 94' lang='lat' dir='ltr'><strong>in</strong></span> <span class='ocrx_word' id='word_1_321' title='bbox 736 3848 772 3893; x_wconf 92' lang='lat' dir='ltr'><strong>ea</strong></span> <span class='ocrx_word' id='word_1_322' title='bbox 794 3831 974 3912; x_wconf 87' lang='lat' dir='ltr'><strong>exponenda</strong></span> <span class='ocrx_word' id='word_1_323' title='bbox 997 3850 1126 3895; x_wconf 88' lang='lat' dir='ltr'><strong>necesse</strong></span> <span class='ocrx_word' id='word_1_324' title='bbox 1150 3850 1210 3895; x_wconf 93' lang='lat' dir='ltr'><strong>non</strong></span> <span class='ocrx_word' id='word_1_325' title='bbox 1233 3835 1281 3895; x_wconf 89' lang='lat' dir='ltr'><strong>sit.</strong></span> 
     </span>
    </p>
   </div>
   <div class='ocr_carea' id='block_1_5' title="bbox 360 3922 2047 4114">
    <p class='ocr_par' dir='ltr' id='par_1_7' title="bbox 360 3922 2047 4114">
     <span class='ocr_line' id='line_1_34' title="bbox 386 3922 2047 4015; baseline 0.005 -28"><span class='ocrx_word' id='word_1_326' title='bbox 386 3922 669 3980; x_wconf 70' lang='lat' dir='ltr'><strong>onenariamcuraae</strong></span> <span class='ocrx_word' id='word_1_327' title='bbox 769 3930 914 4011; x_wconf 86' lang='lat' dir='ltr'><strong>Superest</strong></span> <span class='ocrx_word' id='word_1_328' title='bbox 936 3939 968 3994; x_wconf 89' lang='lat' dir='ltr'><strong>ut</strong></span> <span class='ocrx_word' id='word_1_329' title='bbox 990 3931 1028 3994; x_wconf 89' lang='lat' dir='ltr'><strong>de</strong></span> <span class='ocrx_word' id='word_1_330' title='bbox 1051 3949 1124 3995; x_wconf 92' lang='lat' dir='ltr'><strong>cura</strong></span> <span class='ocrx_word' id='word_1_331' title='bbox 1146 3950 1233 4012; x_wconf 84' lang='lat' dir='ltr'><strong>quam</strong></span> <span class='ocrx_word' id='word_1_332' title='bbox 1257 3933 1392 3997; x_wconf 89' lang='lat' dir='ltr'><strong>adbiberi</strong></span> <span class='ocrx_word' id='word_1_333' title='bbox 1413 3934 1600 4015; x_wconf 87' lang='lat' dir='ltr'><strong>praecipiunt</strong></span> <span class='ocrx_word' id='word_1_334' title='bbox 1623 3934 1792 3998; x_wconf 88' lang='lat' dir='ltr'><strong>Orientales</strong></span> <span class='ocrx_word' id='word_1_335' title='bbox 1815 3933 1984 4012; x_wconf 84' lang='lat' dir='ltr'><strong>Christiani,</strong></span> <span class='ocrx_word' id='word_1_336' title='bbox 2007 3950 2047 3995; x_wconf 92' lang='lat' dir='ltr'><strong>ne</strong></span> 
     </span>
     <span class='ocr_line' id='line_1_35' title="bbox 360 4012 2045 4114; baseline 0.01 -35"><span class='ocrx_word' id='word_1_337' title='bbox 360 4012 521 4066; x_wconf 68' lang='lat' dir='ltr'><strong>becuminis</strong></span> <span class='ocrx_word' id='word_1_338' title='bbox 547 4015 669 4083; x_wconf 61' lang='lat' dir='ltr'><strong>emim·</strong></span> <span class='ocrx_word' id='word_1_339' title='bbox 682 4028 869 4093; x_wconf 86' lang='lat' dir='ltr'><strong>Eucharistia</strong></span> <span class='ocrx_word' id='word_1_340' title='bbox 891 4030 1095 4114; x_wconf 80' lang='lat' dir='ltr'><strong>negligentius</strong></span> <span class='ocrx_word' id='word_1_341' title='bbox 1117 4031 1274 4110; x_wconf 83' lang='lat' dir='ltr'><strong>habeatur,</strong></span> <span class='ocrx_word' id='word_1_342' title='bbox 1296 4051 1335 4096; x_wconf 91' lang='lat' dir='ltr'><strong>ne</strong></span> <span class='ocrx_word' id='word_1_343' title='bbox 1358 4033 1487 4112; x_wconf 90' lang='lat' dir='ltr'><strong>decidat,</strong></span> <span class='ocrx_word' id='word_1_344' title='bbox 1511 4052 1550 4096; x_wconf 89' lang='lat' dir='ltr'><strong>ne</strong></span> <span class='ocrx_word' id='word_1_345' title='bbox 1564 4034 1771 4112; x_wconf 89' lang='lat' dir='ltr'><strong>conculcetur,</strong></span> <span class='ocrx_word' id='word_1_346' title='bbox 1793 4050 1832 4095; x_wconf 91' lang='lat' dir='ltr'><strong>ne</strong></span> <span class='ocrx_word' id='word_1_347' title='bbox 1859 4031 2045 4113; x_wconf 85' lang='lat' dir='ltr'><strong>profanetur,</strong></span> 
     </span>
    </p>
   </div>
   <div class='ocr_carea' id='block_1_6' title="bbox 360 4106 408 4151">
    <p class='ocr_par' dir='ltr' id='par_1_8' title="bbox 360 4106 408 4151">
     <span class='ocr_line' id='line_1_36' title="bbox 360 4106 408 4151; baseline -0.063 -2"><span class='ocrx_word' id='word_1_348' title='bbox 360 4106 408 4151; x_wconf 84' lang='lat' dir='ltr'><strong>tur.</strong></span> 
     </span>
    </p>
   </div>
   <div class='ocr_carea' id='block_1_7' title="bbox 680 4130 2047 5111">
    <p class='ocr_par' dir='ltr' id='par_1_9' title="bbox 680 4130 2047 5111">
     <span class='ocr_line' id='line_1_37' title="bbox 681 4130 2046 4215; baseline 0.004 -25"><span class='ocrx_word' id='word_1_349' title='bbox 681 4147 780 4210; x_wconf 87' lang='lat' dir='ltr'><strong>pauca</strong></span> <span class='ocrx_word' id='word_1_350' title='bbox 802 4130 953 4193; x_wconf 90' lang='lat' dir='ltr'><strong>dicantur:</strong></span> <span class='ocrx_word' id='word_1_351' title='bbox 976 4131 1051 4193; x_wconf 91' lang='lat' dir='ltr'><strong>baec</strong></span> <span class='ocrx_word' id='word_1_352' title='bbox 1074 4133 1153 4193; x_wconf 91' lang='lat' dir='ltr'><strong>enim</strong></span> <span class='ocrx_word' id='word_1_353' title='bbox 1175 4149 1247 4194; x_wconf 90' lang='lat' dir='ltr'><strong>cura</strong></span> <span class='ocrx_word' id='word_1_354' title='bbox 1269 4132 1307 4195; x_wconf 92' lang='lat' dir='ltr'><strong>ad</strong></span> <span class='ocrx_word' id='word_1_355' title='bbox 1328 4132 1508 4215; x_wconf 81' lang='lat' dir='ltr'><strong>religionem</strong></span> <span class='ocrx_word' id='word_1_356' title='bbox 1529 4141 1561 4195; x_wconf 87' lang='lat' dir='ltr'><strong>et</strong></span> <span class='ocrx_word' id='word_1_357' title='bbox 1582 4134 1670 4197; x_wconf 87' lang='lat' dir='ltr'><strong>fidem</strong></span> <span class='ocrx_word' id='word_1_358' title='bbox 1693 4132 1730 4196; x_wconf 93' lang='lat' dir='ltr'><strong>de</strong></span> <span class='ocrx_word' id='word_1_359' title='bbox 1753 4134 1948 4198; x_wconf 79' lang='lat' dir='ltr'><strong>sacramento</strong></span> <span class='ocrx_word' id='word_1_360' title='bbox 1970 4151 2046 4213; x_wconf 91' lang='lat' dir='ltr'><strong>per-</strong></span> 
     </span>
     <span class='ocr_line' id='line_1_38' title="bbox 682 4230 2046 4317; baseline 0.004 -27"><span class='ocrx_word' id='word_1_361' title='bbox 682 4230 766 4306; x_wconf 92' lang='lat' dir='ltr'><strong>tinet,</strong></span> <span class='ocrx_word' id='word_1_362' title='bbox 789 4248 889 4312; x_wconf 89' lang='lat' dir='ltr'><strong>nequc</strong></span> <span class='ocrx_word' id='word_1_363' title='bbox 911 4232 1073 4293; x_wconf 89' lang='lat' dir='ltr'><strong>communis</strong></span> <span class='ocrx_word' id='word_1_364' title='bbox 1096 4230 1183 4292; x_wconf 90' lang='lat' dir='ltr'><strong>locus</strong></span> <span class='ocrx_word' id='word_1_365' title='bbox 1205 4233 1235 4293; x_wconf 95' lang='lat' dir='ltr'><strong>in</strong></span> <span class='ocrx_word' id='word_1_366' title='bbox 1263 4234 1479 4297; x_wconf 86' lang='lat' dir='ltr'><strong>controversiis</strong></span> <span class='ocrx_word' id='word_1_367' title='bbox 1508 4236 1605 4317; x_wconf 81' lang='lat' dir='ltr'><strong>magis</strong></span> <span class='ocrx_word' id='word_1_368' title='bbox 1632 4235 1801 4316; x_wconf 80' lang='lat' dir='ltr'><strong>exagitatus</strong></span> <span class='ocrx_word' id='word_1_369' title='bbox 1829 4254 1846 4296; x_wconf 95' lang='lat' dir='ltr'><strong>a</strong></span> <span class='ocrx_word' id='word_1_370' title='bbox 1868 4233 2046 4296; x_wconf 90' lang='lat' dir='ltr'><strong>Protestan-</strong></span> 
     </span>
     <span class='ocr_line' id='line_1_39' title="bbox 682 4328 2047 4414; baseline 0.005 -25"><span class='ocrx_word' id='word_1_371' title='bbox 682 4328 760 4390; x_wconf 90' lang='lat' dir='ltr'><strong>tibus</strong></span> <span class='ocrx_word' id='word_1_372' title='bbox 783 4328 848 4409; x_wconf 85' lang='lat' dir='ltr'><strong>luit,</strong></span> <span class='ocrx_word' id='word_1_373' title='bbox 871 4347 908 4392; x_wconf 89' lang='lat' dir='ltr'><strong>cc</strong></span> <span class='ocrx_word' id='word_1_374' title='bbox 932 4329 1141 4408; x_wconf 82' lang='lat' dir='ltr'><strong>confidentius,</strong></span> <span class='ocrx_word' id='word_1_375' title='bbox 1164 4348 1224 4412; x_wconf 89' lang='lat' dir='ltr'><strong>quo</strong></span> <span class='ocrx_word' id='word_1_376' title='bbox 1246 4333 1375 4413; x_wconf 84' lang='lat' dir='ltr'><strong>majores</strong></span> <span class='ocrx_word' id='word_1_377' title='bbox 1401 4331 1460 4395; x_wconf 90' lang='lat' dir='ltr'><strong>buc</strong></span> <span class='ocrx_word' id='word_1_378' title='bbox 1489 4351 1586 4414; x_wconf 75' lang='lat' dir='ltr'><strong>usurae</strong></span> <span class='ocrx_word' id='word_1_379' title='bbox 1621 4334 1742 4396; x_wconf 85' lang='lat' dir='ltr'><strong>luerunt</strong></span> <span class='ocrx_word' id='word_1_380' title='bbox 1775 4335 1806 4395; x_wconf 91' lang='lat' dir='ltr'><strong>in</strong></span> <span class='ocrx_word' id='word_1_381' title='bbox 1835 4333 1920 4395; x_wconf 89' lang='lat' dir='ltr'><strong>istius</strong></span> <span class='ocrx_word' id='word_1_382' title='bbox 1952 4331 2047 4396; x_wconf 90' lang='lat' dir='ltr'><strong>disci-</strong></span> 
     </span>
     <span class='ocr_line' id='line_1_40' title="bbox 680 4429 2044 4514; baseline 0.003 -24"><span class='ocrx_word' id='word_1_383' title='bbox 680 4430 781 4509; x_wconf 90' lang='lat' dir='ltr'><strong>plinae</strong></span> <span class='ocrx_word' id='word_1_384' title='bbox 804 4429 929 4494; x_wconf 86' lang='lat' dir='ltr'><strong>historia</strong></span> <span class='ocrx_word' id='word_1_385' title='bbox 951 4430 1108 4509; x_wconf 91' lang='lat' dir='ltr'><strong>tenebrae,</strong></span> <span class='ocrx_word' id='word_1_386' title='bbox 1132 4450 1206 4514; x_wconf 83' lang='lat' dir='ltr'><strong>quas</strong></span> <span class='ocrx_word' id='word_1_387' title='bbox 1235 4431 1459 4495; x_wconf 87' lang='lat' dir='ltr'><strong>itinerariorum</strong></span> <span class='ocrx_word' id='word_1_388' title='bbox 1488 4434 1621 4496; x_wconf 87' lang='lat' dir='ltr'><strong>Antores</strong></span> <span class='ocrx_word' id='word_1_389' title='bbox 1649 4451 1761 4506; x_wconf 85' lang='lat' dir='ltr'><strong>summa</strong></span> <span class='ocrx_word' id='word_1_390' title='bbox 1792 4433 1958 4495; x_wconf 86' lang='lat' dir='ltr'><strong>temeritate</strong></span> <span class='ocrx_word' id='word_1_391' title='bbox 1979 4450 2044 4510; x_wconf 76' lang='lat' dir='ltr'><strong>sua,</strong></span> 
     </span>
     <span class='ocr_line' id='line_1_41' title="bbox 682 4530 2045 4614; baseline 0.003 -23"><span class='ocrx_word' id='word_1_392' title='bbox 682 4537 833 4591; x_wconf 90' lang='lat' dir='ltr'><strong>auxerunt</strong></span> <span class='ocrx_word' id='word_1_393' title='bbox 854 4530 961 4592; x_wconf 79' lang='lat' dir='ltr'><strong>nurum</strong></span> <span class='ocrx_word' id='word_1_394' title='bbox 982 4531 1012 4592; x_wconf 93' lang='lat' dir='ltr'><strong>in</strong></span> <span class='ocrx_word' id='word_1_395' title='bbox 1035 4530 1163 4596; x_wconf 89' lang='lat' dir='ltr'><strong>modum.</strong></span> <span class='ocrx_word' id='word_1_396' title='bbox 1195 4531 1273 4594; x_wconf 89' lang='lat' dir='ltr'><strong>Nihil</strong></span> <span class='ocrx_word' id='word_1_397' title='bbox 1295 4540 1393 4595; x_wconf 89' lang='lat' dir='ltr'><strong>tamen</strong></span> <span class='ocrx_word' id='word_1_398' title='bbox 1415 4533 1538 4611; x_wconf 89' lang='lat' dir='ltr'><strong>certius,</strong></span> <span class='ocrx_word' id='word_1_399' title='bbox 1561 4551 1649 4613; x_wconf 73' lang='grc' dir='ltr'>ᾳιιιιιιι</span> <span class='ocrx_word' id='word_1_400' title='bbox 1670 4532 1751 4614; x_wconf 89' lang='lat' dir='ltr'><strong>quod</strong></span> <span class='ocrx_word' id='word_1_401' title='bbox 1773 4534 1851 4596; x_wconf 90' lang='lat' dir='ltr'><strong>inter</strong></span> <span class='ocrx_word' id='word_1_402' title='bbox 1873 4532 2045 4595; x_wconf 72' lang='lat' dir='ltr'><strong>omentales</strong></span> 
     </span>
     <span class='ocr_line' id='line_1_42' title="bbox 682 4626 2045 4714; baseline 0.004 -25"><span class='ocrx_word' id='word_1_403' title='bbox 682 4626 870 4694; x_wconf 90' lang='lat' dir='ltr'><strong>Christianos</strong></span> <span class='ocrx_word' id='word_1_404' title='bbox 893 4629 960 4694; x_wconf 92' lang='lat' dir='ltr'><strong>talis</strong></span> <span class='ocrx_word' id='word_1_405' title='bbox 984 4637 1014 4692; x_wconf 91' lang='lat' dir='ltr'><strong>et</strong></span> <span class='ocrx_word' id='word_1_406' title='bbox 1037 4637 1117 4693; x_wconf 88' lang='lat' dir='ltr'><strong>tanto</strong></span> <span class='ocrx_word' id='word_1_407' title='bbox 1141 4631 1170 4693; x_wconf 91' lang='lat' dir='ltr'><strong>in</strong></span> <span class='ocrx_word' id='word_1_408' title='bbox 1193 4632 1357 4694; x_wconf 88' lang='lat' dir='ltr'><strong>tractandis</strong></span> <span class='ocrx_word' id='word_1_409' title='bbox 1379 4631 1530 4714; x_wconf 82' lang='lat' dir='ltr'><strong>mysteriis</strong></span> <span class='ocrx_word' id='word_1_410' title='bbox 1553 4632 1670 4695; x_wconf 88' lang='lat' dir='ltr'><strong>cautela</strong></span> <span class='ocrx_word' id='word_1_411' title='bbox 1693 4632 1883 4710; x_wconf 85' lang='lat' dir='ltr'><strong>adhibeatur,</strong></span> <span class='ocrx_word' id='word_1_412' title='bbox 1913 4640 1946 4694; x_wconf 87' lang='lat' dir='ltr'><strong>ut</strong></span> <span class='ocrx_word' id='word_1_413' title='bbox 1968 4650 2045 4713; x_wconf 82' lang='lat' dir='ltr'><strong>qrrae</strong></span> 
     </span>
     <span class='ocr_line' id='line_1_43' title="bbox 680 4727 2045 4813; baseline 0.001 -23"><span class='ocrx_word' id='word_1_414' title='bbox 680 4727 768 4791; x_wconf 89' lang='lat' dir='ltr'><strong>nobis</strong></span> <span class='ocrx_word' id='word_1_415' title='bbox 800 4728 962 4794; x_wconf 85' lang='lat' dir='ltr'><strong>Catholicis</strong></span> <span class='ocrx_word' id='word_1_416' title='bbox 993 4729 1133 4813; x_wconf 73' lang='lat' dir='ltr'><strong>obiicitur</strong></span> <span class='ocrx_word' id='word_1_417' title='bbox 1154 4738 1293 4812; x_wconf 87' lang='lat' dir='ltr'><strong>tanquam</strong></span> <span class='ocrx_word' id='word_1_418' title='bbox 1316 4739 1384 4794; x_wconf 90' lang='lat' dir='ltr'><strong>nata</strong></span> <span class='ocrx_word' id='word_1_419' title='bbox 1411 4731 1531 4794; x_wconf 87' lang='lat' dir='ltr'><strong>noviter</strong></span> <span class='ocrx_word' id='word_1_420' title='bbox 1557 4751 1597 4794; x_wconf 88' lang='lat' dir='ltr'><strong>ex</strong></span> <span class='ocrx_word' id='word_1_421' title='bbox 1619 4730 1952 4795; x_wconf 84' lang='lat' dir='ltr'><strong>Transubstantiaticnis</strong></span> <span class='ocrx_word' id='word_1_422' title='bbox 1974 4732 2045 4812; x_wconf 90' lang='lat' dir='ltr'><strong>opi·</strong></span> 
     </span>
     <span class='ocr_line' id='line_1_44' title="bbox 680 4827 2043 4914; baseline 0.003 -26"><span class='ocrx_word' id='word_1_423' title='bbox 680 4827 782 4907; x_wconf 86' lang='lat' dir='ltr'><strong>niune,</strong></span> <span class='ocrx_word' id='word_1_424' title='bbox 807 4828 916 4911; x_wconf 78' lang='lat' dir='ltr'><strong>religio</strong></span> <span class='ocrx_word' id='word_1_425' title='bbox 939 4836 971 4892; x_wconf 92' lang='lat' dir='ltr'><strong>et</strong></span> <span class='ocrx_word' id='word_1_426' title='bbox 993 4848 1065 4891; x_wconf 91' lang='lat' dir='ltr'><strong>cura</strong></span> <span class='ocrx_word' id='word_1_427' title='bbox 1088 4831 1169 4891; x_wconf 89' lang='lat' dir='ltr'><strong>circa</strong></span> <span class='ocrx_word' id='word_1_428' title='bbox 1192 4848 1296 4893; x_wconf 89' lang='lat' dir='ltr'><strong>eorum</strong></span> <span class='ocrx_word' id='word_1_429' title='bbox 1318 4833 1552 4910; x_wconf 78' lang='lat' dir='ltr'><strong>venerationem,</strong></span> <span class='ocrx_word' id='word_1_430' title='bbox 1574 4839 1744 4914; x_wconf 86' lang='lat' dir='ltr'><strong>metumque</strong></span> <span class='ocrx_word' id='word_1_431' title='bbox 1766 4851 1805 4895; x_wconf 91' lang='lat' dir='ltr'><strong>ne</strong></span> <span class='ocrx_word' id='word_1_432' title='bbox 1820 4830 2043 4894; x_wconf 88' lang='lat' dir='ltr'><strong>Sacramentum</strong></span> 
     </span>
     <span class='ocr_line' id='line_1_45' title="bbox 680 4927 2044 5012; baseline 0.003 -24"><span class='ocrx_word' id='word_1_433' title='bbox 680 4927 777 4990; x_wconf 88' lang='lat' dir='ltr'><strong>minos</strong></span> <span class='ocrx_word' id='word_1_434' title='bbox 801 4928 893 5012; x_wconf 64' lang='lat' dir='ltr'><strong>digere</strong></span> <span class='ocrx_word' id='word_1_435' title='bbox 915 4927 1071 5008; x_wconf 86' lang='lat' dir='ltr'><strong>habeatur,</strong></span> <span class='ocrx_word' id='word_1_436' title='bbox 1096 4938 1270 5010; x_wconf 85' lang='lat' dir='ltr'><strong>comporuta</strong></span> <span class='ocrx_word' id='word_1_437' title='bbox 1299 4948 1366 4994; x_wconf 88' lang='lat' dir='ltr'><strong>cum</strong></span> <span class='ocrx_word' id='word_1_438' title='bbox 1393 4949 1430 4995; x_wconf 93' lang='lat' dir='ltr'><strong>ea</strong></span> <span class='ocrx_word' id='word_1_439' title='bbox 1452 4949 1541 5012; x_wconf 64' lang='lat' dir='ltr'><strong>mam</strong></span> <span class='ocrx_word' id='word_1_440' title='bbox 1561 4932 1604 4993; x_wconf 91' lang='lat' dir='ltr'><strong>illi</strong></span> <span class='ocrx_word' id='word_1_441' title='bbox 1626 4930 1822 4995; x_wconf 85' lang='lat' dir='ltr'><strong>adhibendam</strong></span> <span class='ocrx_word' id='word_1_442' title='bbox 1844 4931 2044 5012; x_wconf 87' lang='lat' dir='ltr'><strong>praecipiunt,</strong></span> 
     </span>
     <span class='ocr_line' id='line_1_46' title="bbox 681 5026 2046 5111; baseline 0.006 -23"><span class='ocrx_word' id='word_1_443' title='bbox 681 5026 755 5089; x_wconf 91' lang='lat' dir='ltr'><strong>nibil</strong></span> <span class='ocrx_word' id='word_1_444' title='bbox 777 5046 847 5092; x_wconf 89' lang='lat' dir='ltr'><strong>esse</strong></span> <span class='ocrx_word' id='word_1_445' title='bbox 870 5028 1018 5095; x_wconf 87' lang='lat' dir='ltr'><strong>videatur.</strong></span> <span class='ocrx_word' id='word_1_446' title='bbox 1062 5027 1197 5107; x_wconf 80' lang='lat' dir='ltr'><strong>Vidimus</strong></span> <span class='ocrx_word' id='word_1_447' title='bbox 1218 5029 1249 5092; x_wconf 93' lang='lat' dir='ltr'><strong>in</strong></span> <span class='ocrx_word' id='word_1_448' title='bbox 1270 5030 1366 5096; x_wconf 89' lang='lat' dir='ltr'><strong>relato</strong></span> <span class='ocrx_word' id='word_1_449' title='bbox 1389 5029 1536 5098; x_wconf 87' lang='lat' dir='ltr'><strong>Gabrielis</strong></span> <span class='ocrx_word' id='word_1_450' title='bbox 1557 5029 1609 5093; x_wconf 90' lang='lat' dir='ltr'><strong>lilii</strong></span> <span class='ocrx_word' id='word_1_451' title='bbox 1631 5030 1740 5095; x_wconf 82' lang='lat' dir='ltr'><strong>Taricb</strong></span> <span class='ocrx_word' id='word_1_452' title='bbox 1754 5032 1933 5110; x_wconf 90' lang='lat' dir='ltr'><strong>testimonio,</strong></span> <span class='ocrx_word' id='word_1_453' title='bbox 1956 5047 2046 5111; x_wconf 85' lang='lat' dir='ltr'><strong>quam</strong></span> 
     </span>
    </p>
   </div>
   <div class='ocr_carea' id='block_1_8' title="bbox 0 0 2268 6034">
    <p class='ocr_par' dir='ltr' id='par_1_10' title="bbox 0 0 2268 6034">
     <span class='ocr_line' id='line_1_47' title="bbox 0 0 2268 6034; baseline 0 0"><span class='ocrx_word' id='word_1_454' title='bbox 0 0 2268 6034; x_wconf 95' lang='lat' dir='ltr'><strong> </strong></span> 
     </span>
    </p>
   </div>
  </div>
 </body>
</html>
