4525 6034
464 605 719 684 mauram
749 604 1016 686 mcommmu
1041 543 1317 682 rrrmncmn.
1499 603 1575 680 455
1678 604 1685 610 ·

210 795 248 865 de
272 791 495 880 fficrorcdio,
523 798 558 863 ct
584 792 674 864 ulica
699 814 788 886 quoe
809 791 970 884 diqoitoti
985 790 1188 884 Pontificoli
1205 792 1429 863 conveniunt:
1454 789 1579 861 deindo

208 909 405 1003 Proloquere,
432 915 467 979 ct
492 908 672 979 Paolmona
733 908 893 1001 Denique
923 907 1061 978 debitor
1094 910 1128 980 εἰ
1161 913 1277 1001 copul·
1300 905 1363 978 23.
1396 906 1580 1001 Eoooqclii

207 1026 383 1097 secundum
407 1024 588 1112 domnae,
616 1030 712 1117 cujus
736 1023 802 1095 ltoc
829 1029 880 1094 cat
906 1026 1046 1094 initium.

308 1142 418 1212 Amen
452 1162 549 1212 amen
582 1139 657 1213 dico
689 1137 807 1228 vobis,
844 1142 899 1234 qui
929 1161 998 1212 non
1032 1141 1132 1211 intrat
1170 1161 1234 1235 per
1263 1141 1385 1212 ostium
1419 1141 1454 1210 in
1487 1137 1578 1211 ovile

208 1279 327 1329 omum.

307 1372 355 1442 Et
381 1374 653 1466 quotiescumque
679 1372 787 1458 dicct,
814 1368 891 1463 Ego
919 1393 992 1443 eum
1018 1372 1141 1445 Pastor
1166 1368 1284 1443 bonus.
1322 1370 1435 1441 Duum
1456 1350 1576 1462 popu-

206 1488 254 1559 lus
281 1486 461 1575 donabit,
488 1486 630 1578 Dignus.
656 1487 796 1578 Dignus.
822 1486 954 1579 Dignus
981 1497 1042 1558 est

306 1603 394 1674 Mox
419 1601 535 1702 dicent
557 1604 659 1694 {incra
684 1601 815 1672 Psalmi
842 1600 930 1673 109.
1610 1695 1615 1702 ,

306 1719 437 1790 duravit
462 1718 625 1790 Dominus
651 1725 685 1788 et
711 1739 778 1789 non
804 1715 989 1812 poenitebit
1006 1739 1098 1789 eum:
1126 1729 1161 1790 tu
1177 1740 1215 1790 es
1230 1717 1400 1792 Sacerdos
1415 1719 1580 1789 inueter-

204 1857 280 1906 num
307 1834 488 1907 secundum
515 1832 665 1906 ordinem
691 1831 948 1905 Melchisedech.

306 1949 469 2022 Dominus
496 1972 516 2019 a
543 1948 672 2019 dextris
698 1951 803 2019 tuis....
830 1946 1015 2042 Propterea
1042 1945 1204 2020 exaltabit
1229 1957 1336 2043 caput

479 2221 702 2315 Eccoqetiom
728 2221 910 2293 secondom
935 2221 1103 2293 dooooem
1129 2244 1206 2315 cop.
1234 2221 1296 2298 23.

306 2413 417 2484 Amen
450 2410 560 2482 Amen
596 2409 671 2482 dico
706 2408 803 2484 vobis
837 2412 894 2505 qui
929 2431 996 2483 non
1029 2411 1130 2482 intrm
1167 2432 1230 2506 per
1264 2414 1384 2483 ostium
1418 2413 1453 2483 in
1489 2410 1580 2484 ovile

207 2530 338 2614 ovium,
364 2526 426 2599 sed
454 2524 605 2598 ascendit
632 2524 780 2614 aliunde,
807 2523 862 2596 ille
887 2524 940 2597 fur
967 2536 1038 2613 est,
1065 2536 1099 2598 et
1124 2523 1223 2599 latro.
1277 2527 1342 2613 Qui
1368 2547 1454 2599 uero
1481 2530 1581 2601 intrat

205 2664 265 2737 per
291 2646 433 2729 ostium,
459 2651 576 2736 pastor
602 2650 655 2712 est
681 2643 813 2713 ovium:
839 2637 915 2710 huic'
941 2643 1098 2713 ostiarius
1126 2643 1251 2736 aperit,
1286 2651 1321 2714 et
1347 2665 1432 2718 oves
1459 2665 1580 2716 vocem

205 2759 274 2850 ejus
303 2756 454 2845 audiunt,
488 2764 524 2827 et
548 2765 652 2829 vocat
686 2776 773 2827 oves
808 2777 887 2830 suas
921 2757 1124 2828 nominatim.
1180 2752 1330 2852 Cumque
1364 2760 1581 2852 egrediuntur

206 2895 341 2962 omnes‚
367 2875 442 2967 ipse
468 2881 546 2943 ante
572 2893 633 2945 eaa
659 2870 770 2960 vadit,
800 2883 838 2944 et
864 2892 950 2943 oves
982 2893 1057 2943 eum
1090 2882 1291 2966 sequuntur,
1328 2885 1581 2971 agnoscuntque

205 3009 326 3060 vocem
354 2990 436 3080 ejus.
489 2987 645 3058 Alienum
672 2997 782 3060 autem
809 3008 876 3058 non
903 2998 1102 3081 sequuntur,
1129 2986 1191 3060 sed
1216 2987 1347 3083 fugiunt
1373 2987 1415 3063 alr
1443 2994 1581 3086 coquin
1603 3006 1608 3012 '

206 3125 270 3175 uon
296 3113 465 3175 noverunt
490 3124 612 3174 vocem
648 3101 756 3175 alieni.
808 3102 904 3175 Hanc
937 3101 1131 3198 parabolam
1166 3103 1251 3176 dixit
1282 3108 1332 3177 cis
1365 3106 1481 3194 desae,
1516 3106 1583 3201 ipsi

208 3230 408 3291 autemnon
435 3217 668 3291 intellexerunt
694 3217 771 3313 quid
797 3218 989 3314 loqueretm
1016 3223 1075 3291 eis.
1128 3220 1250 3291 lterum
1278 3223 1379 3313 igitur
1404 3221 1495 3315 dixit
1529 3224 1580 3294 eis

207 3334 314 3407 Jesus.
368 3335 496 3438 Amen,
522 3335 633 3407 Amen
659 3333 734 3407 dico
762 3329 873 3423 vobis,
901 3355 968 3426 ego
996 3357 1067 3407 sum
1095 3337 1216 3440 ostium
1234 3339 1362 3409 ovium:
1390 3339 1581 3431 omnesqui

207 3459 368 3522 venerunt
394 3460 470 3522 ante
497 3472 551 3521 me
576 3449 669 3522 fures
695 3461 771 3523 sunt
796 3460 830 3522 et
855 3448 1023 3537 latroncs;
1049 3449 1190 3523 idcirco
1208 3473 1276 3523 non
1312 3451 1485 3524 audierunt
1517 3475 1580 3526 eos

208 3587 298 3637 oves.
351 3565 430 3658 Ego
457 3588 529 3638 snm
556 3568 675 3638 ostium
702 3567 834 3637 ovium:
861 3567 967 3638 omnis
995 3567 1049 3660 qui
1076 3568 1240 3638 introierit
1254 3588 1317 3660 per
1338 3565 1429 3656 illud,
1456 3567 1578 3641 sulva-

175 3681 181 3689 '
209 3681 304 3772 bitur,
332 3690 367 3754 et
393 3680 598 3774 ingredietur
618 3689 653 3752 et
672 3680 864 3774 egredietur
889 3691 924 3752 et
947 3702 1074 3776 pascua
1101 3685 1258 3754 inveniet.
1299 3681 1369 3754 Fur
1385 3705 1453 3755 non
1473 3688 1579 3774 venit,
1616 3686 1619 3691 ’

208 3800 270 3868 nisi
294 3806 331 3869 ut
363 3797 489 3870 luretrrr
525 3807 559 3868 et
584 3805 707 3869 mactet
732 3808 767 3884 et
791 3796 923 3894 perdat:
950 3818 1018 3888 ego
1044 3800 1124 3869 veni
1154 3806 1191 3869 ut
1214 3801 1318 3870 vitam
1350 3795 1515 3891 labeant,
1546 3811 1580 3873 et

211 3911 425 3985 abundantius
451 3912 604 3985 habeant.
656 3910 733 4006 Ego
761 3935 832 3985 sum
859 3914 980 3985 Pastor
1005 3912 1124 3986 bonus.

314 4029 408 4099 Tunc
433 4031 551 4100 scotor
576 4028 770 4123 Episcopus
796 4029 880 4098 dicit
912 4051 1066 4121 ecpooso
1093 4033 1230 4101 intereo
1255 4031 1447 4123 Eoooqelio
1477 4054 1581 4125 cuper

212 4149 311 4234 copul
337 4144 581 4215 Potriorcltoc.

309 4260 448 4351 Dignus.
481 4259 624 4353 Dignus.
663 4260 794 4353 Dignus
821 4271 873 4332 est
897 4260 939 4333 N.
966 4260 1194 4333 Patriarchatu
1222 4271 1257 4332 et
1281 4259 1581 4356 Archiepiscopatu

212 4394 309 4468 super
334 4397 490 4469 magnam
516 4373 633 4448 urbem
659 4375 902 4448 Alexandriam
928 4386 963 4448 et
987 4377 1180 4448 universam
1216 4378 1390 4467 regionem
1416 4378 1581 4474 Aegypti,

213 4499 246 4560 et
271 4512 385 4562 omnes
410 4491 494 4563 fines
521 4495 615 4585 ejus,
641 4495 675 4563 in
701 4495 835 4564 nomine
861 4492 989 4582 Patris,
1016 4500 1050 4563 et
1076 4491 1168 4577 Filii,
1197 4500 1231 4562 et
1256 4491 1399 4588 Spiritus
1426 4496 1542 4565 sancti

310 4606 465 4699 Populea
497 4607 648 4678 clumam
681 4607 774 4678 dicit.
827 4606 958 4700 Dignus
991 4616 1043 4677 est
1072 4605 1175 4679 Abba
1202 4606 1243 4678 N.
1270 4606 1582 4703 Archicpiocopatu.

312 4723 526 4794 Potriorcdo
550 4726 690 4795 recanat
715 4729 750 4794 et
773 4726 912 4817 perficit
938 4723 1117 4793 lectionem
1144 4725 1269 4816 capitia
1294 4722 1486 4815 Evangelii.

311 4837 425 4909 Bonus
452 4849 568 4933 pastor
594 4838 685 4912 dabit
710 4842 852 4910 animam
880 4860 974 4910 suam
1000 4860 1063 4933 pro
1091 4837 1214 4910 ovibus
1242 4841 1327 4912 suis:
1354 4841 1582 4911 mercenarius

214 4963 319 5025 autem
345 4965 379 5026 et
406 4958 460 5049 qui
487 4978 556 5029 non
582 4967 635 5030 est
659 4966 794 5054 pastor,
820 4960 982 5051 cujusque
1007 4977 1076 5027 non
1103 4964 1179 5028 sunt
1205 4975 1290 5027 oves
1316 4957 1495 5049 propriae,
1527 4954 1584 5026 ubi

214 5068 302 5140 videt
334 5071 447 5166 lupum
477 5074 686 5161 venientem,
722 5072 807 5164 fugit
840 5082 873 5143 et
911 5070 1064 5165 relinquit
1095 5093 1198 5144 oves:
1233 5071 1397 5167 lupusque
1429 5073 1517 5169 rapit
1550 5078 1585 5143 et
