4525 6034
669 516 745 591 ιιι
1085 491 1090 504 ’
1155 515 1558 598 conusnnnmns

670 701 821 765 Orientem
843 703 984 781 respiciet
1004 721 1071 763 cum
1099 703 1270 765 reoererrtia
1291 710 1321 764 el
1344 703 1525 781 humilitate,
1551 707 1739 788 accipiatque
1758 714 1875 785 portem
1897 725 1940 768 esc
1957 724 2029 769 ccr-

665 822 742 883 pcrc
763 810 882 880 sancto,
898 804 966 880 jam
987 801 1104 877 dicim,
1121 810 1240 880 partem
1260 821 1364 882 uerupc
1384 803 1514 866 mediam
1536 803 1663 867 Oblatce
1684 823 1776 867 suae:
1806 813 1895 886 atque
1924 823 1960 868 ea
1983 814 2028 870 est

669 921 757 985 mam
780 900 900 963 Gabriel
922 908 952 963 et
974 899 1122 963 Rubricae
1145 900 1306 964 lslrcdiccu
1332 910 1461 979 vocant,
1484 911 1514 965 et
1534 904 1566 965 iu
1586 904 1710 967 nebim
1731 921 1798 965 eom
1827 904 1962 988 elevabit,
1978 908 2029 967 si·

539 999 547 1026 ³
668 1003 785 1083 mulpae
806 1001 999 1063 elevabuntur
1019 1001 1101 1061 cerei
1121 1008 1151 1061 et
1171 1019 1265 1062 cure:
1286 1002 1460 1081 mediaeque
1481 1002 1577 1064 ltcrae
1598 1006 1697 1082 spatio
1719 1005 1765 1065 ita
1785 1003 1902 1065 elevata
1922 1023 2028 1066 mane-

670 1102 714 1164 tit
733 1100 893 1182 (particula
915 1100 1011 1181 major
1021 1107 1045 1173 z)
1068 1100 1276 1181 Sacerdcsoue
1297 1099 1439 1162 clamabit
1458 1119 1533 1163 cccc
1554 1102 1720 1176 αἰιίιιίιιια,
1749 1109 1780 1163 et
1804 1112 1945 1182 mantiam
1963 1104 2031 1182 fieri

664 1208 781 1281 potest,
804 1206 958 1274 curteum,
981 1200 1089 1263 Sancta
1113 1199 1234 1262 sanctis.
1272 1197 1389 1260 «Omnes
1410 1219 1450 1261 ea
1470 1200 1628 1262 Ecclesiae
1645 1200 1775 1280 populo,
1801 1213 1861 1262 orto
1887 1220 1942 1263 ore
1962 1203 2029 1264 cla-

668 1299 804 1375 mabunt,
827 1299 918 1380 Kysis
941 1293 1079 1375 eleison,
1096 1297 1223 1361 Domine
1244 1298 1405 1378 miserere,
1435 1300 1534 1379 capite
1561 1299 1676 1362 nudata
1697 1299 1730 1360 iu
1748 1318 1849 1380 perum
1868 1302 2029 1378 praecisa,

616 1405 620 1414 '
668 1401 699 1462 si
720 1399 815 1478 luerit
844 1400 910 1460 dies
940 1397 1121 1470 Danielem
1150 1400 1180 1459 si
1206 1398 1272 1460 dics
1300 1398 1378 1474 alia,
1411 1417 1513 1461 omnes
1540 1400 1573 1460 iu
1591 1398 1721 1478 [toalea
1742 1400 1785 1460 ad
1805 1406 1917 1461 terram
1938 1417 2029 1478 monte

666 1505 905 1579 presentemur,
932 1498 1069 1576 deposita
1098 1499 1229 1576 capitam
1254 1497 1367 1576 lusda.
1419 1497 1617 1561 Meminerant
1644 1497 1741 1560 nultus
1769 1498 1855 1561 istius
1883 1497 2027 1579 religiosi,

668 1596 814 1677 simulque
849 1598 956 1658 rituum
987 1594 1151 1658 secundum
1184 1612 1260 1677 quos
1289 1600 1462 1681 peragitur,
1495 1604 1616 1660 autores
1652 1598 1845 1678 antiquiores.
1896 1596 2027 1660 Severtu

667 1696 836 1780 Episcopus
858 1695 1043 1758 Aschmonin
1064 1696 1095 1756 in
1118 1693 1220 1776 Opere
1242 1694 1281 1757 de
1304 1697 1457 1759 exercitiis
1480 1695 1724 1761 Christianorum
1767 1695 1842 1759 Post
1862 1697 1957 1773 tanc,
1980 1696 2028 1756 in-

668 1797 746 1876 quit,
769 1798 935 1858 credonem
957 1797 1035 1857 satis
1051 1795 1221 1874 prolixam,
1243 1799 1368 1878 (nempe
1389 1796 1596 1859 Absoluticnis
1619 1796 1657 1859 de
1671 1813 1729 1877 qua
1744 1813 1814 1859 mox
1829 1795 2027 1873 dictumest)

666 1894 818 1958 Sacerdos
840 1896 936 1956 eleuat
957 1912 1067 1973 corpas
1087 1913 1179 1974 super
1197 1914 1306 1958 manus
1333 1915 1422 1971 suos,
1449 1914 1542 1976 supm
1566 1896 1707 1976 poputum
1734 1897 1919 1971 mernere,
1952 1897 2030 1957 sicsst

667 1995 737 2058 olm
758 1993 928 2070 (Christus)
951 1995 1084 2055 elevatas
1106 1996 1204 2056 estin
1225 1996 1306 2075 lipnc
1327 1996 1444 2057 micis:
1466 1996 1652 2075 clamanmac
1673 2013 1776 2057 omues
1796 1998 1876 2057 sicut
1895 2002 1966 2056 acta
1987 1994 2029 2055 od

666 2114 733 2156 eam
754 2093 850 2155 Lanu
872 2094 1032 2156 clamarit:
1061 2092 1211 2155 Miserere
1233 2095 1291 2156 mei
1313 2093 1454 2173 Domine,
1489 2093 1557 2156 dnm
1579 2095 1700 2156 veneris
1724 2095 1754 2155 in
1784 2112 1910 2178 regnum
1939 2101 2028 2156 tuum.

665 2191 704 2255 Et
726 2193 757 2254 in
780 2193 838 2254 alio
860 2210 955 2272 opere
977 2191 1016 2254 de
1043 2192 1134 2275 Agnc
1157 2192 1290 2256 Paschali
1320 2201 1351 2255 et
1380 2193 1586 2271 Eucharistia,
1621 2192 1700 2256 idem
1726 2193 1860 2274 explicat
1887 2193 2027 2256 abemus:

666 2310 791 2374 nempe,
815 2299 847 2353 ut
869 2309 936 2352 cnm
959 2290 1107 2354 Christum
1129 2291 1161 2355 in
1182 2291 1370 2355 Eucharistie
1391 2292 1447 2356 sub
1469 2292 1586 2356 modica
1608 2294 1711 2374 specie
1733 2293 1819 2374 panis
1841 2300 1873 2355 et
1894 2292 1956 2354 vini
1979 2293 2028 2353 in-

667 2399 802 2468 tuemur,
825 2390 900 2453 tides
924 2398 1026 2452 nostra
1048 2408 1108 2453 ncn
1130 2390 1263 2470 deficiat,
1286 2392 1340 2454 sed
1363 2402 1512 2477 augeatur·
1531 2392 1630 2473 potius
1651 2391 1790 2455 Latronis
1804 2393 1954 2475 exemplo,
1977 2393 2028 2472 qui

668 2490 850 2552 divinitatem
873 2491 938 2572 ejus
962 2491 991 2552 in
1014 2489 1113 2553 Cruce
1136 2491 1268 2573 agnovit.
1314 2492 1418 2569 Quod,
1439 2493 1552 2573 inquit,
1575 2491 1615 2553 ab
1637 2510 1673 2554 eo
1691 2495 1829 2573 percepit
1847 2491 1945 2554 Latro
1967 2511 2027 2553 no-

666 2591 714 2653 bis
736 2592 826 2652 etiam
847 2590 925 2651 altro
955 2588 1089 2670 offertur.
1132 2590 1322 2653 Accedamus
1349 2613 1422 2672 erpo
1449 2594 1492 2654 ad
1520 2611 1587 2654 eam
1611 2592 1762 2667 dicentes,
1791 2591 1942 2654 Memento
1969 2591 2028 2654 mei

665 2689 809 2765 Domine,
832 2689 901 2751 dum
922 2687 1045 2751 senens
1066 2691 1097 2752 in
1123 2708 1249 2771 regnum
1277 2700 1368 2754 tunm.
1412 2691 1554 2754 Ecmdem
1581 2691 1748 2753 orationem
1777 2690 1836 2755 hoo
1863 2693 1930 2772 ipsc
1958 2690 2027 2753 loco

665 2809 683 2852 a
706 2788 830 2851 Graecis
852 2790 1005 2869 usurpari,
1027 2787 1117 2851 dccet
1138 2807 1194 2852 nos
1208 2788 1343 2874 Litargia
1358 2790 1562 2873 chrysostomi
1585 2779 1629 2863 ὡς
1650 2779 1770 2874 λῃστὴς
1794 2778 1943 2872 &poi-cyri
1964 2807 2027 2867 aot,

663 2875 831 2974 prrp'adrpi
852 2908 917 2967 μου
937 2878 1040 2974 κύριε,
1062 2883 1096 2951 ἐν
1116 2887 1158 2974 τῇ
1178 2886 1332 2972 βασιλείᾳ
1354 2906 1422 2955 acu.
1464 2887 1550 2952 Siartt
1569 2888 1667 2951 Latro
1694 2891 1837 2968 confiteor
1862 2890 1935 2965 tibi,
1961 2908 2028 2949 πιε-

664 2997 762 3052 meuc
784 2990 844 3050 mei
863 2987 990 3049 Dmuiue
1010 2990 1043 3049 in
1063 3007 1158 3069 repro
1180 2997 1246 3064 tua,
1279 3007 1356 3071 quae
1386 2997 1433 3053 est
1454 2975 1526 3071 pu‘rs
1553 2988 1653 3051 ultima
1681 2987 1854 3070 prolixioris
1883 2989 2025 3050 cretionis

665 3108 752 3172 quam
775 3088 876 3150 dicunt
903 3088 982 3149 circa
1005 3091 1250 3151 communionem.
1294 3077 1451 3152 Πιστεύω
1472 3075 1565 3175 κύριε
1587 3085 1642 3151 καὶ
1664 3077 1826 3172 ὁμολογῶ,
1854 3076 1907 3150 ὅτι
1929 3075 1972 3148 od
1996 3074 2027 3147 εἶ

665 3180 683 3252 ὁ
703 3175 848 3274 Χριστός
869 3175 888 3249 ὁ
909 3173 979 3259 υἱὸς
999 3183 1061 3248 τοῦ
1081 3184 1168 3268 θεοῦ
1187 3183 1248 3250 τοῦ
1269 3183 1396 3266 ζῶντος,
1423 3176 1566 3252 illude
1588 3180 1636 3263 εἰς
1659 3177 1794 3266 κόσμον,
1815 3174 2027 3274 decantate

664 3284 781 3362 σῶσαι,
803 3273 997 3372 ὧνπρῶτος
1018 3275 1082 3370 ἐγὼ
1102 3279 1178 3365 sipi
1206 3286 1304 3351 Credo
1325 3288 1453 3351 Domine
1474 3295 1504 3349 el
1524 3289 1676 3367 confiteor,
1698 3289 1770 3368 qaia
1791 3294 1822 3348 ta
1843 3306 1876 3348 es
1889 3285 2027 3348 θὶιηζιίιιι

663 3390 743 3468 filices
763 3386 838 3462 Det,
860 3389 912 3467 qui
932 3389 963 3448 iu
985 3387 1125 3448 muudum
1146 3388 1256 3448 amisti
1274 3395 1451 3467 peccatores
1477 3387 1580 3449 salom
1606 3386 1729 3466 lacere,
1762 3403 1887 3465 purum
1909 3386 2025 3465 primur

665 3506 721 3567 epo
743 3505 817 3550 acm.
861 3485 974 3565 Nempe
997 3502 1056 3547 non
1078 3502 1139 3547 nna
1161 3485 1226 3548 sola
1248 3489 1346 3549 oratic
1368 3506 1385 3550 a
1408 3486 1532 3549 Graecis
1554 3484 1661 3548 dicitnr
1682 3492 1714 3548 et
1734 3482 1799 3546 aliis
1812 3482 2024 3558 Orientalibus,

665 3586 696 3647 in
718 3585 892 3648 ostensione
918 3583 1141 3662 Eucharistiae,
1170 3591 1222 3647 aut
1251 3587 1280 3646 in
1302 3586 1367 3667 ejus
1397 3586 1611 3668 perceptione,
1647 3583 1702 3646 sed
1731 3583 1834 3665 plnres
1863 3589 2024 3647 occurrunt

666 3684 800 3766 ejusdem
823 3683 999 3747 sententiae.
1041 3681 1074 3744 ln
1097 3683 1235 3746 Ecclesia
1258 3702 1332 3746 vero
1355 3683 1497 3765 Coptica,
1520 3685 1640 3767 mando
1662 3684 1782 3765 quidem
1810 3683 1936 3766 insignis
1966 3681 2023 3743 elic

666 3783 818 3847 confessio
841 3784 994 3864 seqnitur,
1017 3782 1055 3845 de
1079 3801 1138 3863 qua
1160 3801 1231 3846 mox
1253 3783 1400 3864 dicemus,
1423 3784 1560 3847 differtur
1581 3784 1662 3865 quod
1684 3786 1714 3847 in
1743 3784 1858 3846 Graeca
1887 3780 2023 3856 formula,

665 3883 702 3946 ad
725 3883 794 3946 fidei
817 3881 856 3945 de
876 3882 935 3944 hoc
957 3881 1149 3945 Sacramenta
1171 3882 1357 3964 profitendae
1379 3885 1526 3947 rationem
1552 3884 1696 3964 pertinet:
1725 3884 1822 3945 oratio
1850 3890 1961 3946 tantum
1991 3879 2023 3941 fit

665 3982 703 4045 ad
725 3981 873 4046 Christum
895 3988 1099 4063 praesentem,
1129 4000 1167 4044 ec
1195 4000 1254 4063 quo
1284 3983 1411 4046 diximus
1444 3984 1542 4046 modo.
1586 3982 1764 4046 indifferens
1793 4000 1867 4044 vero
1897 3999 2022 4063 prorsus

665 4091 712 4145 est
733 4082 810 4145 haec
831 4083 939 4144 rituum
962 4081 1137 4143 diversitos:
1160 4080 1231 4145 illud
1253 4083 1342 4147 modo
1366 4101 1521 4146 commune
1544 4082 1680 4145 omnibus
1706 4081 1853 4145 Ecclesiis
1880 4081 2023 4144 Orienta-

663 4181 759 4260 libus,
790 4181 869 4262 quod
897 4180 1095 4243 ostenduntur
1123 4196 1211 4243 sacru
1240 4184 1400 4263 mysterio,
1435 4181 1521 4246 simul
1550 4199 1586 4243 ac
1616 4181 1724 4245 dicitur
1751 4181 1866 4243 &ncta
1897 4182 2020 4242 metis.

664 4281 710 4344 De
732 4281 929 4365 Aegyptiacis
952 4279 1079 4342 dubitari
1101 4298 1163 4342 non
1184 4290 1300 4362 potest,
1322 4290 1393 4364 post
1414 4290 1474 4346 tam
1495 4282 1655 4364 perspicua
1678 4282 1825 4344 Autormn
1843 4281 2021 4358 testimonia,

663 4381 842 4463 praesertim
865 4379 1012 4443 Gabrielis
1034 4380 1235 4446 Patriarohae.
1256 4381 1367 4467 ⁷,Quod
1388 4383 1415 4444 si
1435 4381 1605 4444 recentiora
1628 4380 1843 4464 illaquisquam
1860 4380 2021 4457 existimet,

663 4480 820 4544 refelletur
841 4482 938 4543 statim
960 4499 1001 4541 ex
1030 4480 1147 4544 Graeco
1176 4479 1286 4544 Codice
1315 4480 1413 4566 Regio
1443 4482 1577 4563 ejusdem
1606 4482 1777 4563 Liturgiae,
1807 4480 1858 4542 ubi
1886 4478 2020 4542 hebetur.

658 4571 693 4643 Ὁ
715 4571 820 4666 ἱερεῦς
847 4571 933 4664 ὑψοῖ
958 4567 997 4640 cd
1024 4567 1218 4658 ostoudcudr3
1247 4583 1401 4644 Sacerdos
1429 4582 1526 4644 elevat
1546 4601 1655 4662 corpus
1676 4581 1872 4643 summm.
1916 4579 2022 4642 Severi

665 4679 854 4744 Patriarchae
867 4677 1046 4742 Constitutio
1069 4687 1152 4764 estat
1173 4681 1203 4742 iu
1218 4682 1363 4762 Syrorum
1376 4682 1596 4745 Nomccsnone.
1641 4681 1752 4762 Siqnat
1771 4697 1862 4741 mace
1879 4678 2022 4758 populum

664 4780 802 4843 acesco.
849 4779 948 4841 Gratia
971 4778 1026 4841 Dei
1054 4780 1101 4841 sit.
1148 4780 1217 4841 lton
1238 4781 1413 4845 Diaccnm:
1443 4780 1516 4845 Cum
1539 4785 1646 4844 timore
1667 4781 1852 4862 aspiciamus.
1905 4777 2022 4840 Sacer-

665 4878 738 4939 dos:
761 4876 915 4939 Accedant
938 4878 989 4958 qui
1011 4877 1186 4940 sanctificati
1210 4888 1288 4943 sunt.
1333 4880 1442 4944 Sanan
1464 4882 1593 4944 sanctis:
1616 4889 1647 4943 et
1667 4881 1764 4942 elevat
1773 4880 1925 4962 mysteria.
1955 4877 2023 4939 Po-

660 4976 769 5057 pulus,
792 4976 873 5039 Unus
896 4975 998 5039 Pater:
1021 4984 1051 5037 et
1072 4980 1306 5042 comminuent
1320 4980 1481 5044 άίιενίὸιιίι.
1504 4979 1634 5044 lacobus
1658 4978 1841 5042 Edessenus.
1869 4977 2024 5040 Soandos
