4525 6034
440 620 471 696 S.
503 618 671 698 ιΙΑΟΟΒΙ
702 619 913 699 llPlSCOPl
947 619 1280 723 solonianum,
1315 637 1365 698 dc.
1525 625 1599 698 363
1656 660 1658 664 v

230 803 409 895 solorum,
442 817 476 879 et
500 806 810 900 Evangelistarum:
845 812 878 880 in
914 808 1044 881 theatro
1070 809 1358 882 Praedicatorum·
1375 820 1409 881 et
1442 810 1601 907 Propbe-

230 931 348 1012 tarum,
376 926 431 1017 qui
457 921 698 996 revelationem
726 948 746 995 a
773 933 807 994 te
834 933 1053 1020 accepemut:
1081 927 1114 996 in
1142 923 1228 998 festo
1256 936 1289 998 et
1315 926 1436 1017 gaudio
1464 927 1602 1020 glorio-

230 1060 343 1109 sorum
359 1042 585 1131 agonistarum
607 1042 661 1134 qui
677 1039 891 1136 perfecerunt
911 1041 1118 1112 voluntatem
1138 1052 1245 1113 tuam:
1273 1046 1306 1112 in
1324 1046 1466 1135 regione
1489 1043 1602 1136 gaudii

230 1164 264 1226 et
289 1152 471 1250 voluptatis
497 1153 713 1228 indeficientis
739 1165 835 1242 tuae,
862 1165 897 1226 ut
924 1179 996 1228 cum
1025 1156 1088 1228 illis
1115 1167 1149 1229 et
1175 1160 1262 1229 inter
1288 1157 1385 1245 illos,
1411 1159 1599 1232 referamus

228 1270 288 1349 tibi
322 1272 463 1363 gloriam
495 1281 529 1343 et
560 1272 692 1344 laudem
727 1282 761 1344 et
793 1274 964 1365 unigenito
991 1271 1078 1345 Filio
1110 1284 1168 1345 tuo
1202 1283 1236 1345 et
1261 1275 1398 1370 Spiritui
1431 1286 1487 1349 tuo
1515 1299 1600 1348 san·
1730 1351 1732 1359 ,

230 1389 389 1461 ctissimo.

334 1504 496 1598 Populus.
548 1505 668 1577 Amen.

332 1620 507 1692 Sacerdos
538 1619 730 1691 inclinatae.
783 1618 952 1691 Memento
983 1622 1128 1693 Domine
1164 1625 1307 1693 omnium
1338 1621 1471 1694 Patrum
1506 1621 1601 1697 Sau-

230 1748 358 1809 ctorum
386 1748 419 1809 et
447 1738 631 1810 Doctorum
658 1735 860 1823 electorum,
894 1739 949 1831 qui
976 1760 1049 1808 cum
1075 1745 1169 1809 recta
1195 1736 1260 1809 lide
1286 1737 1500 1834 praefuerunt
1525 1738 1600 1811 llo-

231 1854 342 1953 clesiis
371 1856 433 1926 tuis
468 1856 610 1940 sanctis,
643 1862 942 1948 pugnaveruntque
975 1875 1036 1948 pro
1070 1851 1178 1926 verbo
1213 1857 1384 1943 veritatis,
1419 1859 1600 1952 praecipue

229 1994 314 2044 vero
341 1970 479 2062 Ignatii,
505 1969 677 2065 Dionysii,
704 1968 817 2040 Basilii
844 1979 877 2041 et
904 1966 1076 2061 Gregorii,
1111 1968 1380 2066 reliquorumque
1402 1960 1539 2043 'Parum
1568 1981 1602 2044 ct

229 2078 413 2160 Doctorum
441 2085 724 2158 Ortbodoxorum.
1268 2076 1276 2099 ⁸

333 2203 483 2273 Elecoos
513 2224 638 2272 uocem.
692 2200 914 2273 Luminarium
943 2200 1189 2297 splendidorum
1215 2201 1443 2278 Ecclesiarum
1471 2212 1601 2277 tuarum

230 2330 431 2408 sanctarum,
457 2341 573 2391 corum
593 2321 648 2412 qui
669 2320 703 2389 iu
723 2320 905 2391 certamine
919 2339 981 2411 pro
1004 2317 1169 2409 religione
1190 2331 1359 2414 suscepto,
1388 2321 1485 2390 animi
1498 2319 1602 2394 robur

231 2435 558 2507 demonstraverunt:
597 2456 714 2506 corum
748 2437 803 2528 qui
838 2454 958 2504 nomen
992 2443 1081 2505 tuum
1114 2438 1201 2506 inter
1235 2445 1375 2528 gemm,
1413 2434 1529 2527 Reges
1568 2448 1602 2509 et

229 2553 316 2625 lilios
343 2552 449 2625 lsrael
476 2552 763 2647 praedicaverunt.
803 2551 869 2622 Per
895 2553 1066 2622 orationes
1094 2572 1209 2622 corum
1239 2549 1463 2648 acceptabiles
1491 2552 1600 2623 auda-

229 2673 316 2742 ciam
341 2668 529 2741 haereseon
555 2689 748 2764 compesce:
776 2666 944 2739 doctrinas
977 2676 1088 2737 rectas
1120 2667 1199 2739 fidei
1224 2690 1340 2740 eorum
1368 2671 1402 2739 iu
1429 2669 1601 2753 animabus

228 2790 352 2859 uostris
379 2789 500 2873 insere,
528 2795 562 2856 et
587 2787 674 2855 inter
699 2783 834 2856 ordines
861 2805 977 2856 eorum
1004 2779 1123 2855 beatos
1150 2804 1213 2854 nos
1240 2783 1382 2875 colloca,
1410 2795 1443 2857 et
1469 2783 1600 2878 gloriae

228 2901 447 2998 triumphique
474 2911 627 2975 coetuum
655 2922 770 2972 eorum
796 2897 953 2973 coelestis
979 2902 1159 2996 participes
1186 2922 1249 2974 uos
1276 2899 1377 2973 effice.
1423 2903 1476 2974 Da
1502 2900 1601 2974 nobis

230 3023 330 3091 ctiam
356 3019 508 3092 fiduciam
535 3039 648 3089 coram
677 3016 762 3089 solio
789 3027 846 3089 tuo
874 3014 1032 3106 excelso,
1069 3019 1145 3111 quia
1181 3026 1215 3088 tu
1248 3039 1286 3091 es
1320 3028 1471 3107 sauctus,
1507 3031 1541 3091 et
1567 3022 1601 3091 in
1682 3066 1687 3075 -

229 3126 364 3207 sanctis⁴
379 3139 581 3230 requiescis,
607 3142 810 3227 sanctosque
835 3132 985 3229 perbcis3
1013 3142 1047 3204 et
1072 3143 1106 3204 to
1133 3133 1231 3205 decet
1255 3132 1381 3227 gloria,
1414 3134 1539 3223 bonor,
1567 3144 1601 3206 et

228 3254 400 3348 imperium
428 3274 502 3324 cum
529 3251 699 3343 unigenito
726 3248 812 3321 Filio
839 3259 896 3322 tuo
924 3259 958 3322 et
984 3249 1110 3345 Spiritu
1136 3260 1193 3322 tuo
1223 3254 1443 3325 sanctissimo.

334 3367 494 3462 Populus.
547 3368 665 3442 Amen.

334 3484 509 3557 Sacerdos
524 3484 714 3556 inclinatas.
746 3481 914 3555 Memento
942 3484 1085 3557 Domine
1111 3485 1255 3555 omnium
1283 3486 1338 3577 qui
1364 3485 1397 3554 in
1422 3482 1488 3555 lide
1514 3508 1599 3558 vera

229 3600 358 3697 pridem
383 3600 646 3684 obdormierunt,
682 3597 724 3670 ab
750 3598 883 3670 Adamo
916 3598 958 3669 ad
983 3598 1068 3670 bano
1094 3620 1200 3692 usque
1226 3597 1331 3689 diem,
1367 3599 1598 3692 Sacerdotum,

228 3717 467 3807 Diaconorum
493 3716 793 3805 Subdiaconorum
819 3715 1010 3803 Lectorum
1036 3713 1233 3803 Psaltarum
1249 3706 1478 3810 Interpretu'm,
1500 3712 1598 3789 can.

229 3846 348 3922 torum,
374 3832 630 3921 Menaenorum,
667 3842 701 3904 ct
726 3835 872 3905 omnium
898 3832 1125 3905 saecularium
1152 3831 1293 3904 fidelium
1323 3836 1437 3929 quiin
1464 3833 1598 3908 Christo

230 3950 488 4038 obdormienmt,
516 3960 550 4022 ct
576 3972 691 4023 eorum
717 3972 779 4044 pro
807 3948 925 4045 quibus
952 3939 1130 4044 uniquique
1158 3948 1355 4021 obtulerunt.

332 4067 482 4138 bleonus
506 4089 630 4138 coemo.
666 4065 809 4138 Domine
837 4068 980 4161 quictem
1004 4075 1140 4160 praesta
1167 4065 1337 4138 animabus
1364 4089 1479 4139 eorum
1506 4091 1597 4161 quo-

227 4206 301 4255 rum
328 4187 522 4256 memoriam
548 4182 708 4271 lecimus,
738 4193 772 4255 et
802 4187 836 4255 in
862 4180 948 4257 libro
975 4192 1032 4253 tuo
1058 4184 1149 4254 vitae
1174 4184 1307 4253 uomina
1334 4206 1449 4256 eorum
1477 4182 1598 4271 scribe,

229 4300 413 4395 dignosque
439 4299 514 4372 illos
540 4299 594 4371 lac
610 4299 781 4394 voluptate
808 4322 894 4395 quae
921 4302 953 4369 in
969 4298 1130 4371 Paradiso
1157 4303 1347 4394 percipitur.
1375 4300 1516 4374 Colloca
1534 4324 1595 4374 eos

228 4420 261 4488 iu
295 4420 435 4509 regione
464 4420 646 4508 justorum,
678 4427 712 4487 et
745 4415 913 4488 ordinibus
949 4418 1078 4511 piorum
1112 4414 1188 4489 illos
1222 4415 1386 4509 adjunge,
1422 4426 1520 4512 atque
1553 4416 1596 4488 ad

227 4543 358 4629 portum
385 4536 475 4605 vitae
501 4536 680 4629 pervenire
707 4532 774 4618 lac,
800 4531 857 4604 ubi
884 4542 936 4605 est
961 4530 1182 4604 babitaculum
1201 4535 1334 4627 quietis,
1359 4532 1446 4605 unde
1468 4532 1596 4625 lugiunt

228 4649 374 4737 dolores,
401 4648 616 4737 infirmitates,
643 4653 786 4745 suspiria
813 4660 847 4721 et
873 4652 1063 4741 angustiae:
1091 4648 1148 4720 ubi
1168 4669 1284 4720 ornnes
1303 4653 1408 4721 sancti
1424 4649 1595 4745 voluptate

227 4765 395 4854 fruuntur,
429 4765 485 4838 ubi
522 4789 637 4838 omnes
668 4770 715 4862 pii
748 4769 928 4862 quiescunt.
981 4764 1113 4836 Nullum
1140 4787 1186 4835 cx
1211 4762 1325 4853 nobis,
1360 4776 1415 4837 aut
1442 4789 1486 4837 ex
1512 4768 1594 4862 ipsis

229 4883 500 4967 condemnatum,
527 4868 730 4979 projectum,
758 4893 814 4955 aut
840 4881 1013 4955 exclusum
1038 4881 1145 4954 facias
1173 4904 1194 4953 a
1220 4903 1326 4972 regno
1354 4893 1409 4954 tuo
1437 4882 1593 4956 coelesti:

227 5026 311 5076 unus
338 5007 426 5075 enim
451 5002 511 5075 luit
536 5003 761 5076 tautummodo
789 5006 845 5098 qui
876 5006 1065 5100 apparuerit
1100 5024 1201 5097 super
1233 5012 1355 5073 terram
1391 5000 1541 5070 immunis
1574 5023 1595 5071 a

226 5128 379 5215 peccato,
409 5123 597 5213 unigenitus
624 5119 728 5195 Filius
754 5130 829 5193 tuus
855 5119 1016 5192 Dominus
1044 5130 1078 5191 et
1103 5119 1198 5191 Deus
1222 5128 1338 5191 noster
1364 5118 1465 5191 lesus
1492 5118 1595 5190 Chri-

277 5259 363 5301 Tomus
375 5258 399 5300 u
1338 5238 1389 5312 49
