4525 6034
1195 537 1517 614 PRAEFATIO.

665 698 925 829 interpretatur,
957 753 1067 831 saepe
1106 753 1231 830 pamm
1266 727 1436 804 feliciter:
1469 728 1619 833 alicujus
1651 728 1829 832 Theologi
1857 729 2042 833 Aegyptii,

666 856 880 938 Canonistae
918 863 979 939 vel
1015 858 1160 939 Rituum
1197 863 1422 962 expositoris,
1465 860 1609 940 Codicis
1640 862 1832 965 Liturgici,
1860 873 1919 940 aut
1949 863 2043 939 alte-

665 996 739 1072 rius
774 995 971 1098 cujuspiam
1005 994 1082 1073 libri
1116 992 1381 1095 Ecclesiastici,
1416 1019 1463 1071 ne
1499 1019 1631 1073 nomen
1662 996 1807 1101 quidem
1840 999 2009 1097 reperias.

372 1148 526 1202 oseaeuna>
544 1149 577 1202 ea
595 1147 652 1203 Aa·
785 1126 889 1205 Alius
930 1127 976 1205 de
1016 1127 1228 1230 Aethiopica
1266 1124 1432 1205 Ecclesia
1472 1128 1664 1208 verbosam
1697 1128 1888 1209 Diatribam
1931 1128 2041 1233 dedit,

339 1233 453 1305 ²¹¹¹⁰¹l⁰⁸
469 1235 596 1291 E⁰⁰¹²³³⁸·
664 1284 770 1363 quam
805 1264 865 1364 qui
899 1264 1070 1340 memoria
1103 1261 1381 1363 complectetur,
1414 1261 1498 1339 nihil
1532 1261 1829 1371 de'Aethiopum
1865 1263 2041 1366 religione
2075 1312 2079 1319 ·

663 1399 779 1497 magis
814 1397 923 1495 sciet,
973 1420 1079 1498 quam
1117 1397 1270 1499 quisque
1304 1380 1596 1498 imperitissimus.
1667 1396 1797 1500 Neque
1827 1395 1863 1474 id
1900 1400 2040 1499 mimm,

665 1527 808 1631 quando
835 1532 892 1604 vir
923 1527 1221 1607 laboriosissimus
1243 1527 1591 1634 Europaeorumque
1623 1529 1837 1632 Aethiopice
1870 1529 2040 1609 doctissi-

661 1686 742 1738 mus
762 1660 876 1740 lobus
897 1660 1091 1764 Ludoll'us,
1113 1688 1196 1739 cum
1223 1664 1395 1765 majorem
1418 1666 1513 1741 vitae
1535 1667 1727 1765 partemin
1748 1663 2041 1766 Aethiopicamm

517 1832 522 1837 f
662 1819 781 1872 rerum
815 1794 932 1874 studio
967 1799 1246 1897 consumsisset,
1278 1795 1376 1874 unde
1406 1798 1543 1899 justum
1576 1800 1867 1876 commentarium
1903 1808 2041 1877 texeret

660 1931 722 2006 vix
743 1910 882 2031 habuit,
914 1941 1102 2033 antequam
1124 1928 1315 2009 Baltazaris
1338 1929 1481 2009 Tellesii
1503 1930 1658 2027 Historia
1679 1930 1881 2011 lusitanice
1909 1934 2040 2033 scripta
2086 1932 2090 1939 ’

659 2064 696 2139 in
724 2087 850 2141 manus
877 2063 957 2165 ejus
989 2067 1224 2165 pervenisset.
1285 2062 1372 2142 Mox
1404 2065 1585 2143 volumina
1629 2064 1701 2152 duo
1741 2064 1867 2166 edidit,
1909 2064 2039 2168 quibus

660 2199 727 2274 etsi
749 2195 921 2300 quidquid
945 2195 1039 2299 apud
1066 2200 1367 2276 contemtissimos
1389 2172 1583 2301 scriptores
1614 2197 1661 2276 de
1681 2197 1872 2301 Aethiopia
1895 2202 2038 2301 reperi-

659 2340 737 2431 tur,
771 2329 977 2432 collegerit,
1011 2332 1095 2407 novi
1123 2340 1240 2408 tamen
1269 2330 1354 2408 nibil
1390 2330 1487 2436 quod
1518 2331 1562 2409 ad
1589 2332 1769 2411 historiam
1804 2333 1944 2410 civilem
1978 2344 2039 2411 aut

657 2459 947 2542 Ecclesiastieam
971 2464 1171 2565 conferret,
1204 2464 1380 2567 produxit.
1442 2464 1533 2543 Nam
1557 2467 1768 2569 religionem
1790 2470 1832 2545 iis
1855 2465 2037 2544 coloribus

659 2596 837 2699 depinxit,
881 2601 1009 2700 utqui
1043 2597 1090 2675 de
1124 2623 1167 2674 ea
1209 2623 1255 2675 ex
1294 2601 1373 2702 ejus
1406 2591 1667 2679 commentariis
1707 2600 1938 2703 judicaverit,
1989 2623 2037 2676 ne

658 2729 813 2809 obscura
836 2729 981 2834 quidem
1004 2731 1097 2809 illius
1120 2732 1333 2812 lineamenta
1353 2738 1467 2836 possit
1489 2758 1702 2837 agnoscere.
1764 2733 1934 2812 Vindicas
1957 2734 2036 2812 illos

657 2864 701 2942 ab
723 2862 1003 2967 Eutychianismi
1024 2869 1272 2969 accusatione,
1295 2878 1331 2944 et
1353 2879 1452 2944 recte
1476 2868 1638 2971 quidem:
1673 2865 1739 2945 sed
1761 2870 1866 2946 unius
1889 2879 2036 2946 naturae
2068 2892 2075 2914 ⁸

657 3001 694 3076 in
729 2997 870 3078 Christo
911 2999 1195 3103 professionem,
1244 3000 1462 3080 anathemata
1500 3001 1675 3081 adversus
1715 2998 1913 3079 Concilium
1946 2998 2036 3079 Cal-

656 3130 911 3235 chedonense,
956 3133 1189 3238 Leonemqoe
1228 3131 1429 3212 Romanum
1463 3134 1696 3237 Pontificem,
1750 3136 1890 3213 tolemri
1924 3158 2034 3236 posse

652 3267 797 3371 judicat.
859 3268 1026 3346 Judaicas
1049 3272 1342 3372 superstitiones,
1364 3269 1623 3373 polygamiam,
1651 3293 1836 3349 sacrorum
1861 3267 2035 3346 Ordinum

573 3436 577 3440 ⁸
655 3401 958 3503 profanationem,
993 3413 1029 3479 et
1060 3401 1169 3479 multa
1192 3403 1336 3503 similia,
1370 3427 1462 3506 quae
1495 3406 1561 3505 ipsi
1593 3402 1819 3482 Patriarchae
1849 3401 2034 3479 Jacobita-

656 3559 735 3611 mm
757 3533 989 3613 Alexandrini
1023 3558 1134 3638 saepe
1166 3534 1441 3637 damnaverunt,
1479 3535 1673 3615 tolerabilia
1700 3535 1875 3614 Ludolius
1907 3538 2034 3613 existi-

656 3671 784 3771 mavit,
829 3680 865 3746 et
900 3692 1075 3746 excusare
1111 3693 1311 3771 aggressus
1346 3681 1410 3747 est.
1472 3668 1514 3747 ln
1546 3673 1691 3749 materia
1722 3669 2033 3748 Sacramentorum

654 3801 739 3878 nibil
771 3826 844 3880 non
878 3801 1021 3879 molitur
1053 3812 1092 3878 ut
1113 3800 1336 3880 Lutheranos
1359 3802 1438 3880 illos
1462 3827 1545 3881 esse
1573 3803 1739 3882 suadeat:
1773 3802 1920 3907 duoque
1949 3814 2033 3880 tan-

654 3945 730 4012 tum
763 3934 831 4012 illis
864 3934 1037 4036 attribuit,
1092 3959 1174 4013 cum
1216 3960 1263 4012 ex
1297 3937 1438 4014 illorum
1470 3936 1567 4015 libris
1607 3936 1733 4014 eadem
1777 3936 1911 4014 habere
1953 3937 2032 4014 illos

655 4079 814 4170 constet,
857 4093 950 4173 quae
967 4066 1144 4147 ‚Ecclesia
1180 4068 1442 4148 Alexandrina:
1486 4069 1557 4148 hoc
1599 4082 1654 4149 est
1687 4069 1833 4149 totidem
1874 4082 1962 4174 quot
1997 4073 2032 4147 in

595 4196 602 4204 ’
655 4201 791 4280 Graeca
815 4214 850 4280 et
867 4201 1104 4282 Orientalibus
1125 4202 1313 4305 Ecclesiis,
1335 4228 1409 4282 non
1432 4207 1549 4283 minus
1571 4229 1677 4307 quam
1710 4208 1746 4281 in
1762 4203 1884 4282 Latina
1912 4228 2033 4307 agno-

654 4349 812 4417 scuntur.
874 4336 925 4415 At
945 4335 1120 4414 Ludollus
1142 4335 1178 4413 id
1200 4348 1329 4440 negat:
1363 4340 1457 4441 quia,
1489 4341 1620 4442 inquit,
1655 4342 1894 4440 interrogatus
1925 4363 1946 4414 a
1973 4362 2032 4415 me

652 4456 781 4550 Petrus
817 4450 1015 4574 Aethiops,
1059 4495 1103 4547 an
1144 4483 1385 4573 agnoscerent
1416 4483 1554 4574 septem
1589 4473 1703 4575 sigilla
1734 4470 1838 4574 fidei,
1873 4475 2030 4574 negavit

651 4603 791 4708 Nempe
819 4605 928 4684 homo
959 4603 1132 4682 barbarus
1160 4602 1400 4683 definitionem
1433 4604 1653 4684 Sacmmenti
1683 4617 1799 4683 natam
1833 4610 1869 4682 in
1892 4603 2031 4684 Refor-

651 4743 806 4816 matione
829 4739 1081 4840 intellexisset,
1115 4762 1221 4841 quam
1249 4742 1315 4841 ipsi
1344 4741 1422 4843 eius
1444 4738 1597 4817 artifices
1622 4742 1683 4816 vix
1708 4739 1917 4841 intelligunt.
1979 4738 2031 4816 lta

651 4875 799 4977 negavit
829 4847 1252 4951 Transubstantiationem
1287 4873 1384 4950 credi
1423 4872 1517 4976 apud
1548 4872 1768 4976 Aethiopes,
1809 4871 1907 4977 quod
1934 4871 2030 4949 idem

611 5029 621 5048 ‘
651 5015 782 5094 Petrus
813 5005 859 5083 de
890 5032 933 5084 ea
966 5006 1117 5117 edoctus
1149 5005 1302 5110 ab'ipso
1331 5005 1506 5110 Ludoll'o,
1544 5031 1669 5110 parum
1708 5018 1748 5084 ut
1783 5030 1857 5084 non
1894 5018 2030 5084 temere
