4525 6034
572 588 625 664 [N
656 586 1268 699 ittonatnststntnons.
1537 592 1611 667 tto

235 760 343 852 τούτῳ
370 767 417 851 τῷ
443 757 698 855 λειτουργήματι
724 765 1082 858 recompensandis-roc,
1119 762 1169 844 εἷς
1202 760 1242 834 τὸ
1271 764 1380 851 στόμα
1409 761 1613 856 ἐμβάλλεται
1716 811 1720 814 -

234 871 303 943 τοῖς
324 868 460 943 λαϊκοῖς.
503 869 569 932 lloe
590 877 691 932 autem
713 870 845 942 (scilicet
867 870 1084 932 communionis
1107 869 1294 948 distributio)
1317 875 1400 952 oprtet
1419 893 1477 936 nos
1499 873 1613 937 θῆαι-

235 970 312 1031 tuter
328 970 496 1047 praeclaro
519 969 625 1030 ordire
644 971 688 1047 fit,
711 968 795 1049 opud
819 987 895 1048 quor
927 967 1114 1030 Sacerdotes
1143 987 1211 1030 cum
1233 970 1396 1050 Pontifici,
1426 973 1475 1033 cet
1503 990 1539 1033 eo
1561 974 1614 1052 qui

234 1069 333 1130 locum
354 1067 451 1145 prim
473 1073 560 1141 terret,
582 1069 715 1147 inpressi
734 1068 778 1128 od
798 1068 908 1143 ultore,
930 1070 1005 1142 sice,
1027 1068 1109 1148 quod
1123 1070 1204 1129 idem
1226 1077 1281 1144 est,
1304 1073 1524 1147 sanctuarium,
1547 1073 1613 1133 sice

138 1177 143 1190 ·
235 1185 359 1228 somam
380 1163 487 1242 Remu,
514 1166 616 1227 sacris
645 1167 752 1227 amicti
777 1166 926 1244 cetthim,
957 1166 1028 1227 dum
1057 1184 1151 1228 sacro
1173 1169 1341 1229 ministerio
1370 1171 1447 1231 dont
1474 1188 1612 1251 operans,

231 1266 385 1345 porrectis
405 1263 545 1324 munima
566 1266 720 1344 accepisset
741 1281 853 1342 corpus
875 1264 999 1340 Christi,
1022 1265 1131 1326 Macte
1158 1265 1250 1327 labro
1272 1285 1365 1328 sacro
1387 1269 1479 1330 cotici
1500 1270 1612 1330 admo

234 1371 350 1437 centes,
371 1365 549 1442 saumonem
569 1364 733 1425 hauriunt:
759 1363 816 1424 scd
841 1363 918 1425 hoec
940 1364 1028 1425 onabo
1051 1366 1229 1441 conjuncto,
1258 1366 1452 1428 irtstntmento
1480 1368 1611 1447 qrtodom

234 1461 279 1522 ad
305 1462 363 1524 hoc
391 1464 600 1537 ministerium,
622 1463 767 1523 concanae
794 1463 1034 1538 oeoomntodoto,
1057 1460 1165 1523 boicis
1186 1464 1219 1523 in
1239 1480 1277 1524 os
1297 1466 1482 1544 inponantur.
1528 1465 1610 1534 Haec

233 1558 387 1638 lleletius,
411 1561 461 1640 qui
485 1560 556 1622 nihil
579 1559 670 1622 habet
692 1559 773 1639 quod
796 1560 920 1622 Graecis
936 1559 1201 1640 Orientalibusque
1224 1561 1366 1643 Litargiis
1390 1570 1419 1625 et
1442 1562 1609 1626 Ritualibus

233 1675 297 1721 non
320 1659 522 1723 corilirmetur.

323 1757 370 1821 De
392 1751 443 1821 illo
467 1759 526 1820 ritu
549 1759 773 1821 Sacramentum
802 1756 1010 1834 distribuendi,
1033 1775 1072 1819 ne
1095 1755 1221 1819 verbum
1251 1756 1370 1836 quidem
1393 1775 1410 1817 a
1433 1760 1610 1823 Protestan-
1658 1750 1698 1804 ⁰⁰
1721 1766 1754 1804 eo
1773 1752 1822 1803 ‘³⁸¹¹
1841 1749 1935 1804 Prote-

235 1856 327 1934 tibus,
350 1858 381 1919 in
404 1866 449 1920 tot
471 1858 509 1920 de
533 1857 749 1921 Communione
772 1855 828 1918 sub
852 1863 980 1936 utraque
1001 1855 1106 1935 specie
1128 1856 1349 1918 commentariis
1373 1855 1439 1918 fieri
1461 1856 1609 1934 videmus,
1622 1845 1719 1891 “⁸¹¹⁸“
1736 1837 1869 1890 ’ἥψω

235 1956 307 2036 quia
335 1956 449 2019 scilicet
477 1956 615 2019 ritualcm
643 1956 724 2019 illam
751 1954 923 2028 materiam,
961 1954 1051 2014 etiam
1081 1953 1244 2017 doctissimi
1274 1957 1353 2017 inter
1384 1953 1452 2017 illos
1481 1972 1609 2033 prorsus

234 2055 466 2136 mnomvcrunt.
510 2056 661 2131 Attamen,
691 2061 724 2115 ut
753 2053 822 2116 alibi
851 2053 948 2115 fusius
977 2051 1181 2127 ostendimus,
1211 2053 1288 2116 haec
1319 2052 1475 2132 disciplina
1504 2070 1609 2117 omnes

234 2152 355 2216 illorum
378 2153 416 2216 de
438 2153 543 2216 calicis
565 2153 687 2217 bibendi
709 2154 891 2215 necessitate
912 2153 1188 2234 argumentationes
1212 2150 1342 2214 funditus
1365 2152 1488 2213 evertit:
1511 2170 1610 2233 neque

236 2254 316 2314 euim
339 2251 463 2314 calicem
485 2251 590 2314 bibere
613 2252 784 2315 censendus
806 2257 869 2328 est,
897 2251 948 2330 qui
978 2250 1125 2312 minimam
1154 2250 1331 2330 particulam
1358 2251 1512 2313 intinctam
1541 2253 1610 2313 vino
1641 2262 1712 2315 uena
1729 2263 1824 2316 mm
1841 2265 1933 2333 marg.

235 2358 429 2429 consecrato,
454 2352 562 2432 accipit
584 2352 614 2413 in
636 2351 797 2413 cochleari.
843 2350 915 2411 inde
944 2348 1063 2425 iactum,
1086 2357 1119 2411 ut
1141 2352 1248 2425 etiam,
1275 2367 1345 2411 cam
1373 2352 1452 2413 inter
1475 2349 1640 2413 catheti-t
1658 2351 1684 2400 2.
1704 2367 1726 2401 ο·
1746 2349 1789 2402 18·

236 2467 303 2526 cos,
327 2450 408 2530 quod
431 2449 591 2531 aliquando
615 2450 753 2530 contigit,
776 2449 814 2511 de
842 2449 966 2511 intincta
998 2449 1207 2511 communione
1231 2449 1370 2512 diversae
1393 2448 1513 2512 luerunt
1535 2468 1611 2512 sen·

235 2551 367 2612 tentiae:
391 2550 498 2631 quibus
522 2550 571 2612 illa
594 2549 750 2613 nonsatis
773 2547 968 2628 probabatur,
992 2546 1100 2609 eodem
1129 2549 1307 2629 argumento
1329 2556 1514 2630 pugnarent3
1543 2566 1610 2612 cam

235 2649 277 2709 ita
300 2648 423 2711 calicem
439 2649 564 2736 Domini
594 2648 655 2710 bibi
683 2653 842 2727 negarent.
887 2644 1124 2708 Consentiebant
1147 2655 1265 2725 manen,
1294 2649 1323 2709 in
1351 2656 1479 2729 utraque
1505 2650 1610 2728 specio

236 2765 349 2826 corpus
372 2755 403 2811 et
425 2749 603 2831 sanguinem
618 2745 730 2809 Christi
751 2763 826 2806 vere
850 2745 1012 2807 contineri:
1034 2761 1136 2826 neque
1158 2752 1272 2808 tantum
1295 2745 1333 2808 de
1354 2764 1390 2808 rc
1412 2749 1488 2828 ipsa,
1511 2765 1611 2828 qnan-

236 2853 297 2907 tum
321 2847 359 2908 de
382 2846 596 2908 caeremoniali
618 2851 783 2925 praecepto
806 2844 958 2905 contentio
980 2846 1059 2905 inter
1081 2843 1151 2906 illos
1174 2852 1246 2906 orat
1282 2844 1388 2907 Nullus
1411 2847 1489 2907 enim
1512 2864 1611 2929 nega-

235 2945 288 3007 bat
311 2946 433 3007 intincta
456 2945 667 3007 communione
677 2943 773 3022 accipi
786 2960 891 3003 verum
909 2958 1020 3022 corpus
1035 2942 1157 3017 Christi,
1181 2942 1235 3004 sed
1249 2942 1307 3004 rite
1323 2942 1351 3004 id
1375 2944 1441 3006 llcri
1462 2944 1610 3025 aliquibus

234 3062 297 3105 non
320 3044 489 3118 videbatur,
512 3044 580 3123 quia
604 3062 643 3105 ex
666 3041 800 3103 instituto
828 3038 940 3102 Christi
970 3040 1049 3102 calix
1077 3059 1115 3103 eo
1146 3040 1235 3104 modo
1265 3040 1327 3103 bibi
1355 3060 1414 3104 non
1442 3042 1609 3105 videbatur.

234 3144 444 3205 Protestantes
466 3160 542 3204 vero
565 3149 679 3223 negant
701 3157 815 3220 corpus
836 3146 887 3200 aut
909 3139 1086 3222 sanguinem
1098 3142 1224 3219 suscipi,
1248 3141 1305 3202 nisi
1328 3142 1414 3220 panis
1438 3139 1557 3219 edatur,
1580 3151 1611 3204 et

237 3243 317 3304 calix
339 3243 467 3320 bibatur,
492 3242 573 3323 quod
585 3239 789 3303 Orientalibus
812 3257 962 3318 uunquam
985 3239 1015 3299 in
1030 3240 1265 3316 mentemvenit‚
1289 3248 1322 3301 ut
1343 3258 1383 3301 ex
1405 3247 1468 3301 tcta
1491 3239 1610 3302 illorum

236 3340 394 3421 disciplina
417 3338 605 3402 manifestum
628 3346 685 3402 est.
736 3338 803 3399 Non
834 3339 927 3418 igitur
953 3336 1032 3398 illam
1063 3355 1081 3398 a
1111 3336 1216 3400 Latina
1250 3338 1387 3402 Ecclesia
1416 3346 1611 3419 acceperunt,

237 3460 317 3522 quae
340 3440 436 3502 simile
458 3440 529 3502 nihil
553 3441 707 3514 observat,
730 3456 829 3518 neque
851 3437 995 3516 Episcopi
1024 3445 1074 3498 aut
1097 3437 1296 3513 Sacerdotes,
1325 3438 1363 3500 de
1386 3438 1485 3501 Laicis
1516 3437 1611 3499 calice

236 3537 449 3601 defraudantis
472 3556 601 3619 unquam
625 3540 848 3620 cogitaverunt:
872 3554 972 3615 neque
991 3534 1073 3597 latei
1097 3535 1135 3597 de
1158 3537 1265 3617 injuria
1287 3544 1392 3599 contra
1415 3544 1611 3618 praeceptum

237 3638 349 3700 Christi
372 3637 428 3699 sibi
452 3637 530 3699 iacta
554 3638 652 3718 questi
676 3643 755 3714 sunt,
779 3653 846 3697 cum
869 3655 909 3697 ex
932 3636 1024 3697 certis
1047 3635 1225 3697 testimoniis
1249 3643 1367 3697 constet
1390 3654 1444 3697 eos
1468 3652 1528 3697 non
1551 3634 1610 3696 du-

236 3737 363 3808 bitasse,
388 3737 460 3816 quin
483 3737 571 3798 etiam
594 3738 624 3798 in
647 3735 765 3797 minima
783 3734 929 3814 particula
943 3752 1054 3814 eorpus
1077 3742 1108 3795 et
1130 3736 1254 3815 sanguis
1279 3733 1390 3796 Christi
1413 3736 1611 3796 contineren-

237 3845 297 3912 tur,
321 3843 353 3896 ut
375 3852 449 3915 prae
472 3834 537 3896 aliis
561 3843 704 3897 accurate
735 3833 897 3914 explicavit
919 3833 1153 3908 Echmimensis,
1184 3841 1215 3895 et
1237 3833 1378 3914 reliquis,
1407 3835 1515 3915 quibus
1538 3851 1610 3894 cura

235 3934 381 4016 religiosa
409 3933 446 3995 ad
476 3934 695 3996 Eucharistiam
725 3932 978 4008 distribuendam,
1009 3949 1105 4012 usque
1138 3931 1175 3992 ad
1209 3933 1342 3994 minimas
1373 3934 1610 3995 circumstantias

237 4032 444 4097 commendata
468 4040 523 4095 est.

326 4133 358 4193 ln
387 4131 608 4194 Commentario
638 4131 675 4191 ad
709 4130 874 4213 Litargiam
908 4129 1008 4191 Basilii
1038 4127 1194 4209 Copticam
1222 4149 1263 4191 ex
1293 4130 1425 4210 Syriacis
1455 4128 1610 4191 autoribus
1677 4124 1877 4184 Observationes
1901 4126 1935 4181 da

235 4230 382 4295 nonmdla
411 4231 586 4308 retulimus,
623 4238 655 4292 ut
684 4230 860 4311 disciplinae
889 4228 1052 4291 concordia
1083 4231 1178 4309 magis
1210 4227 1408 4291 elucesceret.
1456 4226 1610 4301 Quaedam
1624 4214 1747 4278 Syrorum
1765 4212 1908 4282 disciplina.

236 4339 338 4393 tamen
361 4328 418 4392 hoc
442 4329 510 4392 loco
532 4337 685 4411 repetere,
708 4346 769 4391 non
791 4329 895 4391 inatile
923 4335 980 4404 est,
1004 4347 1069 4389 cum
1092 4327 1131 4388 ad
1152 4326 1319 4389 Ecclesiam
1350 4327 1503 4409 Syriacam
1532 4343 1610 4406 pro-

237 4432 305 4512 prie
335 4437 482 4510 spectent
533 4428 779 4512 Antiquissimum
808 4427 951 4490 habemus
982 4445 1021 4489 ex
1050 4427 1129 4488 illius
1156 4427 1371 4492 Nomocanone
1398 4426 1611 4501 testimonium,

237 4529 308 4591 libri
331 4528 381 4609 qui
403 4527 543 4589 llondoio
566 4526 743 4608 appellatur,
768 4527 824 4589 hoc
846 4534 904 4603 est,
928 4526 1066 4608 utvulgc
1082 4525 1255 4608 loquuntur,
1277 4527 1492 4601 Dircctorium,
1515 4524 1612 4585 disci·

237 4627 338 4709 plinae
362 4628 552 4706 vetustioris,
584 4627 749 4690 secundum
778 4646 865 4707 quam
896 4627 936 4688 ita
965 4625 1190 4706 praescribitur.
1242 4623 1405 4704 Postquam
1432 4630 1613 4702 occeperunt

238 4727 424 4788 Sacerdotes
446 4745 557 4806 cerpus
579 4725 701 4801 Christi,
722 4727 768 4787 itti
788 4728 913 4788 calicem
927 4725 1036 4800 bibent,
1059 4724 1314 4803 sibiqateinmcem
1335 4722 1494 4784 onmium
1513 4741 1612 4801 proc-

239 4825 359 4900 beburrt,
385 4834 494 4904 posteo
521 4825 741 4888 soecularibus.
797 4825 913 4906 Nempe
943 4832 1014 4885 tunc
1049 4823 1162 4903 ubique
1190 4838 1253 4883 non
1283 4823 1379 4884 minus
1408 4824 1438 4883 in
1465 4821 1612 4884 Ecclesiis

240 4921 444 4986 Orientalibus
469 4943 557 5005 qnam
579 4925 609 4986 in
632 4923 748 4999 Latina,
771 4923 850 4986 calix
880 4923 1016 4986 omnibus
1038 4920 1253 5003 praebebatur,
1276 4919 1357 4982 unde
1378 4921 1524 5001 sequitur,
1547 4922 1612 4983 So-

239 5022 358 5084 cerdoti
376 5043 438 5085 uon
459 5025 530 5085 licet
550 5023 664 5103 ubsque
686 5024 782 5085 catice
812 5042 924 5102 corpur
945 5030 1082 5084 cunctam
1104 5021 1256 5083 tribuere.-
1286 5020 1342 5081 red
1368 5020 1485 5099 sillem
1502 5028 1612 5101 potest,
