4525 6034
549 638 1240 720 tnnrrnncmssrnmors
1392 746 1396 755 Ι
1523 643 1573 718 aa

299 827 452 889 Habuerat
474 844 492 888 u
513 825 625 888 Fausto
646 824 780 889 Nairono
801 824 949 889 llicardus
972 827 1085 903 Simon,
1108 835 1252 908 excerpta
1273 826 1397 889 istarum
1419 826 1576 910 Liturgia·
1621 842 1713 914 optato
1731 845 1759 899 a
1778 810 1893 901 sinesii.
2012 820 2014 833 ²

214 945 296 1005 rum,
326 933 357 989 et
376 927 495 1003 illarum
517 925 697 988 mentionem
718 924 790 987 lecit
815 927 847 988 in
868 925 954 990 Notis
976 925 1014 989 ad
1035 924 1222 989 itinerarium
1243 925 1352 989 Montis
1373 925 1479 989 Libani
1500 946 1518 989 a
1541 944 1575 989 se

215 1025 328 1088 Gallice
343 1043 532 1089 conversum.
554 1022 671 1087 Nudum
693 1043 767 1087 vero
790 1027 840 1107 qui
863 1043 936 1088 sane
957 1026 1113 1088 intricatus
1137 1032 1194 1103 est,
1216 1042 1277 1087 nou
1293 1033 1352 1088 tarn
1365 1025 1466 1103 solvit,
1488 1043 1576 1107 quarn

213 1124 303 1188 scidit
325 1128 356 1187 in
376 1125 456 1188 bunc
477 1124 606 1188 modum.
630 1123 801 1187 Orientales
814 1126 846 1186 in
861 1125 967 1187 eadem
982 1142 1049 1187 cum
1063 1123 1188 1186 Graecis
1200 1124 1419 1187 recentioribus
1435 1124 1576 1206 opinione

213 1242 285 1288 esse
307 1226 460 1306 supponit,
484 1225 565 1286 circa
588 1224 826 1286 consecrationis
849 1224 992 1299 formam,
1015 1224 1111 1304 cujus,
1140 1225 1250 1304 inquit,
1273 1222 1411 1288 ellectum
1434 1241 1495 1288 non
1517 1233 1576 1287 tam

212 1323 315 1386 verbis
345 1321 517 1400 dominicis,
547 1338 635 1402 quam
664 1314 849 1385 lnroealioni
877 1323 972 1386 sancti
1002 1321 1147 1404 Spiritus,
1178 1322 1286 1386 Graeci
1318 1324 1459 1387 tribuunt
1503 1324 1576 1388 lude

212 1420 323 1485 iactuum
345 1423 530 1503 suspicatur,
552 1428 585 1483 ut
607 1420 701 1484 verba
723 1440 801 1503 quae
823 1422 860 1485 ad
884 1421 1067 1485 elllciendam
1090 1424 1348 1486 consecrationem
1371 1424 1577 1487 existimarent

211 1540 274 1585 non
297 1540 366 1585 esse
388 1524 577 1599 necessaria,
608 1523 898 1602 praetermitterent:
929 1531 1018 1604 atque
1041 1540 1152 1584 novum
1173 1521 1243 1585 inde
1266 1532 1472 1606 argumentum
1493 1524 1577 1586 nasci

208 1622 325 1702 judicat
347 1622 385 1685 de
407 1623 500 1686 solius
522 1620 723 1684 {evocationis
739 1620 867 1702 Spiritus
890 1623 985 1684 sancti
1001 1621 1038 1684 ad
1052 1622 1291 1684 consecrandum
1302 1624 1441 1687 alllcacia.
1464 1624 1577 1687 Verum

211 1723 242 1782 in
268 1719 377 1797 dubiis,
399 1722 495 1804 qualis
517 1738 591 1782 sane
610 1718 661 1781 illa
677 1722 813 1801 quaestio
831 1728 887 1798 est,
911 1721 1040 1782 maximo
1054 1721 1174 1783 testium
1187 1721 1265 1782 inter
1276 1738 1312 1783 se
1330 1724 1578 1785 consentientium

211 1839 352 1897 numero,
372 1819 463 1883 iidem
483 1820 642 1900 potiorem,
666 1838 753 1901 quam
776 1819 893 1882 duobus
916 1828 966 1882 aut
987 1819 1081 1882 tribus
1104 1819 1310 1898 adhibendam,
1328 1822 1405 1902 juris
1423 1831 1506 1886 certa
1521 1840 1578 1885 re·

210 1923 285 2007 gula
298 1929 353 1983 est.
377 1919 488 1982 Omnes
498 1936 591 2000 porro
603 1919 910 2003 GraecaeLiturgiae,
932 1936 992 1981 non
1014 1920 1111 1982 minus
1135 1936 1222 1999 quam
1233 1919 1371 1997 Latinae;
1394 1920 1578 2003 Coptitarum

210 2039 287 2099 sex,
315 2018 495 2100 Aethiopum
517 2017 692 2095 duodecim,
722 2018 968 2080 Nestorianorum
990 2025 1069 2095 tres,
1100 2018 1246 2099 Syrorum
1267 2017 1424 2100 plusquam
1446 2021 1578 2102 triginta,

209 2121 306 2183 verba
322 2117 433 2181 Christi
454 2120 572 2198 integra
595 2124 837 2198 repraesentant:
860 2135 900 2178 ex
921 2116 979 2178 illis
1001 2118 1102 2200 igitur,
1125 2135 1187 2180 non
1201 2136 1240 2180 ex
1253 2119 1346 2182 tribus
1362 2118 1576 2203 singularibus,

210 2237 338 2301 quarum
360 2236 434 2280 usos
456 2218 626 2279 rarissimus
649 2225 706 2292 est,
728 2235 802 2279 vera
826 2215 915 2279 lectio
937 2217 1001 2297 peti
1024 2214 1125 2282 debat.

298 2317 402 2399 ltaque
424 2335 484 2379 non
506 2323 635 2395 temere,
666 2315 721 2378 sed
748 2317 883 2378 maximis
911 2315 1059 2377 rationum
1087 2310 1244 2378 momentis
1266 2317 1411 2379 alllnnare
1433 2334 1493 2380 non
1516 2316 1576 2380 du·
1639 2328 1773 2382 notentur
1790 2346 1821 2384 ex
1838 2331 1894 2384 aun

208 2416 354 2497 bitumus,
384 2423 446 2479 tres
467 2414 535 2478 illas
558 2415 709 2498 Liturgias
737 2423 894 2496 corruptas
924 2432 1009 2495 esse,
1040 2432 1099 2477 non
1122 2423 1183 2477 tarn
1206 2423 1290 2478 certo
1314 2415 1458 2491 consilio,
1488 2414 1717 2496 quamlitursiir·

208 2517 402 2580 librariorum
424 2514 521 2596 culpa,
544 2515 628 2596 cujus
651 2515 844 2595 conjecturae
866 2515 998 2577 rationes
1020 2513 1129 2577 multae
1151 2521 1230 2592 sunt,
1252 2515 1330 2578 baud
1345 2515 1484 2597 equidem
1498 2532 1576 2578 oon-

209 2609 401 2680 ter'nnendae.
446 2615 549 2680 Statim
577 2631 653 2676 sero
679 2614 828 2676 neminem
849 2630 910 2676 non
932 2621 1052 2677 moveat
1074 2613 1259 2696 reliquorum
1281 2615 1409 2677 omnium
1432 2613 1576 2678 Codicum

211 2723 319 2779 contra
341 2717 502 2778 novitatem
523 2713 602 2777 illam
625 2730 803 2790 consensus,
826 2731 904 2795 quae
926 2731 1000 2776 sane
1022 2715 1048 2777 si
1069 2715 1100 2775 in
1114 2706 1256 2795 opinione
1277 2712 1338 2790 illa,
1362 2732 1449 2796 quam
1464 2712 1578 2794 depra-

209 2823 301 2878 uatae
323 2815 461 2878 lectionis
481 2814 594 2877 iontem
612 2832 682 2876 esse
700 2814 860 2893 existimat,
882 2811 1003 2876 lundata
1026 2813 1143 2893 luisset,
1166 2813 1352 2895 reperiretur
1373 2813 1404 2874 in
1426 2813 1574 2895 aliquibus

211 2917 293 2995 aliis,
318 2916 369 2996 qui
390 2920 488 2977 tannen
510 2914 621 2976 vetusti
642 2930 702 2976 non
725 2912 867 2992 luissent,
898 2913 1135 2994 qrmudoqnidem
1163 2913 1214 2976 illa
1236 2915 1318 2977 circa
1339 2913 1575 2976 consecrationis

212 3015 320 3093 verba,
342 3016 512 3092 contentio,
533 3014 656 3077 saeculo
679 3014 795 3077 decimo
817 3021 924 3096 quarto
947 3022 977 3077 et
999 3013 1116 3077 decimo
1139 3015 1242 3095 quinto
1265 3032 1326 3077 nun
1348 3022 1395 3077 est
1416 3015 1574 3094 antiquior.

210 3113 319 3196 Neque
342 3113 496 3177 lacobitae
519 3114 588 3196 Syri
610 3133 627 3176 a
649 3112 774 3176 Graecis
795 3113 939 3176 imbibere
961 3112 1040 3176 illam
1061 3121 1242 3194 potuerunt,
1269 3131 1336 3176 cum
1364 3114 1471 3195 quibus
1494 3112 1576 3174 nulla

211 3232 229 3276 a
260 3212 516 3277 Calchedonensis
546 3212 671 3276 Concilii
701 3220 837 3294 tempore
863 3212 1033 3275 babuerunt
1066 3214 1255 3276 commercia.
1306 3214 1411 3276 Natam
1439 3229 1515 3275 vero
1545 3212 1576 3272 in

211 3314 399 3377 Jacobiticae
419 3313 577 3376 Ecclesiae
601 3314 743 3395 Syriacae
766 3313 843 3392 sinu,
866 3312 1029 3392 suspicari,
1059 3311 1090 3374 id
1118 3312 1236 3393 quidem
1259 3314 1393 3376 divinare
1415 3319 1479 3389 est,
1508 3328 1576 3373 cum

212 3433 251 3476 ne
276 3414 438 3477 obscurum
461 3412 578 3494 quidem
599 3414 798 3475 innovationis
821 3413 851 3474 in
873 3428 909 3473 ea
932 3418 1018 3492 parte
1041 3411 1209 3487 doctrinae,
1238 3418 1383 3494 appareat
1404 3411 1574 3495 remigium.

303 3511 390 3587 Quod
412 3519 511 3576 autem
533 3513 674 3594 supponit
696 3519 783 3574 autor
806 3511 900 3590 idem,
932 3510 1066 3574 Graecos
1094 3511 1188 3573 verba
1211 3511 1321 3576 Christi
1348 3511 1386 3574 ad
1409 3528 1576 3574 cousecra-
1623 3518 1714 3575 direct
1737 3532 1788 3572 noa
1805 3520 1894 3571 ensu-

211 3613 324 3676 tionem
338 3612 515 3675 necessaria
532 3630 592 3675 non
609 3612 791 3691 existimare,
807 3611 844 3673 ab
860 3630 898 3673 eo
915 3610 1175 3674 vehementissime
1192 3612 1380 3690 dissentient,
1395 3612 1575 3693 quicumque
1588 3617 1656 3661 nant
1689 3606 1769 3660 verba
1802 3602 1894 3656 curisti

212 3711 371 3776 Cabasilae
384 3710 611 3793 Expositionem
622 3711 786 3795 liturgiae,
808 3709 962 3773 autblurci
978 3710 1099 3791 Ephesii
1122 3711 1298 3791 opusculum
1319 3711 1468 3794 legerunt,
1490 3711 1640 3791 cujus⁰⁰¹¹
1663 3710 1720 3748 ²³³⁰
1742 3692 1893 3748 necessaria

211 3813 281 3875 solo
313 3809 399 3873 titulo
426 3811 599 3892 conjectura
626 3811 692 3887 ejus
722 3811 876 3873 evertitur.
921 3809 950 3872 ls
978 3810 1056 3873 enim
1084 3819 1147 3888 est,
1179 3809 1259 3892 quod
1286 3830 1346 3872 non
1372 3810 1446 3871 solis
1474 3809 1577 3871 uerbis

211 3911 374 3973 domianicro
394 3908 590 3973 Eucharistiu
618 3919 822 3972 coruomutur.
867 3908 924 3982 Qui
946 3908 1073 3971 veroid
1095 3908 1232 3988 albrrnat,
1263 3909 1357 3971 verba
1386 3907 1495 3971 Cbristi
1517 3926 1576 3971 ne-

212 4011 346 4073 cessaria
358 4027 500 4073 essenon
514 4017 621 4092 negat:
644 4026 744 4089 neque
767 4009 845 4070 inter
858 4006 992 4070 Graecos
1014 4009 1202 4071 recentiores
1225 4008 1275 4090 qui
1297 4006 1393 4070 simile
1415 4006 1574 4088 quidquam

212 4109 387 4189 scripserit,
413 4108 491 4172 ullus
514 4108 693 4190 reperietur.
738 4107 799 4170 lmo
824 4108 1004 4169 contrariam
1026 4125 1153 4188 prorsus
1176 4108 1348 4188 opinionem
1371 4113 1471 4168 tuetur
1493 4107 1574 4170 Gre-

211 4210 319 4291 gorius
341 4208 585 4290 Prutosyncallus
615 4209 645 4270 in
666 4207 805 4289 Epitome
825 4207 1035 4288 mysteriorum
1058 4204 1351 4285 Graeco-Barbara,
1382 4222 1469 4287 quum
1498 4205 1574 4268 duce

212 4316 244 4371 et
267 4308 413 4392 magistro
435 4307 569 4391 Georgia
592 4305 733 4372 Curessio
756 4308 934 4387 composuit,
957 4314 988 4369 et
1010 4306 1146 4369 Venetiis
1169 4306 1314 4369 edendam
1337 4306 1462 4367 curant.
1485 4303 1576 4367 Plura

212 4407 252 4471 de
275 4426 312 4470 ea
335 4409 511 4490 quaestione
534 4427 595 4472 non
617 4408 763 4486 dicentur,
786 4406 867 4490 quud
889 4406 959 4469 alibi
982 4405 1076 4469 lusius
1099 4424 1116 4468 a
1139 4406 1225 4469 nobis
1248 4406 1384 4486 exposita
1406 4404 1455 4468 sit.
1495 4403 1571 4466 Bes«

212 4508 328 4586 sarion,
349 4507 481 4571 loannes
503 4508 541 4571 de
565 4509 803 4586 Turrecremata,
826 4506 929 4568 etalii
951 4505 1074 4584 similes,
1103 4503 1228 4568 Graecis
1255 4505 1331 4569 haec
1352 4503 1493 4587 adlngere
1515 4520 1575 4584 po-

108 4677 117 4697 ,
211 4615 351 4686 tuerunt,
373 4607 428 4669 sed
443 4625 506 4691 per
528 4626 671 4670 summam
693 4603 876 4669 caluiuniam.

299 4705 402 4789 ltaque
424 4706 536 4770 frustra
557 4707 627 4771 inde
649 4707 804 4789 quaeritur
825 4706 913 4788 origo
937 4704 1166 4770 absurdissimae
1193 4707 1349 4784 novitatis,
1374 4723 1452 4787 quae
1475 4712 1573 4767 tamen
1620 4719 1700 4774 tlnlto
1715 4720 1797 4773 niani
1817 4718 1893 4775 treo-

212 4807 239 4868 si
261 4825 338 4869 vere
360 4805 439 4887 apud
462 4805 596 4870 Graecos
618 4814 715 4869 ortum
737 4804 908 4882 habuisset,
936 4823 994 4886 qua
1016 4806 1132 4877 ratione
1154 4807 1273 4869 tandem
1295 4806 1332 4869 ad
1354 4823 1484 4887 paucos,
1513 4822 1573 4867 non
1586 4804 1661 4859 biae.

212 4904 251 4966 ad
267 4924 371 4969 omnes
379 4906 531 4969 lacobitas
540 4906 741 4988 pervenisset,
764 4922 841 4986 quos
863 4912 950 4987 peste
973 4922 1031 4986 qua
1053 4924 1114 4970 non
1136 4905 1323 4985 laborabant,
1346 4904 1454 4968 Graeci
1474 4904 1573 4968 aillare

210 5022 275 5067 non
304 5012 459 5086 poterant,
490 5007 541 5087 qui
570 5006 680 5069 nullum
710 5023 776 5068 cum
804 5004 862 5067 illis
890 5004 1038 5066 haberent
1059 4988 1319 5067 communionem?
1363 5003 1460 5067 Gratis
1482 5006 1574 5087 igitur

211 5102 290 5167 baec
311 5104 390 5168 dicta
412 5113 497 5186 sunt,
522 5106 637 5186 absque
658 5104 718 5168 ulla
740 5103 937 5168 Orientalium
959 5104 998 5166 de
1020 5122 1145 5186 quorum
1167 5104 1259 5167 rebus
1282 5104 1380 5185 agitur
1403 5106 1572 5182 autoritate,

252 5238 374 5287 romu
1321 5220 1369 5295 14
