4525 6034
415 2006 573 2079 significatio
590 2008 693 2062 lorinu-

381 2093 423 2147 laa
441 2095 537 2149 &ncta
556 2099 659 2153 sanctia.

709 535 783 612 lio
1081 541 1731 644 observationes

705 730 783 786 tates
816 724 984 805 producant
1011 724 1249 805 Episcoporum,
1278 726 1536 804 Patriarcbarum,
1568 725 1738 807 Canonum,
1770 730 1934 809 Ritualian,
1953 733 2040 813 qubm

703 822 921 887 Eucharistiam
943 841 1006 887 non
1030 824 1151 886 adorari
1173 825 1335 905 probetnr;
1366 833 1416 888 aut
1444 843 1523 907 quac
1552 826 1776 892 inclinationem
1810 832 1895 893 totins
1921 834 2042 912 corporis,

704 940 898 1004 genuumque
921 939 1023 986 coram
1046 924 1096 985 illa
1119 923 1281 986 flexionem
1309 924 1504 1006 prohibeant:
1532 925 1583 988 vel
1614 926 1735 990 tandem
1766 930 1902 992 monitum
1925 929 2041 1012 liturgiis

703 1021 900 1102 inscriptum,
922 1040 1000 1103 quo,
1023 1023 1108 1084 utin
1130 1022 1319 1104 Anglicana,
1341 1031 1505 1103 caveatur,
1528 1042 1567 1088 ne
1590 1027 1658 1105 quis
1680 1032 1845 1107 propterea
1860 1027 2043 1092 Eucharistiae

705 1120 834 1183 adorare
863 1121 965 1185 vellet
1010 1122 1093 1185 Haec
1122 1123 1201 1184 enim
1228 1128 1299 1185 sunt
1326 1136 1505 1207 argumenta
1535 1127 1643 1209 quibus
1678 1130 1709 1190 in
1738 1145 1830 1192 causa
1853 1136 1906 1191 tam
1925 1133 1993 1192 seria
2010 1134 2044 1194 uti

704 1225 833 1304 quisque
855 1225 960 1304 debet,
984 1242 1045 1288 non
1067 1225 1206 1287 inanibus
1227 1225 1486 1308 peregrinantium
1508 1235 1560 1289 aut
1583 1235 1782 1290 mercatorum
1805 1229 2043 1307 narrationibus,a

705 1321 813 1401 qubus
836 1330 936 1384 tamen
960 1342 1021 1385 non
1043 1323 1139 1386 semel
1160 1341 1288 1406 magnus
1311 1323 1361 1386 ille
1384 1323 1527 1388 Claudius
1551 1326 1713 1406 vapulavit.
1756 1326 1835 1390 Nibil
1855 1328 2043 1390 contraralent

703 1418 866 1483 familiares
888 1421 1042 1502 Epistulae
1064 1423 1214 1485 bominum
1237 1423 1267 1484 in
1289 1422 1401 1504 Anglia
1424 1423 1462 1486 de
1485 1423 1748 1506 Constantinopoli
1768 1429 1978 1490 somniantium:
1996 1435 2044 1491 non

703 1520 886 1583 nebulonum
909 1539 966 1601 per
986 1520 1139 1601 Europam
1162 1522 1390 1584 discurrentium
1413 1523 1565 1604 perjuria,
1588 1523 1681 1587 multo
1703 1527 1799 1588 minus
1822 1543 1928 1607 gerrae
1947 1527 2044 1589 llottin-

703 1622 860 1701 gerianae.
904 1620 1011 1701 Neque
1033 1628 1134 1682 tamen
1157 1621 1222 1684 aliis
1246 1622 1455 1684 autoritatibus
1476 1612 1652 1707 παράδοξα
1664 1624 1703 1685 de
1721 1623 1920 1687 Orientalibus
1931 1643 1978 1686 sua
1993 1635 2044 1686 sta-

703 1720 815 1796 bilivit,
839 1718 1078 1796 Catholieorum,
1100 1729 1134 1782 ut
1156 1721 1221 1782 suis
1242 1720 1340 1782 dictus
1363 1727 1427 1797 est,
1460 1722 1605 1783 maximus
1634 1722 1850 1803 triumphator,
1881 1740 1952 1803 quae
1975 1724 2044 1785 rale-

703 1818 779 1881 bunt
802 1818 881 1900 apud
904 1818 1038 1881 eruditos
1061 1827 1092 1880 et
1113 1820 1251 1882 veritatis
1274 1826 1424 1897 amantes,
1453 1820 1480 1881 si
1509 1820 1629 1901 wando
1648 1820 1813 1902 judicatum
1837 1819 1922 1884 luerit
1947 1823 2045 1884 neride

705 1936 766 1981 non
789 1919 904 1981 lucere.

797 2008 843 2080 De
866 2015 993 2079 formula
1015 2016 1131 2078 &ncta
1153 2018 1286 2092 emulis,
1305 2015 1366 2097 pm
1389 2017 1533 2081 nonnulla
1555 2017 1682 2081 dicenda
1704 2026 1782 2080 sunt.
1825 2017 1905 2081 lilius
1919 2018 2046 2100 significa-

705 2120 747 2182 tio
770 2117 988 2199 simplicissima
1011 2122 1073 2193 est,
1098 2133 1207 2196 nempe
1229 2115 1361 2193 Senem,
1390 2114 1449 2178 boc
1479 2126 1527 2179 est
1554 2118 1698 2198 mysteria
1727 2117 1831 2179 verbis
1862 2118 2046 2179 Dominiciset

706 2220 837 2283 adventu
861 2216 990 2296 Spiritus
1012 2215 1108 2276 saarcti
1131 2221 1326 2292 consecrata,
1359 2231 1421 2276 non
1449 2234 1521 2279 csse
1549 2216 1664 2294 danda,
1694 2216 1753 2278 nisi
1783 2218 1909 2295 sanctis,
1938 2215 1987 2277 boc
2011 2223 2046 2277 est

705 2316 843 2381 fidelibus
866 2313 1042 2378 Christianis
1064 2314 1114 2394 pia
1137 2322 1168 2375 et
1190 2320 1295 2375 sancte
1317 2313 1504 2393 viventibus,
1527 2322 1559 2377 et
1580 2314 1758 2377 immunibus
1781 2332 1799 2375 a
1822 2315 1966 2395 peccatis,
1986 2331 2046 2395 quae

707 2416 833 2479 animam
855 2431 916 2476 uno
939 2414 1001 2475 ictu
1030 2412 1199 2491 perimunt,
1233 2420 1264 2475 et
1285 2430 1342 2492 per
1363 2414 1578 2493 poenitentiam
1601 2414 1713 2476 debent
1734 2415 1863 2494 expiari.
1905 2414 1946 2476 lta
1959 2414 2046 2492 passio

705 2516 783 2578 baec
804 2513 897 2576 verba
920 2511 1108 2593 explicantur
1131 2529 1149 2573 a
1172 2511 1337 2594 Theologis
1360 2511 1562 2576 Orientalibus
1580 2516 1668 2594 juxta
1691 2530 1880 2576 communem
1891 2513 2047 2575 Graecoran

707 2615 827 2678 Patrum
850 2612 1023 2676 doctrinam.
1068 2610 1112 2673 lta
1136 2609 1256 2673 Gabriel
1279 2611 1450 2674 Patriarcba
1480 2612 1722 2690 Alexandrinus,
1751 2611 1880 2674 llicbael
1907 2608 2048 2673 Antioche-

707 2732 784 2793 nus,
807 2723 838 2776 et
860 2713 909 2775 alii
931 2710 1025 2773 multi.
1070 2710 1102 2772 ln
1125 2709 1263 2772 Ecclesia
1286 2710 1502 2788 Alexandrina,
1525 2711 1620 2773 verba
1642 2713 1708 2792 ipsa
1729 2719 1762 2773 ut
1784 2711 1896 2773 multae
1919 2709 1985 2771 aliae
2003 2725 2048 2768 re-

708 2822 791 2877 teres
813 2811 976 2889 formulae,
1000 2808 1116 2872 Graece
1139 2808 1375 2890 pronunciantur
1402 2798 1451 2870 Τὰ
1473 2800 1553 2893 ἅγια
1570 2810 1642 2883 τοῖς
1663 2801 1784 2893 &pinam
1808 2809 1935 2890 quaeob
1950 2807 2048 2887 linguae

707 2912 843 2976 Graecae
867 2910 1055 2999 imperitiam,
1078 2927 1139 2971 non
1161 2925 1222 2971 uno
1243 2908 1333 2971 modo
1355 2908 1487 2971 Arabice
1510 2910 1705 2990 interpretata
1728 2918 1806 2971 sunt.
1853 2908 1886 2970 ln
1901 2904 2048 2989 quibusdan

706 3014 786 3075 enim
809 3010 972 3075 Codicibns
995 3009 1089 3071 verba
1113 3007 1243 3070 Arabica
1265 2997 1449 3091 significant,
1472 3009 1530 3070 boc
1551 3017 1756 3070 caremtenam
1777 3018 1962 3080 cunctorum,
1988 3020 2048 3084 quae

705 3112 856 3176 sententia
873 3111 922 3191 pia
944 3108 1015 3170 licet
1037 3114 1068 3170 et
1082 3126 1167 3184 vera,
1187 3107 1289 3170 vorbis
1303 3116 1402 3170 tamen
1425 3124 1486 3169 non
1513 3109 1664 3169 convenit.
1703 3108 1771 3188 Syri
1794 3108 1823 3169 in
1850 3102 2049 3188 quorumuullis

706 3209 871 3272 Codicibus
895 3207 944 3271 iila
967 3224 984 3268 a
1007 3205 1094 3269 nobis
1114 3205 1233 3268 Graece
1254 3215 1378 3287 reperta
1400 3214 1484 3283 sunt,
1508 3204 1626 3268 inlicitas
1649 3206 1754 3270 eadem
1783 3216 1857 3269 sunt
1878 3202 2048 3284 interpretati,

706 3310 760 3371 sed
792 3312 833 3372 ita
863 3316 896 3370 ut
922 3305 1069 3388 quaedam
1102 3304 1287 3383 addiderint,
1321 3313 1431 3367 sancta
1451 3307 1582 3380 mactis,
1612 3308 1643 3366 ia
1661 3306 1868 3385 perfectione,
1894 3307 2049 3384 patabat

705 3411 866 3470 sanctitate
894 3408 1065 3469 cadmatatr.
1111 3405 1144 3466 ln
1175 3404 1330 3485 plerisque
1359 3404 1425 3466 aliis
1454 3404 1629 3485 simpliciter
1656 3404 1785 3487 legitur,
1817 3412 1924 3467 sanctu
1947 3402 2048 3464 amada

707 3506 783 3579 Quid
807 3506 864 3568 illis
887 3507 988 3568 verbis
1017 3504 1200 3567 intellexerit
1229 3512 1317 3566 vetars
1346 3502 1499 3580 Ecclesia,
1532 3511 1564 3565 ct
1592 3502 1662 3582 qaid
1691 3514 1800 3567 acawtc
1827 3501 2049 3586 significaverint:

706 3594 749 3666 τὰ
771 3593 850 3686 ἅγια
870 3590 1048 3687 μυστήρια,
1071 3621 1132 3665 non
1156 3604 1236 3665 actio
1257 3603 1323 3683 ipsa
1351 3620 1455 3679 sacra,
1485 3610 1517 3664 et
1547 3601 1713 3664 celebratio
1743 3600 1948 3664 Eucharistiae
1973 3615 2049 3660 voca-

704 3702 829 3778 bantur,
853 3703 908 3766 sed
931 3702 1010 3764 dona
1032 3703 1097 3765 sive
1126 3701 1274 3764 elementa
1304 3702 1390 3781 panis
1419 3709 1451 3763 et
1479 3702 1557 3777 vini,
1587 3703 1617 3762 in
1647 3700 1733 3763 altari
1761 3704 1918 3782 proposita
1945 3707 1973 3763 et
1995 3714 2050 3758 nox

706 3813 902 3882 consecrata,
925 3821 1020 3883 quae,
1043 3809 1075 3865 ut
1097 3809 1169 3864 tunc
1191 3801 1300 3864 Graeci
1322 3787 1364 3862 τᾶ
1386 3789 1464 3881 ἅγια
1486 3797 1593 3886 δῶρα,
1622 3800 1661 3862 ita
1685 3800 1858 3863 Orientales
1880 3807 1979 3862 sancta
1997 3814 2050 3876 atp-

705 3906 818 3978 ateric,
841 3910 891 3966 aut
915 3901 1092 3983 simpliciter
1114 3909 1223 3963 acawta
1251 3899 1413 3982 appellant.
1458 3898 1541 3962 Haec
1571 3899 1787 3978 denominatio,
1818 3909 1851 3963 nt
1881 3901 1968 3973 aliae,
1993 3915 2051 3958 cor·

701 4004 792 4081 poris
812 4003 913 4062 annoti
933 4010 964 4063 ct
984 4001 1141 4079 aminis
1160 3998 1303 4078 menon,
1333 4016 1392 4080 qna
1420 3999 1513 4081 vulgo
1542 4000 1586 4060 uti
1614 3998 1731 4075 solent,
1765 4017 1872 4062 omnes
1899 4014 1994 4060 eornm
2011 3992 2051 4072 qui

707 4100 891 4164 catholicam
913 4099 951 4161 de
974 4098 1161 4161 Eucharistia
1184 4097 1349 4159 doctrinam
1377 4098 1553 4178 impugnant
1581 4098 1715 4160 rationes
1746 4100 1867 4161 evertit.
1911 4097 2053 4160 inhaeren-

705 4207 765 4261 tem
789 4199 867 4261 enim
890 4199 964 4278 ipsis
987 4196 1145 4259 elementis
1169 4196 1435 4260 sanctificationem
1459 4196 1624 4277 significat,
1648 4214 1709 4259 non
1731 4195 1810 4258 illam
1833 4192 2051 4276 metaphoricam,

705 4318 745 4360 ex
768 4315 824 4359 usu
846 4295 1019 4359 eorumdem
1042 4295 1259 4358 elementorum
1281 4313 1348 4357 cum
1371 4294 1447 4373 dde,
1470 4313 1558 4376 quam
1580 4294 1676 4358 solum
1698 4294 1827 4357 mediam
1850 4312 1911 4376 quo
1931 4293 2053 4371 accipitur

704 4414 817 4476 corpus
841 4394 967 4470 Cbristi,
990 4411 1060 4456 csse
1082 4393 1197 4455 volunt
1241 4392 1351 4456 Sancta
1377 4401 1447 4457 sunt
1473 4393 1551 4456 enirn
1581 4403 1737 4475 antequam
1769 4395 1980 4475 suscipiantur3
2003 4402 2051 4450 act

706 4497 735 4558 in
758 4497 823 4577 ipsa
846 4494 1056 4572 susceptione,
1078 4500 1183 4555 sancta
1206 4491 1296 4571 dunt,
1320 4492 1379 4556 hoc
1401 4500 1449 4556 est
1471 4511 1582 4574 corpus
1604 4502 1636 4555 et
1657 4494 1781 4575 sanguis
1804 4493 1925 4557 Christi.
1965 4489 2051 4567 Neque

705 4594 848 4657 sanctitas
870 4589 920 4654 illa
943 4590 1072 4672 simplex
1094 4591 1334 4666 estbenedictio‚
1357 4601 1409 4655 aut
1431 4594 1621 4656 consecratio
1642 4594 1785 4655 materiae
1808 4593 1845 4655 ad
1869 4592 1987 4675 gratiam
2005 4584 2052 4648 ali·

708 4711 798 4773 quam
820 4688 1068 4754 sacramentalem
1091 4689 1305 4753 conferendam
1332 4690 1516 4769 destinatae,
1547 4698 1580 4754 ut
1607 4708 1719 4773 aquae,
1747 4700 1778 4755 et
1806 4692 1884 4771 olei,
1913 4696 1961 4752 aut
1984 4684 2053 4748 cbri-

706 4790 820 4854 smatis.
865 4788 918 4852 llla
941 4789 1019 4850 enim
1041 4790 1228 4853 sanctitatem
1251 4790 1407 4872 quamdam
1429 4808 1487 4871 per
1500 4793 1653 4854 orationes
1666 4790 1823 4854 Ecclesiae
1841 4788 2051 4872 percipiautel

706 4908 743 4952 ea
766 4890 883 4951 ratione
905 4894 1009 4950 sancta
1032 4905 1108 4968 aqua
1129 4888 1288 4967 iordanis,
1311 4890 1377 4953 sive
1398 4890 1568 4971 baptisterii
1590 4891 1713 4969 dicitur,
1736 4899 1872 4954 sananim
1885 4890 1986 4969 Myron
1999 4884 2051 4945 sin

706 4985 859 5067 Gbrisma,
883 4994 1019 5049 sanctum
1041 4986 1158 5050 oleum:
1180 4997 1210 5051 at
1232 4999 1368 5053 sanctum
1391 4989 1528 5053 absolute
1550 4991 1616 5054 sire
1638 4998 1747 5053 anneta
1766 4978 1811 5053 aa}
1831 4979 1920 5070 ἅγια,
1942 4985 1977 5049 de
2000 4976 2052 5043 solt
