4525 6034
583 526 636 601 hl)
657 524 866 602 mutauit
887 522 1080 601 topheth
1100 524 1132 602 S.
1150 524 1296 602 hisnu.
1554 522 1627 596 169

255 704 301 816 πρ
327 703 402 789 ιαῷ,
432 672 537 793 σχολῇ
562 706 618 773 καὶ
646 694 768 791 βάδην,
797 703 854 771 καὶ
889 695 988 770 αὐτοὶ
1012 695 1151 819 ᾅδουσιν
1172 703 1228 770 καὶ
1240 695 1581 820 mqqerrlarouorr'
1534 705 1629 790 αυτῷ

253 826 314 869 σιν
336 802 426 871 ardor
439 826 539 892 ordorp
559 804 615 870 καὶ
637 797 814 889 anteacta,
834 795 986 918 deductor
1014 794 1143 891 μνήμης
1170 828 1240 891 παρ
1262 795 1377 869 ἀὐτοῦ
1398 804 1508 883 τυχεῖν
1530 798 1565 867 ἐι
1586 803 1628 891 τῇ

252 904 317 967 τῶν
344 896 458 990 δώρων
483 904 703 1021 ιιροςαγοιχῆ,ν
716 902 772 969 καὶ
799 892 903 978 asinoe
929 907 1028 992 χωρεῖ
1054 925 1100 967 τε
1098 895 1264 984 wenemarus
1291 895 1358 967 ὑπὸ
1389 889 1543 982 λαμπάσι
1572 900 1628 968 καὶ

251 995 450 1085 θυμιάμασι
470 1000 582 1068 καὶ(
548 998 654 1080 οὕτως
681 998 767 1083 ἔχων
787 996 826 1068 cd
848 995 1089 1091 θυσιαστήριον
1115 996 1300 1090 εἰςέρχεται.
1334 1003 1490 1065 Sacerdos
1517 1022 1630 1085 maprra

251 1123 327 1166 ooce
348 1105 525 1186 Doaoloqia
547 1108 590 1168 ad
610 1106 706 1168 lieren
728 1105 822 1181 dicta,
844 1105 928 1166 omit
947 1104 991 1164 ad
1011 1104 1094 1165 dama
1115 1111 1235 1179 sancta,
1261 1121 1356 1183 eaque
1376 1104 1435 1163 rite
1456 1120 1547 1180 asper
1570 1123 1628 1167 ca-

247 1208 305 1283 put
325 1206 466 1266 cochem
483 1207 689 1286 propreditar,
717 1207 812 1267 etita
833 1204 887 1265 illa
906 1210 1031 1283 pestana
1058 1204 1102 1264 ad
1122 1203 1221 1264 altare
1246 1201 1355 1282 baert,
1384 1201 1460 1262 data
1481 1219 1575 1280 opera
1596 1205 1629 1265 la

250 1302 395 1365 Ecclesia
415 1305 492 1366 onte
514 1313 544 1366 et
563 1307 675 1366 sessim
692 1324 752 1384 pm
773 1304 930 1366 οἰιαιὲιιιιιι
953 1300 1126 1363 ambulans:
1153 1302 1199 1362 illi
1219 1308 1319 1362 cotem
1341 1307 1453 1361 canunt
1474 1308 1505 1361 et
1522 1304 1629 1382 proci

252 1403 326 1464 ὀιαιι
348 1422 457 1464 coram
479 1422 516 1465 eo
538 1423 605 1465 οιαιι
626 1404 799 1465 reverentia
821 1403 985 1464 ethonore
1013 1402 1163 1477 marimo,
1193 1408 1335 1481 roqamtes
1362 1407 1397 1462 aa
1424 1401 1456 1461 im
1478 1398 1630 1461 oblatione

251 1502 402 1562 donorum
429 1504 604 1564 memoriam
626 1505 676 1563 eati
701 1502 831 1563 habeat:
858 1500 928 1579 lpse
949 1500 1098 1562 deductas
1118 1519 1187 1562 οιαιι
1209 1498 1400 1579 lampadibus
1422 1506 1452 1560 et
1473 1498 1627 1574 odoribus,

247 1599 327 1660 ltere
349 1601 383 1660 in
410 1601 530 1662 modion
556 1601 600 1662 od
627 1601 725 1662 altare
751 1599 927 1680 inpeditur.
974 1597 1062 1671 Quuod
1084 1600 1178 1680 igitur
1205 1599 1287 1660 circa
1315 1605 1431 1678 tempus
1462 1615 1522 1678 quo
1552 1598 1628 1660 haec

249 1700 348 1760 oratio
374 1699 434 1760 dici
456 1697 561 1778 debet,
592 1699 774 1762 observatur
801 1716 818 1760 a
842 1698 980 1778 Coptitis,
1009 1698 1105 1760 simile
1135 1705 1183 1759 est
1205 1695 1389 1759 Graecorum
1418 1699 1626 1760 caeremoniae

250 1816 329 1878 quae
353 1817 485 1878 maqoar
506 1797 650 1860 introitus
672 1798 790 1877 dicitur,
814 1815 851 1860 eo
875 1804 987 1860 tantum
1009 1797 1191 1875 discrimine,
1216 1796 1297 1878 quod
1320 1796 1369 1858 isti
1392 1812 1458 1857 eam
1487 1794 1629 1859 differunt

248 1915 348 1977 usque
379 1896 419 1958 ad
446 1896 611 1977 perfectam
641 1896 798 1979 Evangelii
825 1895 1004 1974 lectionem,
1035 1895 1077 1956 illi
1104 1897 1309 1976 praemittunt.
1353 1894 1399 1956 De
1428 1913 1465 1956 ea
1487 1911 1505 1955 a
1527 1895 1628 1957 miultis

250 1997 397 2076 scriptum
421 2005 478 2075 est,
502 2004 564 2059 tum
586 1997 667 2074 olim,
689 2004 750 2058 tum
773 1997 832 2058 isto
855 1994 996 2058 saeculo:
1029 1994 1099 2058 olim
1123 1995 1272 2077 quiajam
1303 2013 1343 2057 ex
1366 2011 1426 2074 quo
1455 1993 1627 2055 Florentiae

248 2094 422 2158 laboratum
446 2104 492 2160 est
516 2096 554 2160 de
577 2095 740 2160 sancienda
763 2097 842 2157 inter
854 2094 988 2157 Graecos
1012 2102 1042 2158 et
1063 2094 1188 2158 Latinos
1211 2093 1384 2172 concordia,
1409 2109 1426 2151 a
1450 2092 1628 2173 quibusdam

249 2215 290 2258 ex
312 2196 489 2258 Latinorum
511 2204 598 2277 parte
621 2196 786 2278 'theologis
809 2195 942 2257 accusati
972 2204 1041 2258 sunt
1063 2193 1192 2273 Graeci,
1216 2194 1298 2275 quod
1325 2191 1514 2267 saeradona
1538 2198 1627 2252 ante-

250 2313 340 2377 quam
364 2313 423 2374 per
436 2296 695 2358 consecrationem
720 2302 915 2357 transmutata
939 2292 1111 2356 fuissentin
1127 2292 1370 2375 eorpus.Christi
1391 2299 1422 2354 et
1436 2293 1626 2373 sanguinem,

250 2396 310 2458 iilis
333 2393 502 2457 honoribus
525 2404 804 2476 prosequerentur,
828 2395 878 2475 qui
901 2393 990 2456 nudis
1013 2393 1171 2456 elementis
1202 2393 1366 2466 conuenire
1389 2409 1450 2454 nun
1473 2398 1625 2471 poterant.

247 2494 311 2557 Alii
334 2493 490 2575 negabant
512 2495 591 2557 dona
618 2512 653 2557 se
677 2503 747 2557 ante
770 2494 1030 2557 consecrationem
1059 2494 1203 2570 adorare,
1232 2491 1287 2555 sed
1315 2490 1473 2554 venerari:
1501 2507 1562 2552 non
1593 2496 1627 2550 ut

248 2612 363 2674 corpus
376 2591 500 2674 Christi,
516 2596 564 2656 cui
584 2612 677 2656 verus
692 2588 847 2679 λατρείας
859 2593 956 2656 cultus
972 2591 1157 2656 debehaturz
1176 2610 1277 2672 neque
1292 2591 1445 2652 honorare
1462 2595 1574 2651 tantum
1593 2592 1627 2648 ut

248 2712 356 2759 sacras
371 2692 530 2775 imagines,
544 2693 599 2756 sed
614 2695 774 2774 anticipata
790 2692 917 2773 quadam
928 2692 1126 2754 veneratione
1147 2691 1302 2772 prosequi,
1320 2698 1459 2770 tanquam
1473 2696 1626 2750 transmu-

248 2792 341 2856 tanda
355 2810 428 2855 mon
441 2795 472 2854 in
485 2791 596 2855 Christi
608 2810 730 2854 carnem
742 2800 773 2855 et
786 2794 972 2874 sanguinem.
982 2789 1115 2853 Alterius
1130 2809 1206 2853 vero
1220 2789 1335 2852 saeculi
1348 2789 1433 2850 initio
1443 2786 1626 2870 Apologiam

247 2894 330 2956 illius
353 2895 431 2955 ritus
454 2891 547 2954 edidit
568 2892 703 2955 Venetiis
734 2890 855 2953 Gabriel
877 2892 1008 2956 Severus
1037 2888 1258 2970 Philadelphiae
1280 2886 1484 2968 Metropolita,
1508 2904 1627 2967 quaea

248 2994 318 3054 viro
342 2992 517 3055 doctissimo
548 2998 618 3054 ante
641 3008 736 3054 annos
767 2990 881 3072 aliquot
909 2989 1026 3052 Graece
1048 2996 1079 3051 et
1101 2988 1208 3052 Latine
1230 2990 1337 3050 iterum
1367 2985 1447 3048 edita
1471 2992 1535 3063 est,
1559 3003 1627 3047 eum

249 3093 333 3156 notis
355 3092 525 3155 fusissimis.
549 3090 608 3164 out
630 3091 717 3171 plura
739 3090 822 3153 volet
844 3094 969 3171 praeter
991 3089 1131 3151 Germani
1154 3085 1482 3165 constantinopolitani
1505 3083 1543 3147 de
1566 3085 1626 3147 hoc

249 3198 434 3275 argumento
457 3190 690 3271 expositionem,
712 3189 796 3272 legat
827 3189 997 3252 Simeonem
1021 3187 1321 3271 Thessalonicensem
1351 3183 1401 3246 lib.
1431 3183 1468 3246 de
1500 3182 1626 3262 Templo

250 3299 284 3354 et
311 3289 350 3351 de
380 3280 490 3352 sacris'
506 3288 752 3352 Ordinationihus
779 3307 844 3369 cap.
867 3288 896 3351 3.
940 3288 1083 3350 ΑΙΙιιῑίιιιο
1110 3287 1148 3349 de
1176 3286 1269 3349 Missa
1299 3282 1627 3365 praesanctificetorum

249 3408 332 3451 uum.
365 3393 396 3454 7
425 3387 607 3449 Goarium
599 3405 629 3450 un
652 3387 739 3451 Notis
769 3387 805 3450 ad
829 3387 1048 3468 Euehologium
1072 3393 1102 3448 et
1125 3385 1320 3463 Glossarium,
1344 3383 1395 3445 uhi
1418 3382 1510 3444 multa
1531 3399 1626 3462 prae-

249 3497 339 3551 terea
362 3488 401 3550 de
423 3486 475 3549 illo
497 3490 557 3549 ritu
580 3486 741 3549 observata
765 3494 851 3562 sunt3
876 3488 926 3568 qui
950 3494 1090 3567 quantum
1114 3484 1152 3547 ad
1176 3484 1311 3547 Graecos
1342 3482 1449 3545 attinet
1471 3481 1544 3544 satis
1567 3498 1626 3567 ιιι-

249 3589 385 3669 plicatus
415 3596 472 3651 est.
524 3586 597 3649 Cum
628 3604 703 3648 vero
734 3584 899 3648 doctissimi
932 3585 973 3647 illi
1005 3585 1062 3647 viri
1096 3584 1274 3665 scripserint
1308 3581 1427 3662 quando
1463 3558 1625 3642 Orientalis

249 3686 432 3768 disciplina,
459 3685 613 3768 liturgica
643 3686 838 3765 praesertim,
868 3685 899 3746 in
928 3702 1037 3765 magna
1070 3683 1255 3746 obscuritate
1285 3683 1413 3764 jaceret,
1444 3679 1514 3760 quid
1546 3674 1625 3757 apud

251 3787 362 3868 Syros,
385 3786 523 3866 Coptites
546 3792 596 3846 aut
618 3784 693 3846 alios
725 3786 805 3847 circa
828 3784 905 3846 hano
935 3785 1001 3864 eJus
1028 3792 1145 3863 partem
1173 3790 1366 3859 servaretur,
1393 3778 1525 3842 nondum
1553 3775 1627 3838 satis

249 3887 425 3967 expositum
448 3892 504 3947 est.

342 3984 449 4047 Editor
471 3982 692 4065 Opuseulorum
722 3982 869 4045 Gabrielis
901 4001 967 4044 eum
997 3981 1077 4043 illam
1107 3986 1297 4060 exponeret:
1327 3977 1366 4040 de
1388 3960 1533 4039 Ruthenis
1556 3974 1627 4056 qui·
1666 3970 1738 4023 Ritus
1753 3970 1797 4021 1¹¹0
1812 3970 1951 4021 communie

250 4087 323 4149 dem
347 4102 386 4145 ex
408 4082 584 4145 Alexandro
608 4080 765 4163 Guagnino
789 4089 820 4145 et
842 4081 924 4159 aliis,
948 4082 986 4145 de
1012 4080 1211 4161 Aethiopibus
1238 4098 1278 4142 ex
1300 4076 1463 4139 Alvarezio
1486 4083 1627 4138 constare
1641 4065 1680 4111 0⁸*
1694 4056 1838 4125 Aegyptiis.

251 4185 360 4248 docuit
382 4200 436 4245 eos
459 4182 555 4244 simile
578 4180 717 4262 quiddam
741 4180 853 4243 habere
876 4182 938 4243 suis
962 4182 991 4243 in
1014 4180 1175 4263 Liturgiis3
1199 4178 1237 4241 de
1260 4176 1325 4239 aliis
1339 4175 1515 4239 Christianis
1537 4189 1626 4234 uerno

253 4283 336 4366 qnod
360 4283 463 4360 sciam,
486 4280 546 4344 tale
570 4282 730 4362 quidquam
753 4284 915 4344 memoriae
934 4278 1073 4360 prodidit.
1095 4280 1208 4341 Verum
1223 4296 1264 4340 ex
1282 4274 1438 4338 autoribus
1451 4273 1627 4336 certissimis

253 4401 383 4465 quorum
407 4398 478 4443 mox
501 4400 519 4442 a
540 4382 629 4443 nobis
653 4380 821 4443 testimonia
843 4379 1037 4460 proferentur
1060 4378 1219 4455 discimus,
1243 4374 1379 4456 Coptitas
1402 4372 1508 4436 eadem
1529 4388 1628 4432 vene-

252 4485 375 4546 ratione
398 4480 477 4543 dona
500 4497 599 4559 sacra,
623 4489 783 4560 antequam
805 4478 941 4560 perlecta
965 4479 1157 4541 consecratio
1173 4476 1215 4555 tit,
1239 4474 1397 4555 prosequi,
1420 4471 1501 4553 quod
1521 4467 1626 4549 paucis

253 4590 303 4645 est
327 4579 555 4644 ostendendum.
578 4580 678 4643 Autor
699 4578 1104 4644 ScientiaeEcclesiastieae.
1127 4576 1262 4638 Postea
1284 4592 1362 4655 qaae
1383 4570 1523 4653 superias
1545 4570 1629 4630 dicto

252 4690 336 4756 sant,
359 4680 514 4744 Sacerdos
531 4681 744 4760 propredietar
763 4680 807 4740 ad
835 4680 935 4741 altare
957 4696 1088 4759 parcam
1105 4676 1268 4755 prothesis,
1298 4673 1406 4751 (utitur
1435 4680 1522 4733 autor
1549 4687 1629 4734 voce

252 4779 388 4842 Arabica
406 4778 616 4841 Taladdamet
637 4796 715 4859 quae
730 4777 835 4841 eadem
848 4785 1012 4857 usurpatur
1034 4777 1065 4837 in
1087 4775 1174 4838 istius
1196 4773 1340 4835 orationis
1363 4770 1459 4850 titulo,
1481 4773 1627 4852 proposi·

252 4880 427 4958 tionemque
451 4877 613 4960 significat,
637 4873 726 4956 atque
751 4876 828 4939 adeo
851 4867 1043 4961 Πρόθεσιν)
1065 4895 1106 4937 ea
1128 4893 1186 4955 qao
1209 4869 1478 4951 acctpietdooom,
1501 4870 1558 4933 hoc
1581 4879 1628 4934 est

251 4995 364 5059 panem
386 4974 635 5055 Eucharisticum,
659 4996 745 5057 quem
766 4984 877 5037 attente
899 4977 1040 5055 dispiciet
1059 4995 1098 5037 oe
1116 4973 1299 5053 sortefitms
1321 4972 1377 5032 sit.-
1396 4972 1509 5050 fissura
1530 4977 1630 5031 actem

1342 5084 1427 5160 37*
