4525 6034
396 1692 435 1744 lle
452 1691 546 1747 Notitia
559 1690 671 1745 Diceae·

363 1796 422 1831 scos
444 1779 633 1834 Alexandrinae
656 1796 672 1831 a

362 1866 507 1938 Beueregio‘
535 1861 674 1933 publicata?

684 572 761 647 420
1089 543 1666 653 uarruurru'cur

684 763 767 832 siam
793 764 827 833 in
852 763 936 835 urbe
969 774 1083 836 sancta
1119 785 1187 835 non
1221 762 1359 852 habeat,
1393 773 1530 837 servata
1562 773 1614 836 est
1641 764 1865 852 consuetudo,
1896 774 1934 836 ut
1962 787 2046 860 pro-

682 882 790 973 prium
817 900 933 953 omnes
959 878 1102 953 babeant
1127 879 1339 977 Episcopum.
1392 881 1441 953 lta
1467 879 1672 969 Nestorium,
1699 883 1791 977 prius
1818 902 1916 976 quam
1941 881 2045 954 laco-

684 993 775 1067 bitae
801 1018 896 1068 suum
921 997 987 1068 illic
1012 996 1259 1093 Metropolitam
1286 1002 1457 1070 instituere
1484 1007 1561 1069 ante
1576 991 1803 1093 septingentos
1830 1018 1935 1069 annos
1962 1019 2046 1069 coe·

683 1121 815 1206 perunt,
841 1135 935 1185 suum
962 1111 1146 1185 habebant:
1179 1114 1342 1210 Aegyptii
1376 1137 1489 1187 suum:
1523 1115 1602 1210 Syri
1628 1110 1821 1201 Jacobitae,
1848 1123 1882 1185 et
1912 1114 2046 1185 Armeni

684 1248 796 1302 suum:
822 1240 956 1324 praeter
983 1230 1160 1320 Graecum,
1187 1240 1221 1302 et
1246 1229 1413 1318 Latinum,
1441 1234 1496 1326 qui
1522 1229 1736 1303 Patriurchae
1768 1230 1844 1302 dicti
1877 1240 1962 1302 suut
2013 1230 2048 1301 ln

684 1345 949 1418 Patriarcharum
976 1346 1421 1434 Alexandrinorumtitulis,
1455 1348 1561 1419 nullus
1598 1350 1653 1441 qui
1675 1345 1937 1438 jurisdictionem
1963 1345 2048 1417 illam

684 1463 717 1531 in
744 1460 1083 1560 Hierosolymitanam
1109 1464 1291 1536 Dioecesin
1318 1463 1497 1557 significet,
1531 1487 1552 1535 a
1584 1460 1682 1535 nobis
1708 1460 1772 1531 huc
1797 1484 1903 1555 usque
1928 1484 2048 1557 reper-

682 1589 735 1650 tus
762 1590 854 1677 cst..

790 1693 861 1766 CX.
888 1694 961 1766 Etsi
987 1717 1072 1767 vero
1099 1716 1167 1767 non
1201 1694 1243 1766 de
1276 1693 1501 1785 Orthodoxis,
1537 1695 1598 1768 sed
1633 1695 1675 1767 de
1704 1694 1866 1768 tacobius
1900 1715 2049 1787 agamus,
2165 1687 2169 1700 '

686 1823 718 1883 et
744 1810 917 1907 dispositio
944 1812 1033 1885 sedis
1059 1811 1327 1899 Alexandrinae,
1356 1816 1494 1907 eJusque
1520 1815 1554 1884 in
1580 1814 1693 1884 varias
1718 1810 1926 1906 Metropoles
1959 1810 2049 1881 divi-

684 1932 752 2015 sio,
789 1926 831 1999 ad
864 1931 995 2023 priores
1030 1930 1213 2023 pertineat,
1246 1929 1320 2023 quia
1347 1938 1456 2000 mmen
1487 1927 1596 2000 fraudi
1629 1927 1810 2001 lectoribus
1837 1949 1915 2000 esse
1942 1936 2050 2023 potest

683 2044 825 2132 Notitia,
854 2066 939 2139 quae
967 2067 986 2115 a
1015 2042 1189 2116 Guillelmo
1216 2044 1408 2135 Bevercgic
1435 2043 1600 2139 publicata
1628 2054 1698 2132 est,
1734 2047 1768 2115 in
1793 2045 1881 2116 notis
1908 2042 1952 2114 ad
1980 2039 2051 2113 Ca-

672 2184 806 2234 ‹nunum
834 2159 1059 2233 Collectioncs
1085 2163 1221 2250 varias,
1255 2168 1288 2230 et
1315 2161 1496 2232 existimari
1527 2168 1645 2255 posset
1670 2158 1811 2253 aliquam
1842 2156 1928 2230 illius
1966 2181 2049 2253 prc-

682 2280 864 2350 vineiarum
893 2276 1066 2350 divisionis
1091 2275 1233 2347 formam
1261 2273 1323 2349 sub
1339 2273 1500 2348 Jacobitis
1528 2297 1719 2372 superesse,
1746 2297 1820 2346 eam
1846 2278 1964 2369 paucis
1982 2298 2049 2347 ex-

681 2394 809 2491 plicare
844 2414 969 2489 operae
1001 2395 1142 2488 pretium
1178 2396 1253 2463 erit:
1289 2396 1365 2487 quia
1401 2402 1557 2487 quantum
1591 2403 1719 2488 spectat
1753 2391 1795 2464 ad
1828 2393 2050 2464 recentiorem

682 2512 834 2605 Aegypti
860 2506 1119 2604 Geographiam,
1147 2507 1288 2580 Graecis
1314 2506 1447 2582 Notitiis
1473 2508 1605 2581 videtur
1631 2511 1828 2581 accuratior.
1879 2506 1933 2578 Ea
1964 2505 2049 2576 diei-

684 2636 737 2697 tur
772 2635 931 2720 excerpta
965 2624 1069 2698 luisse
1110 2648 1156 2696 ex
1189 2622 1315 2696 Codice
1354 2628 1478 2720 scripto
1517 2648 1616 2698 manu
1645 2623 1798 2720 Eutycbii
1829 2620 2050 2695 Alexandrini

614 2785 618 2793 ·
683 2740 916 2830 Putriarchae,
944 2745 997 2837 qui
1024 2764 1070 2813 ex
1096 2740 1233 2813 historia
1260 2763 1321 2815 sua
1348 2743 1429 2814 satis
1454 2752 1552 2815 notus
1580 2752 1641 2816 est.

788 2857 873 2931 CXI.
902 2883 923 2929 1.
950 2859 1069 2947 Sedes,
1096 2861 1210 2953 inquit,
1237 2864 1289 2929 eat
1314 2857 1580 2951 Arcbiepiteopt'
1605 2857 1842 2929 Maraeotidia.

788 2971 888 3046 CXII.
930 2999 962 3046 u.
996 2968 1241 3067 Metropolitae
1275 2973 1398 3044 Barca
1429 2981 1464 3045 et
1494 2974 1725 3066 Pentapoleos
1757 2977 1975 3069 Africanae,
2007 2975 2050 3043 ita

684 3095 771 3163 enim
797 3090 1010 3178 vertendum,
1037 3112 1103 3163 non
1130 3101 1166 3162 ut
1191 3090 1413 3182 Beveregius,
1446 3093 1592 3188 quiaque
1617 3090 1749 3162 arbium
1776 3090 2069 3162 caementatum·

685 3208 749 3293 Ocri
776 3212 825 3281 sic
850 3211 1059 3303 interpretari
1086 3207 1204 3296 volet,
1229 3228 1297 3278 non
1323 3204 1430 3278 verba
1466 3206 1526 3279 sed
1561 3210 1709 3299 origines
1741 3210 1909 3280 nominum
1943 3209 2049 3276 inter-

681 3324 874 3421 pretabitur.
927 3323 1013 3395 Nam
1039 3323 1194 3419 Mopreb,
1222 3325 1285 3394 etsi
1312 3344 1358 3393 ex
1393 3322 1598 3418 etymologia
1626 3318 1842 3397 Occidentem
1876 3321 2049 3414 significet,

681 3464 745 3514 usu
770 3452 881 3513 tamen
907 3451 1000 3512 certo
1028 3439 1115 3536 apud
1142 3437 1296 3531 Arabes,
1327 3442 1486 3533 Africum
1517 3439 1694 3532 significat:
1727 3463 1836 3536 neque
1857 3442 1934 3554 ῙἺΌ
1958 3441 2049 3518 Uilli
2182 3531 2185 3540 Ι

683 3560 829 3651 quiaque
854 3557 968 3645 arbes,
996 3555 1055 3629 sed
1081 3558 1310 3652 provinciam,
1343 3555 1404 3628 sub
1433 3558 1575 3651 quinque
1607 3555 1743 3629 urbibus
1775 3558 2050 3652 comprehensam

684 3670 852 3764 designat,
879 3677 954 3746 sive
980 3673 1068 3768 quod
1095 3672 1182 3745 idem
1210 3684 1263 3745 est
1287 3672 1504 3765 Pentapolim

787 3787 902 3862 CXIII.
929 3813 974 3862 ιιι.
1001 3790 1294 3883 Arcbiepiseopus
1318 3788 1450 3860 Miarue
1475 3789 1708 3860 cessaturae
1732 3796 1767 3860 et
1784 3792 1950 3862 ditionum
1970 3794 2046 3880 φἰιι,

684 3907 860 3998 usquead
886 3913 1014 3977 terram
1038 3928 1217 3999 supremae
1246 3905 1438 3976 llceboidia.
1490 3907 1537 3978 At
1563 3902 1623 3977 sub
1650 3902 1814 3977 Jacobitis
1841 3906 1967 3994 Missa,
1991 3927 2048 3978 seu

684 4018 823 4110 Cabiro,
851 4021 914 4094 boc
942 4031 994 4095 est
1018 4021 1098 4095 urbs
1124 4032 1223 4093 vetus
1250 4032 1283 4092 et
1302 4042 1418 4111 nova,
1445 4019 1518 4093 solo
1544 4020 1766 4118 Episcopatus
1792 4022 1884 4094 tiuulo
1911 4022 2047 4120 insignis

685 4147 766 4210 erat.
821 4136 920 4224 Quod
946 4161 1030 4211 vero
1062 4160 1167 4232 usque
1199 4138 1245 4208 od
1262 4139 1488 4230 capartorem
1527 4136 1732 4209 llceboidem
1762 4135 1847 4210 haec
1872 4139 2047 4214 Dioecesis

681 4257 874 4348 pertigerit,
901 4255 934 4327 id
961 4254 1108 4328 rorasse
1133 4277 1251 4326 verum
1280 4252 1366 4350 apud
1392 4252 1583 4344 Melcbitas·,
1614 4258 1670 4348 qui
1695 4253 1923 4327 Jacobitarum
1951 4276 2047 4327 com-

683 4376 857 4468 paratione
883 4393 1010 4470 paucos
1035 4370 1202 4444 habebant
1226 4369 1450 4466 Episcopatus
1476 4372 1509 4440 in
1536 4369 1722 4443 Thebaide:
1755 4380 1853 4465 atque
1879 4373 1925 4442 ita
1952 4366 2066 4441 facile·

682 4490 746 4568 fuit
770 4498 806 4560 ut
831 4489 914 4560 baec
946 4487 1143 4583 Metropolis
1177 4486 1219 4559 ad
1251 4491 1460 4585 superiorem
1492 4509 1599 4582 usque
1630 4491 1803 4580 regionem
1835 4491 2045 4582 pertingeret

683 4604 721 4677 ld
748 4628 789 4678 eo
815 4605 1029 4677 verisimilius
1055 4603 1205 4694 videtur,
1241 4603 1329 4698 quod
1364 4602 1513 4699 reliquae
1538 4602 1745 4700 llletropoles
1781 4605 1822 4677 ad
1856 4604 2045 4678 inferiorem

684 4724 801 4817 paucis
837 4723 989 4816 exceptis
1021 4720 1216 4817 Aegyptum
1249 4721 1432 4816 pertinent,
1468 4729 1524 4791 aut
1558 4725 1758 4815 peregrinae
1790 4743 1928 4818 prorsus
1964 4726 2044 4790 sunt

683 4836 764 4907 lude
791 4840 889 4909 etiam
918 4845 1048 4911 constat
1075 4834 1206 4908 differre
1238 4858 1335 4931 quam
1362 4835 1535 4932 plurimum
1561 4840 1659 4909 istam
1686 4838 1812 4911 sedium
1838 4839 2044 4923 diuisionem,

685 4951 727 5024 ab
756 4977 796 5025 ea
824 4977 921 5049 quam
948 4963 1082 5027 autores
1102 4950 1237 5046 Graeci,
1263 4951 1341 5025 licet
1366 4975 1434 5026 non
1460 4974 1594 5049 semper
1620 4954 1737 5027 ecdem
1764 4954 1875 5043 modo,
1900 4973 2043 5050 reprae-

683 5079 824 5144 sentant.
902 5070 911 5080 '
