4525 6034
436 611 485 688 DE
504 608 746 686 commandit
759 607 1106 686 acommodatum
1119 608 1314 685 LITURGHS.
1486 603 1563 677 CIII

196 824 240 874 ea
264 799 379 870 divina
403 797 564 893 Liturpiu
589 796 715 869 Jacobi
741 795 901 890 Apostoli
923 799 1048 887 fratria
1066 796 1206 868 Domini
1213 826 1225 868 .·
1255 796 1319 868 alia
1336 819 1410 867 cnm
1426 797 1561 867 nomine

194 916 234 987 Ι).
259 913 395 1006 Basilii,
422 913 541 1010 quibus
566 914 689 1005 titulis,
716 933 775 984 cas
803 935 850 984 ex
877 912 1015 985 aliarum
1040 911 1270 986 Ecclesiarnm
1302 911 1473 985 codicibus
1493 911 1561 983 de-

195 1041 337 1128 sumptas
373 1053 451 1103 esse
484 1029 694 1103 manifestum
726 1038 795 1119 est,
836 1028 923 1124 quod
959 1031 1121 1121 originem
1156 1033 1322 1125 antiquam
1355 1029 1561 1102 diversarum

194 1148 435 1239 liturgiarum,
463 1147 567 1241 qualis
595 1147 748 1240 superius
775 1147 930 1240 exposita
958 1154 1028 1234 est,
1054 1144 1228 1217 manifeste
1256 1146 1419 1238 designat
1455 1143 1562 1217 Scili-

194 1273 246 1335 cet
271 1286 346 1335 eum
373 1265 552 1357 primarum
580 1261 708 1334 sedium
734 1260 892 1356 Episcopi
918 1282 1038 1356 preces
1064 1260 1215 1358 publicas
1243 1261 1455 1352 ordinarent,
1482 1268 1516 1332 et
1529 1262 1563 1331 in

194 1383 322 1476 scriptis
339 1379 513 1452 codicibus
532 1378 575 1450 ad
593 1387 719 1450 certam
738 1376 880 1448 iormam
899 1376 1093 1468 redigerent
1114 1377 1232 1472 (idque
1255 1388 1371 1473 quarto
1392 1386 1426 1449 et
1449 1379 1561 1471 quinto

194 1495 327 1569 saeculo
355 1495 479 1567 iactum
504 1493 639 1566 videtur
648 1494 679 1585 ,)
707 1513 766 1564 eas
795 1495 963 1566 orationes
991 1493 1201 1586 selegerunt,
1228 1518 1315 1589 quac
1339 1494 1412 1566 aliis
1433 1498 1467 1566 in
1485 1493 1561 1565 Ec-

195 1611 322 1703 clesiis,
351 1635 426 1684 cum
453 1610 572 1706 mribus
599 1619 672 1682 erat
696 1607 846 1706 perfecta
872 1632 1045 1683 sacromm
1071 1620 1105 1682 ct
1119 1610 1196 1682 tidei
1215 1614 1421 1701 communio,
1448 1632 1563 1682 arna-

191 1727 318 1821 joribus
347 1737 527 1824 acceptae,
554 1739 588 1800 et
614 1725 805 1822 quotidiano
831 1747 896 1798 nsu
921 1737 1142 1804 consecratae
1169 1727 1399 1800 servabantur.
1451 1728 1564 1820 Atque

195 1869 238 1917 ex
264 1847 432 1917 communi
459 1843 601 1940 quodam
628 1842 685 1916 illo
713 1841 886 1915 Ecclesiae
913 1841 1091 1919 Orientalis
1119 1843 1275 1916 thesauro
1318 1843 1457 1915 eductae
1490 1853 1566 1917 sunt

195 1983 312 2058 preces
341 1961 581 2056 propemodum
610 1981 748 2050 omnes,
784 1980 869 2053 quae
895 1961 929 2029 in
955 1957 1114 2052 Liturgiis
1149 1960 1319 2055 CopticiS,
1353 1958 1504 2055 Syriacis
1531 1970 1566 2031 et

195 2078 332 2150 aliarum
360 2081 506 2149 omnium
531 2076 718 2168 linguarum
744 2074 917 2166 legrmtur,
951 2075 1036 2147 adeo
1061 2085 1097 2147 ut
1122 2098 1251 2171 paucae
1278 2077 1412 2148 omnino
1439 2098 1565 2147 recen-

195 2196 296 2265 tiores
331 2203 467 2265 autores
502 2202 706 2286 agnoscant,
742 2194 806 2263 nisi
840 2189 928 2285 quod
962 2213 1083 2288 saepe,
1114 2195 1311 2287 pracsertim
1345 2172 1565 2287 inSyriacis,

194 2307 418 2405 paraphrases
447 2308 606 2403 quasdam
632 2307 809 2380 liberiores
836 2311 870 2379 in
896 2304 1014 2401 quibus
1040 2307 1174 2401 baguae
1200 2331 1283 2382 suae
1309 2308 1441 2380 divitias
1475 2306 1565 2380 ube-

194 2429 260 2497 rius
292 2423 517 2520 probmdnnt,
552 2427 746 2521 reperImus.
806 2422 851 2495 Ut
889 2423 1021 2495 tandem
1059 2428 1171 2497 omnia
1212 2449 1297 2521 quae
1338 2425 1380 2497 ad
1417 2424 1566 2498 Graecas

196 2540 446 2614 Alexandrinas
476 2540 647 2633 Liturgias
683 2548 834 2636 spectant
867 2539 1152 2636 complectamur,
1189 2545 1223 2613 in
1256 2545 1362 2637 prima
1398 2564 1483 2636 quae
1516 2551 1569 2615 est

196 2657 332 2749 basilii,
371 2667 546 2730 annotatur
581 2658 688 2730 oratio
715 2666 793 2752 post
817 2656 928 2728 Pater
953 2664 1084 2746 noster,
1125 2682 1212 2754 quae
1246 2652 1370 2732 Basilio
1405 2657 1566 2730 tribuitur.

130 2790 139 2799 ’
189 2772 297 2850 ’Άλλο
326 2772 418 2867 μετὰ
437 2771 503 2865 τό,
529 2770 650 2871 Πάτερ
676 2772 782 2868 ἡμῶν
807 2774 853 2855 εἰς
878 2771 944 2847 τὸν
970 2775 1177 2872 βασίλειον,
1203 2774 1268 2848 boc
1295 2785 1364 2864 est,
1389 2783 1426 2846 ut
1451 2778 1567 2847 versio

197 2887 347 2963 Arabica
378 2895 548 2989 exprimit,
583 2896 694 2965 suncti
726 2891 862 2964 Basilii.
919 2893 1108 2987 Sequuntur
1141 2892 1339 2982 Orationes,
1371 2894 1568 2984 fractionis,

199 3007 360 3080 dicendae
387 3010 534 3100 scilicet,
569 3033 644 3082 cum
671 3019 747 3082 ante
779 3012 1042 3081 communionem
1080 3008 1244 3100 frangitur
1273 3012 1369 3105 panis
1401 3006 1567 3081 Euchari-

199 3128 310 3199 sticus.
364 3125 434 3198 Eas
461 3127 631 3222 praecedit
656 3126 864 3216 benedictio,
891 3147 977 3220 quae
1004 3148 1078 3198 cum
1105 3149 1124 3199 a
1149 3126 1335 3199 Sacerdote
1361 3128 1567 3220 pronuncie-

199 3252 266 3337 tur,
294 3270 400 3344 super
426 3242 560 3316 Clarum
588 3251 622 3314 et
647 3243 822 3339 populum,
850 3246 905 3336 qui
930 3251 967 3313 ut
993 3264 1067 3312 eam
1094 3245 1273 3337 suscipiant
1299 3264 1407 3333 genua
1435 3240 1569 3313 flectunt

201 3373 232 3433 ot
256 3375 361 3462 caput
385 3361 562 3446 inclinant,
596 3358 713 3430 dicitur
745 3354 847 3452 Εὐχή
871 3364 933 3453 τῆς
958 3359 1244 3456 κεφαλοκλισίαςε
1289 3360 1409 3430 Oratio
1446 3361 1570 3451 capitia

200 3482 441 3553 estentona.
468 3476 647 3567 subjicitur
674 3473 739 3546 alia
764 3472 829 3546 boc
855 3475 956 3547 titulo.
1001 3473 1110 3550 ’Άλλο
1136 3472 1220 3574 παρ’
1254 3474 1468 3575 Αἰγυπτίοις
1497 3470 1568 3547 ἀπὸ

200 3603 270 3671 τῶν
297 3596 602 3695 npoapoaopce'nmv
626 3597 693 3664 τοῦ
718 3586 923 3664 ἀποστόλου
949 3587 1121 3689 Μάρκου.
1150 3591 1271 3663 Mirum
1296 3591 1396 3689 plane
1421 3593 1454 3663 in
1482 3590 1568 3663 Offi-

200 3716 267 3804 cio,
297 3712 389 3809 quod
416 3733 462 3782 ex
488 3709 681 3780 certissimis
707 3705 838 3780 indiciis
861 3708 1110 3805 Aegyptiacum
1143 3731 1221 3783 esse
1254 3718 1405 3799 constat,
1439 3707 1568 3803 Aegy-

200 3833 385 3921 ptiacorum
401 3832 520 3899 rituum
537 3836 693 3919 tanquam
709 3822 919 3896 diversorum
930 3835 1048 3897 extare
1060 3827 1264 3898 memoriam.
1300 3824 1363 3910 om
1390 3827 1432 3897 sit
1458 3834 1569 3897 certus

201 3945 383 4018 verborum
417 3943 547 4017 illorum
583 3964 702 4014 sensus
736 3962 804 4012 non
837 3939 934 4011 facilc
970 3944 1167 4036 percipitur:
1208 3963 1295 4035 quae
1333 3941 1568 4013 verisimiliora

202 4061 420 4154 coniectando
449 4059 513 4130 dici
539 4066 696 4154 possunt,
722 4077 942 4149 exponemus.

304 4177 439 4250 XLVII.
474 4175 550 4247 Duo
585 4176 693 4246 statim
720 4193 840 4245 sensus
867 4183 1060 4245 occurrunt:
1094 4176 1226 4268 primus.
1247 4183 1281 4245 et
1307 4173 1567 4269 simplicissimus
1633 4212 1672 4266 1),
1698 4212 1811 4282 mmm„
1838 4214 1894 4262 τῶ,

205 4290 302 4383 foret,
331 4292 419 4388 quod
445 4292 530 4364 baec
542 4288 693 4381 Liturgia
719 4310 787 4360 non
806 4287 848 4360 ad
864 4310 960 4361 usum
971 4287 1147 4360 Ecclesiae
1166 4289 1427 4378 Alexandrinae,
1448 4311 1568 4384 quam
1582 4302 1794 4368 πιοιιιασμίνων
1824 4301 1893 4352 Sm-

205 4414 255 4482 vis
283 4411 358 4503 ejus
392 4412 489 4480 ritum
525 4409 706 4502 exprimat,
740 4405 800 4477 sed
834 4404 875 4475 ad
902 4405 1036 4479 alterins
1063 4405 1235 4498 cujusdam
1269 4406 1434 4501 descripta
1460 4404 1569 4478 fuerit.
1584 4386 1715 4439 cenaret.

205 4525 403 4622 Exemplum
428 4522 589 4596 familiare
616 4520 791 4613 subjiciunt
816 4519 953 4593 rituales
979 4520 1055 4594 libri
1081 4525 1198 4612 nostri,
1224 4524 1257 4593 in
1285 4521 1402 4616 quibus
1418 4522 1570 4597 videmus

209 4646 308 4715 certis
337 4639 543 4715 orationibus
570 4647 682 4710 notam
709 4636 908 4729 adjunctam,
935 4638 1024 4733 quod
1049 4642 1083 4711 in
1101 4638 1253 4711 Romana
1269 4637 1424 4711 Ecclesia
1451 4638 1572 4712 dican-

210 4766 280 4848 tnr3
314 4756 403 4853 quod
438 4759 472 4832 in
505 4754 775 4851 Metropobtana,
810 4756 871 4826 etsi
898 4756 960 4829 sub
995 4755 1185 4829 earumdem
1212 4758 1387 4827 autoritate
1414 4757 1574 4851 spirituali

213 4875 275 4945 sint
297 4873 486 4966 Ecclesiae,
514 4871 630 4967 quibus
658 4871 843 4964 singrdarcs
876 4870 923 4943 illi
949 4870 1023 4944 libri
1049 4872 1261 4944 destinantur.
1314 4870 1433 4966 Neque
1463 4873 1570 4946 inanis

212 5011 347 5083 prorsus
382 4990 467 5063 baec
505 4991 698 5081 conjectura
735 4997 805 5076 cst3
844 4990 969 5060 certior
1000 4986 1127 5079 fumra,
1159 4991 1187 5062 si
1217 4987 1331 5084 plures
1364 4986 1571 5085 Coptitanrm

212 5103 311 5180 libros
337 5105 554 5179 haberemus:
582 5103 724 5200 aliquos,
750 5108 948 5200 praesertim
974 5128 1102 5198 eorum,
1129 5108 1243 5200 quiin
1269 5105 1496 5199 blonasteriis,
1515 5105 1571 5180 ubi
