4525 6034
710 629 1129 708 tttuuutnu.
1556 636 1603 710 13

330 812 373 886 st
397 814 511 886 discor
535 836 675 909 mopsus
700 821 762 905 cst,
788 816 837 888 ud
861 822 1009 914 quotuor
1036 822 1108 910 ciue
1134 818 1277 912 copulor
1311 820 1462 915 disponit
1497 824 1603 919 (par-

223 929 344 1001 ticulas
375 933 472 1025 ponis
505 931 741 1016 consecrandi)
779 935 816 1003 in
843 937 991 1026 ferinum
1033 937 1165 1007 meis:
1196 938 1228 1006 si
1257 939 1369 1008 minor
1404 945 1465 1026 est,
1499 963 1604 1034 super

223 1050 297 1115 trec
319 1045 513 1138 porticulus
537 1069 638 1118 onom
662 1070 766 1141 super
792 1048 896 1120 ulium
922 1050 1082 1138 collocat,
1109 1057 1171 1121 out
1195 1051 1282 1123 duos
1304 1054 1353 1124 od
1376 1057 1495 1142 mium,
1518 1059 1604 1148 pori

221 1182 380 1249 nmero,
407 1169 468 1233 ant
492 1165 635 1256 impuri,
668 1168 700 1234 ei
727 1186 812 1258 opus
837 1171 902 1238 est.
938 1164 1128 1262 Spoupiom
1159 1174 1194 1238 ct
1227 1166 1389 1239 cocbleer
1422 1171 1459 1239 io
1491 1168 1603 1241 lutere

220 1277 380 1364 australi,
406 1300 513 1371 cupro
539 1278 689 1349 tabulam
715 1288 953 1352 concumulata
972 1282 1132 1375 deponit:
1160 1281 1304 1354 Oblatas
1329 1288 1493 1375 umjorern
1506 1308 1601 1379 por-

220 1392 378 1481 ticulum,
414 1400 449 1464 et
483 1394 608 1482 celum,
645 1416 707 1467 seu
741 1394 959 1491 Anaphoram
998 1400 1035 1467 iu
1066 1397 1178 1468 latere
1218 1397 1451 1488 occidentali,
1491 1402 1600 1473 donec

215 1510 365 1603 sconpot
390 1530 516 1603 corpor
537 1513 653 1603 primu
677 1515 764 1582 cicc.
799 1513 943 1606 Accipit
969 1512 1145 1601 Oblatum,
1182 1519 1218 1583 ct
1245 1521 1427 1609 postquem
1457 1521 1604 1589 extersit

218 1646 352 1711 monus,
380 1645 457 1694 curn
492 1625 685 1717 oswium,
714 1628 881 1721 ponitque
912 1630 948 1698 in
982 1627 1093 1699 latere
1126 1628 1274 1700 australi
1308 1653 1382 1700 curu
1416 1631 1602 1703 cochleari.

223 1738 308 1809 Tum
334 1743 466 1833 occipit
490 1740 636 1836 sipillmu
660 1743 734 1813 sice
759 1746 923 1834 mnjorem
954 1750 989 1815 et
1022 1743 1168 1815 medium
1200 1744 1339 1818 oblatae
1361 1753 1497 1839 partem
1523 1770 1602 1817 orn-

219 1851 331 1925 taum
355 1854 522 1944 manibus,
551 1863 585 1927 ct
612 1856 762 1928 collocet
787 1860 823 1928 iu
850 1858 957 1948 disco,
985 1859 1121 1931 dicens:

325 1969 499 2066 Tanquam
534 1974 612 2045 ovis
645 1971 688 2045 ad
724 1975 928 2046 occisionem
968 1974 1085 2049 ductus
1121 1985 1193 2048 est:
1234 1986 1268 2046 ct
1303 1986 1458 2071 tanquam
1493 1998 1602 2069 agnus

216 2108 337 2161 coram
364 2085 525 2159 tondente
551 2086 652 2179 siluit,
679 2099 714 2161 et
739 2111 807 2162 non
841 2091 971 2185 aperuit
1006 2114 1047 2166 os
1081 2113 1177 2164 suum
1210 2094 1245 2163 in
1270 2090 1496 2164 humiliatione
1530 2113 1601 2163 sua.

216 2204 367 2277 Firmam
401 2202 511 2276 iecisti
551 2203 667 2277 sedem
707 2213 795 2277 marn
830 2206 993 2297 Domine,
1031 2210 1254 2279 sanctuarium
1291 2216 1401 2279 urum:
1440 2205 1601 2279 confirma

216 2319 300 2393 illud
325 2317 477 2391 manibus
503 2322 587 2392 tuis:
613 2319 777 2394 Dominus
803 2320 960 2416 regnabit
985 2326 1019 2394 in
1046 2323 1182 2397 saecula
1210 2321 1430 2396 saeculorum.

324 2434 479 2529 Depone
505 2436 663 2508 Oblatum
688 2440 725 2507 in
750 2438 858 2528 disco,
886 2445 922 2511 et
947 2440 1041 2510 dicit.

323 2551 552 2643 Primogcnite
577 2551 687 2625 Patris
714 2552 885 2645 coelestis,
912 2557 1045 2652 suscipe
1072 2554 1159 2627 bunc
1172 2558 1430 2652 primogenitum
1457 2578 1503 2628 cx
1520 2579 1600 2627 ma-

215 2666 318 2741 nibus
344 2670 437 2740 servi
462 2672 509 2739 tui
535 2666 687 2742 imbellis.

322 2783 448 2855 Hectit
474 2784 617 2856 calicem
642 2789 721 2856 cino
748 2790 901 2880 eloquit
926 2789 1068 2877 mutum,
1096 2792 1131 2858 et
1157 2787 1250 2858 dicit.

322 2900 485 2972 Dominus
510 2911 628 2973 noster
653 2901 754 2975 lesus
782 2900 933 2975 Christis
959 2904 1045 2975 inter
1070 2902 1220 2975 latrones
1247 2902 1426 2976 crucifixus
1445 2910 1510 2993 cst,
1531 2925 1595 2976 su-

215 3038 280 3112 per
312 3013 438 3108 lignum
470 3021 504 3088 iu
536 3017 744 3093 Jerusalem:
779 3018 1037 3114 transfixasque·
1062 3026 1115 3091 est
1147 3018 1267 3090 lancea
1300 3020 1333 3090 in
1372 3018 1478 3090 latere
1519 3040 1594 3107 suo,

211 3129 452 3227 fluxeruntque
485 3156 531 3205 cx
564 3156 607 3206 co
641 3136 778 3226 sanguis
811 3144 845 3206 et
877 3157 987 3231 aqua,
1028 3133 1070 3208 ad
1105 3137 1375 3231 propitiationem
1418 3137 1599 3206 universae

216 3258 409 3320 creatumc:
437 3258 472 3320 et
498 3252 554 3344 qui
580 3249 663 3322 vidit
688 3254 911 3323 testimonium
936 3248 1119 3346 perhibuit,
1156 3260 1190 3321 et
1216 3251 1340 3323 scimus
1376 3252 1453 3344 quia
1479 3271 1598 3322 vemm

216 3374 272 3436 est
297 3367 520 3437 testimonium
546 3368 629 3456 ejus.
664 3366 752 3454 Quid
780 3365 961 3439 retribuam
978 3368 1123 3439 Domino
1150 3388 1213 3461 pro
1241 3365 1393 3438 omnibus
1421 3388 1507 3460 quae
1534 3388 1598 3437 re-

216 3477 330 3551 tribuit
356 3480 458 3552 milri?
486 3480 634 3554 Calicem
661 3479 817 3555 salutaris
844 3484 1017 3578 accipiam,
1045 3494 1080 3555 et
1105 3503 1226 3555 nomen
1245 3481 1379 3554 Domini
1407 3481 1598 3571 invocab03

216 3606 368 3691 votaque
393 3619 469 3669 mea
495 3597 641 3670 Domino
670 3598 816 3670 reddam.
1455 3586 1457 3589 ’

323 3711 451 3806 incipit
475 3713 622 3785 Sedrum
646 3715 899 3787 Pestilentiae,
925 3714 1154 3787 Prooemium.

279 3876 290 3899 .
322 3827 415 3901 Laus
440 3833 496 3901 uni
522 3831 615 3903 Patri
641 3831 867 3926 misericordi,
903 3833 958 3926 qui
994 3830 1131 3903 exaudit
1164 3841 1364 3926 peccatores
1399 3833 1597 3903 invocantes

218 3965 313 4016 eum:
349 3949 449 4017 unico
487 3944 555 4019 filio
590 3945 760 4038 clementi,
800 3951 856 4043 qui
894 3949 1032 4043 suscipit
1070 3950 1280 4043 poenitentes
1314 3946 1486 4042 pulsantes
1523 3949 1597 4038 ejus

218 4061 355 4132 ostium:
381 4063 438 4133 uni
464 4061 600 4158 Spiritui
633 4075 750 4136 sancto
785 4065 840 4158 qui
870 4065 1067 4159 propitiatur
1099 4067 1169 4136 reis
1205 4062 1463 4160 deprecantibus
1489 4061 1597 4151 illum;

219 4179 375 4272 quoniam
402 4177 500 4250 decet
524 4178 627 4269 illurn,
654 4190 717 4252 etc.

324 4292 448 4365 Sedru.
475 4296 569 4368 Deus
595 4298 695 4386 mitis,
722 4295 878 4388 benigne,
905 4305 1088 4383 mansuete,
1117 4304 1152 4367 et
1178 4304 1308 4368 amator
1334 4293 1514 4385 hominum,
1541 4296 1597 4389 qui

216 4409 480 4483 misericordiam
507 4415 581 4499 vis,
614 4423 648 4485 et
677 4435 745 4485 non
779 4411 962 4485 sacrificia:
998 4415 1054 4507 qui
1087 4434 1148 4483 cor
1183 4414 1359 4483 contritum
1391 4410 1465 4507 plus
1502 4433 1595 4483 amas

219 4549 319 4622 quam
344 4525 560 4600 holocausta:
588 4531 804 4624 spiritumque
816 4527 1017 4600 humiliatum
1042 4538 1213 4624 acceptum
1230 4525 1347 4618 hahes,
1372 4529 1482 4618 magis
1499 4549 1598 4622 quom

219 4644 418 4735 sanguinem
444 4655 478 4716 et
504 4645 636 4740 adipem
663 4656 845 4734 aurorum,
872 4654 906 4716 et
932 4667 1096 4737 agnorum
1121 4647 1307 4740 pinguium:
1341 4646 1475 4739 suscipe
1509 4664 1597 4714 nunc

219 4760 418 4831 sacrificium
445 4772 595 4834 nostrum
622 4761 806 4858 spirituale,
833 4784 937 4857 super
963 4760 1068 4833 altare
1095 4771 1184 4832 tuum
1203 4758 1375 4846 rationale,
1403 4769 1437 4830 et
1462 4768 1597 4854 praesta

218 4882 254 4945 ut
281 4872 501 4950 exhibeamus
533 4876 592 4949 tibi
628 4880 755 4950 animas
781 4888 934 4963 nostras,
961 4877 1102 4950 hostiam
1135 4879 1251 4950 uvam
1284 4886 1318 4947 et
1344 4872 1597 4971 acceptabilem,

219 5012 307 5085 quae
333 4991 467 5088 placeat
491 4992 656 5065 voluntati
682 5004 772 5083 tuae,
798 4996 833 5064 in
860 4996 1040 5066 ministerio
1068 4994 1230 5091 spirituali
1266 5003 1299 5064 et
1330 4992 1507 5064 offeramus
1539 4988 1598 5062 tibi

217 5108 384 5181 sacrificia
417 5109 617 5205 spiritualia,
651 5131 726 5181 cum
753 5108 858 5183 corde
891 5114 1033 5184 contrito
1062 5123 1095 5184 et
1121 5112 1236 5207 spiritu
1268 5108 1459 5202 humiliato,
1493 5130 1595 5204 super

1331 5228 1388 5305 5.
