4525 6034
402 1424 568 1479 Proclamatio
578 1428 605 1480 in
617 1428 675 1481 blo-

368 1514 479 1567 nastcrio
497 1514 523 1568 S.
541 1514 652 1570 ttacarii.

691 536 768 612 404
1079 538 1678 617 DEPATRIARCHA

691 723 814 798 archae
841 729 1067 814 autoritatem,
1093 748 1159 820 qua
1185 729 1332 821 ipsomm
1357 724 1549 800 Ecclesiam
1581 726 1748 821 subjicere
1779 724 1842 801 sibi
1873 728 2049 803 immedIate

691 838 877 933 satagebat.
929 844 983 916 De
1014 841 1152 937 rebquis
1183 864 1287 938 porro
1315 841 1358 915 ad
1383 841 1549 939 publicam
1575 847 1720 916 omnium
1744 842 1970 917 Ecclesimum
1995 847 2046 918 di-

690 957 864 1053 sciplinam
895 958 1140 1055 spectantibus,
1174 962 1238 1032 etsi
1270 980 1337 1031 non
1368 961 1477 1032 minus
1516 957 1659 1032 Cabirae
1698 982 1797 1056 quam
1830 958 2048 1034 Alexandriae

688 1085 903 1164 tractaretur,
930 1098 996 1150 noo
1023 1085 1132 1148 tamen
1159 1075 1192 1146 id
1218 1077 1340 1148 civium
1367 1084 1422 1147 aut
1449 1072 1539 1148 Cleri
1564 1078 1719 1166 nomine,
1746 1079 1801 1171 qui
1827 1099 1873 1147 ex
1899 1075 2048 1170 dignitate

688 1190 780 1263 urbis
807 1190 894 1287 apud
920 1190 1183 1265 Muhamedanos
1209 1194 1387 1288 principie,
1412 1214 1537 1266 novam
1562 1193 1685 1267 nullam
1718 1198 1928 1267 autoritatem
1958 1217 2049 1267 com-

686 1316 909 1404 paraverant,
935 1308 995 1382 sed
1023 1310 1124 1382 totius
1150 1307 1349 1381 Jacobititae
1374 1307 1550 1382 Ecclesiae
1575 1314 1709 1384 nemine
1735 1310 1847 1385 fiebat.

791 1423 1008 1499 LXXXVIII.
1034 1424 1216 1519 Postquam
1240 1424 1470 1498 Alexandriae
1501 1426 1671 1501 ordinatus
1703 1426 1812 1500 iuerat
1841 1449 1951 1501 novus
1983 1428 2049 1499 Pa-

687 1540 847 1631 triarcba,
872 1539 1146 1637 proficiscebatur
1172 1540 1214 1613 ad
1239 1540 1478 1615 Monastemum
1504 1541 1540 1616 S.
1566 1542 1718 1634 Macarii,
1745 1543 1787 1616 de
1813 1568 1879 1642 qua
1907 1565 2049 1618 cousue-

687 1656 800 1730 tudine
824 1662 871 1732 ita
898 1658 1013 1732 scribit
1037 1656 1255 1732 Ebnassalus.
1307 1659 1431 1734 Postea
1459 1680 1504 1732 ex
1531 1658 1689 1732 suburbio
1715 1659 1945 1734 Alexandriae
1969 1682 2048 1756 pro-

686 1774 815 1865 iectura,
841 1779 934 1848 venit
960 1774 1002 1847 ad
1034 1773 1337 1848 monasteriique.
1370 1774 1522 1866 Macarii,
1547 1797 1669 1871 nempe
1703 1775 1782 1848 illud
1815 1777 1906 1872 quod
1940 1778 2049 1849 estio

687 1889 795 1963 Secti:
820 1892 925 1984 vulgo
951 1894 986 1964 in
1012 1891 1103 1964 valle
1129 1889 1250 1964 Habib.
1304 1887 1388 1964 Cum
1414 1914 1522 1989 prope
1548 1901 1617 1983 est,
1643 1892 1858 1984 egrediuntur
1884 1895 1921 1965 in
1934 1914 2049 1966 eccm-

688 2029 760 2079 sum
787 2012 860 2101 ejus
887 2005 1062 2097 Monacbi,
1097 2010 1153 2102 qui
1184 2011 1383 2100 congregati
1420 2008 1463 2081 ad
1496 2006 1690 2104 obsequium
1729 2007 1776 2080 illi
1810 2007 2049 2105 praestandum,

687 2126 797 2196 statim
824 2133 924 2220 atque
948 2126 983 2197 in
1009 2133 1225 2219 conspectum
1251 2125 1324 2216 ejus
1350 2146 1500 2215 venere,
1526 2134 1577 2196 ter
1608 2134 1823 2220 prosternunt
1854 2147 1914 2215 se,
1945 2134 2049 2197 meta-

685 2241 792 2311 noeas
818 2239 982 2313 iaciendo.
1035 2240 1121 2311 Tum
1146 2243 1221 2335 Ipse
1246 2239 1418 2313 descendit
1444 2263 1490 2313 ex
1516 2243 1611 2316 asino
1639 2264 1705 2337 quo
1732 2240 1882 2331 vehitur,
1916 2251 1949 2313 et
1978 2243 2050 2312 uni-

686 2377 810 2429 versos
834 2365 1026 2444 veneratum,
1052 2364 1262 2428 metanoeam
1289 2355 1353 2428 illis
1379 2354 1517 2430 iaciens.
1570 2356 1638 2453 Ipsi
1665 2361 1795 2448 itemm,
1820 2357 1914 2430 facta
1939 2379 2051 2432 versus

688 2495 762 2543 cum
782 2483 971 2562 metanoea,
996 2475 1168 2567 imponunt
1192 2470 1282 2544 illum
1309 2476 1403 2548 asino
1431 2495 1511 2547 suo:
1539 2484 1573 2546 et
1588 2472 1854 2549 Arcbimanduita
1867 2473 1906 2547 S.
1922 2472 2052 2545 biccari

584 2642 586 2645 Α
687 2590 824 2683 imponit
859 2611 952 2661 oram
987 2587 1079 2684 pabii
1119 2592 1171 2660 sui
1210 2611 1311 2685 super
1350 2588 1471 2662 collum
1498 2593 1582 2664 asini
1609 2592 1700 2682 ejus,
1734 2613 1878 2686 eumque
1920 2589 2051 2662 deducit

687 2704 890 2778 Sacerdotes
916 2702 1175 2778 Hieromonachi
1201 2704 1237 2777 S.
1263 2703 1405 2778 Maeonii
1437 2709 1580 2780 seorsim
1615 2705 1758 2803 hymnos
1783 2706 1902 2800 legrmt
1928 2717 1962 2778 et
1992 2730 2051 2780 ca-

688 2830 770 2892 nunt
796 2819 839 2892 ad
864 2825 1054 2914 ingressum
1081 2825 1171 2914 ejus,
1204 2821 1312 2895 donec
1343 2826 1537 2918 pervenerit
1569 2822 1612 2896 ad
1644 2823 1749 2897 altare
1781 2824 1987 2916 Benjamioi,
2021 2825 2051 2894 in

684 2940 839 3013 Ecclesia
866 2942 985 3032 majori
1010 2936 1066 3011 ubi
1092 2959 1237 3033 corpora
1262 2947 1453 3013 sanctorum
1478 2942 1699 3036 requiescunt.
1741 2937 1862 3011 Altnre
1895 2939 1973 3011 illud
1996 2962 2052 3014 seu

689 3044 824 3146 Hcibcl,
853 3055 942 3153 quod
967 3076 1063 3127 more
1088 3063 1217 3143 nostro,
1245 3050 1415 3150 Capellam
1442 3078 1620 3151 possumus
1646 3054 1826 3152 appellare,
1852 3078 1978 3129 nomen
1991 3054 2051 3126 ba-

686 3173 745 3247 bet
788 3198 809 3246 a
844 3170 1035 3244 PatrIarcba
1073 3169 1271 3265 Benjammo
1313 3176 1371 3266 qui
1399 3172 1586 3246 XXXVIII.
1619 3183 1826 3263 numeratur,
1867 3183 1905 3245 et
1937 3174 2050 3268 primus

686 3292 746 3363 init
770 3294 858 3362 inter
884 3311 943 3360 ees
971 3291 1027 3383 qui
1054 3286 1114 3360 sub
1143 3286 1393 3361 Mubamedanis
1427 3287 1604 3363 Ecclesiae
1637 3288 1864 3363 Jacobitarum
1900 3288 2050 3362 Alexan-

687 3409 801 3480 drinae
827 3403 1051 3502 praefuerunt
1102 3404 1137 3478 Is
1164 3415 1274 3477 autem
1300 3404 1469 3478 dedicavit
1485 3403 1676 3479 Ecclesiam
1690 3407 1852 3498 majorem
1869 3405 1907 3478 S.
1921 3404 2050 3477 Macarii
2188 3411 2197 3422 “

685 3527 720 3593 in
746 3522 860 3595 radice
886 3525 1007 3595 montis
1034 3520 1257 3610 aedificatam,
1284 3523 1361 3616 quia
1380 3524 1558 3619 antiquior,
1584 3533 1819 3619 praeterquam
1839 3521 1931 3617 quod
1956 3523 2049 3593 rruinis

687 3636 871 3735 deiomrata
898 3647 1090 3727 erat,eum
1117 3639 1268 3710 assatio
1299 3641 1420 3711 montis
1453 3638 1653 3735 supercilio,
1687 3637 1843 3712 Monacbi
1875 3641 1970 3718 senio
2002 3645 2050 3712 aut

686 3754 812 3827 morbis
839 3753 987 3845 debiles,
1013 3753 1070 3826 vel
1097 3775 1236 3848 quorum
1263 3750 1379 3826 Cellae
1405 3758 1489 3828 sitae
1504 3764 1600 3828 erant
1624 3759 1659 3829 in
1683 3757 1856 3830 remobori
1877 3766 1974 3850 parte
1989 3753 2048 3825 de·

687 3874 785 3962 serti,
812 3873 969 3944 nonnisi
995 3869 1165 3942 difficulter
1191 3869 1235 3943 ad
1261 3893 1336 3943 eam
1362 3870 1526 3946 accedere
1539 3882 1704 3968 poterant
1755 3871 1863 3963 Huius
1882 3871 2048 3944 Ecclesiae

686 4009 814 4060 summa
842 3997 895 4062 est
919 3990 1005 4060 inter
1032 3986 1185 4083 Coptitae
1211 3984 1471 4077 commendatio,
1498 3999 1533 4061 et
1554 3987 1711 4062 Canones
1737 3986 1863 4061 babent
1888 3991 1924 4060 in
1938 3985 2047 4060 Cobe-

686 4103 851 4176 ctionibus
877 4104 967 4194 suis,
1006 4104 1061 4197 qui
1096 4101 1141 4175 ad
1172 4104 1246 4195 ejus
1273 4102 1465 4195 dignitatem
1497 4104 1652 4177 tuendam
1685 4107 1860 4201 pertinent.
1921 4103 2046 4178 Conse-

685 4223 843 4294 crationis
868 4219 955 4294 illius
981 4221 1142 4292 memoria
1169 4224 1344 4316 qrrotaunis
1370 4217 1558 4293 celebratur
1584 4230 1707 4295 octava
1728 4219 1836 4319 Tybi,
1863 4223 1899 4293 in
1917 4218 2046 4316 Coptica

687 4335 907 4426 Calendario,
943 4345 1043 4429 atque
1078 4335 1199 4409 eodem
1235 4335 1290 4408 die
1321 4338 1431 4428 agitur
1465 4340 1738 4412 commemoratio
1765 4338 1918 4430 ejusdem
1943 4336 2045 4410 Pam-

687 4451 818 4525 archae.
873 4451 958 4538 Oula
984 4472 1070 4523 vere
1097 4450 1140 4523 ab
1167 4451 1254 4525 illius
1280 4464 1449 4549 tempore,
1480 4456 1645 4546 integram
1672 4477 1772 4549 mam
1798 4451 1859 4527 sub
1889 4452 2045 4528 cunsta-

684 4573 736 4640 nis
775 4568 1037 4664 imperatoribus
1074 4590 1143 4641 non
1181 4567 1366 4659 habebant,
1405 4568 1560 4665 Coptitae
1599 4569 1785 4644 libertatem
1825 4570 1938 4667 adepti
1970 4572 2046 4653 sunt,

686 4708 793 4780 eaque
818 4684 973 4758 Ecclesia
999 4687 1106 4780 prima
1133 4688 1278 4758 omnium
1303 4696 1367 4777 est,
1394 4708 1493 4781 quam
1508 4687 1571 4760 sub
1587 4685 1838 4762 liuhamedanis
1854 4682 2045 4784 principibus

688 4800 965 4891 aedificavemnt,
994 4823 1135 4896 eamque
1160 4800 1333 4893 Beniamin
1357 4824 1483 4896 magua
1506 4826 1629 4900 pompa
1655 4807 1883 4905 consecravit:
1909 4801 1992 4889 blnc,
2015 4805 2045 4872 ut

687 4917 868 4991 verisimile
896 4929 967 5008 est,
994 4921 1158 5011 originem
1184 4917 1297 4992 babuit
1321 4917 1378 4993 illa
1403 4918 1462 4993 lex
1483 4920 1715 5016 proficiscendi
1742 4921 1786 4993 ad
1808 4919 1844 4994 S.
1859 4920 2043 5005 linearibus,
