4525 6034
1004 916 1680 1351 Dfflsllfflo

880 1450 1283 1628 uruoul
1359 1446 1803 1628 oorrrol

1747 1748 1753 1755 ,

1122 1883 1579 1942 ψ

355 2315 419 2413 ura
437 2315 470 2415 ‘¹5
485 2313 575 2412 lingua
594 2311 647 2366 ⁰⁰·
794 2299 891 2409 Oua
923 2330 1193 2426 frequentissima
1225 2328 1323 2422 hujus
1358 2329 1494 2423 linguae
1527 2330 1562 2401 in
1587 2328 1652 2402 boc
1687 2353 1792 2426 opere
1824 2333 1949 2402 mentio
1985 2334 2043 2420 sit,

211 2448 216 2456 ’
337 2409 409 2468 pm
423 2415 568 2469 opimone.
661 2459 695 2522 et
721 2471 767 2520 ex
793 2471 834 2519 ea
861 2467 1053 2520 conversae
1079 2449 1145 2519 sint
1170 2450 1204 2517 in
1229 2445 1402 2535 Latinam,
1438 2465 1521 2540 quas
1546 2444 1756 2540 publicamus
1783 2445 1971 2537 Liturgiae,
1998 2445 2045 2516 de

658 2566 715 2638 illa
743 2562 1001 2637 observationes
1029 2560 1188 2656 quasdam
1216 2560 1363 2653 adjicere
1391 2564 1499 2633 visum
1526 2569 1590 2649 est,
1617 2582 1659 2631 eo
1686 2564 1818 2652 magis,
1845 2571 1882 2632 ut
1914 2563 2043 2632 existi-

661 2701 803 2767 mamus,
830 2678 927 2749 utiles
961 2688 994 2749 et
1020 2680 1255 2765 necessarias,
1291 2675 1382 2770 quod
1413 2674 1575 2747 Lectores
1609 2677 1722 2748 minus
1753 2679 1787 2746 iu
1823 2674 2042 2747 Orientalium

662 2790 851 2885 linguarum
884 2792 992 2865 studio
1019 2794 1166 2879 versati,
1202 2813 1289 2886 quae
1323 2798 1357 2861 et
1390 2790 1496 2883 qualis
1528 2789 1585 2861 illa
1618 2793 1661 2862 sit
1688 2794 1777 2862 scire
1809 2794 1872 2860 uix
1898 2795 2042 2885 possint,

660 2916 695 2979 et
730 2930 777 2978 ex
808 2906 1026 3002 quorumdam
1055 2903 1224 2978 bominum
1253 2905 1408 2996 judiciis,
1443 2907 1477 2975 in
1513 2926 1600 2999 quae
1631 2903 1732 2977 iacile
1766 2903 1851 2975 trabi
1886 2916 2042 3000 possunt,

658 3022 759 3094 multa
798 3033 1000 3118 sequautur,
1035 3043 1123 3116 quae
1161 3029 1450 3092 monumentorum
1486 3017 1821 3108 Ecclesiasticorum,
1855 3023 1889 3090 in
1921 3021 2042 3115 quibus

657 3123 867 3211 illustrandis
892 3134 1141 3226 laboravimus,
1173 3138 1382 3207 autoritatem
1419 3132 1631 3206 labefactent
1675 3134 1761 3207 Tres
1798 3137 1887 3206 euim
1919 3148 2039 3208 nostra

659 3261 771 3324 aetate
797 3256 977 3324 extiterunt
1003 3255 1068 3323 viri
1096 3249 1281 3323 eruditione
1308 3248 1475 3339 celebres,
1502 3252 1558 3343 qui
1585 3248 1650 3322 soli
1685 3249 1728 3320 de
1764 3272 1807 3321 ea
1834 3248 1948 3341 lingua
1976 3254 2040 3343 ja-

659 3365 779 3438 dicium
805 3365 960 3457 tulerunt,
996 3388 1113 3439 omnes
1142 3366 1423 3438 diversissimum:
1456 3388 1532 3436 cum
1563 3366 1689 3458 primus
1716 3363 1941 3454 affirmaverit,
1968 3386 2041 3435 ve-

658 3466 765 3553 terem
791 3482 881 3554 illam
890 3482 1143 3577 Aegyptiarum
1165 3477 1407 3552 Pharaonicam
1434 3479 1581 3570 linguam
1601 3499 1691 3567 esse,
1717 3500 1779 3573 per
1805 3502 1905 3573 quam
1932 3478 2040 3550 aditus

659 3594 702 3667 ad
728 3599 842 3667 intima
869 3601 996 3668 veteris
1024 3595 1273 3690 Aegyptiorum
1293 3595 1476 3689 sapientiae
1490 3592 1673 3687 penetralia
1702 3596 1904 3687 aperiretur,
1930 3614 2041 3687 prae-

659 3713 775 3783 sertim
802 3710 843 3781 ad
871 3710 1104 3783 Obeliscorum
1130 3711 1365 3804 inscriptiones
1384 3706 1614 3803 explicandas,
1641 3717 1675 3778 et
1691 3707 1820 3802 reliqua
1846 3706 1942 3798 hujus
1968 3729 2041 3799 ge-

658 3827 749 3898 neris
790 3828 959 3920 mysteria.
1013 3824 1110 3896 Alter
1150 3822 1329 3895 iormatam
1373 3845 1420 3894 ex
1453 3821 1818 3918 Liby-Aegyptiorum
1852 3832 1886 3893 et
1917 3823 2041 3895 Arab-

658 3937 907 4033 Aegpptiorum
933 3940 1079 4012 colluvie
1111 3936 1292 4011 barbaram
1321 3937 1484 4031 linguam,
1510 3959 1578 4008 nou
1604 3940 1669 4008 nisi
1695 3947 1773 4032 post
1799 3933 1971 4009 subactam
1999 3938 2042 4010 ab

660 4052 832 4125 Arabibas
858 4053 1056 4151 Aegyptum
1081 4056 1280 4142 innotuisse,
1307 4062 1341 4124 et
1367 4052 1498 4146 quidem
1526 4054 1656 4141 serius,
1681 4073 1803 4147 nempe
1829 4062 1907 4147 post
1932 4049 2040 4123 Sala-

663 4166 796 4239 beddiui
823 4179 858 4239 et
883 4167 1090 4240 Yubidarum
1115 4170 1299 4263 imperium.
1334 4166 1466 4240 Tertius
1493 4167 1626 4239 tandem
1652 4167 1798 4238 fictitiam
1824 4165 1914 4238 illam
1939 4164 2041 4259 plane

661 4303 752 4371 esse,
780 4281 887 4377 qualis
913 4283 1136 4375 Zingarorum
1164 4303 1243 4356 esse
1269 4281 1369 4372 solet,
1396 4304 1462 4354 uec
1487 4283 1624 4355 multum
1650 4284 1819 4376 antiquam
1846 4302 1925 4354 esse
1950 4300 2039 4374 per-

662 4396 774 4469 tendit.

353 4536 448 4600 rema,
465 4543 648 4592 asseverarem
765 4512 901 4585 Primae
928 4517 1095 4611 opinionis
1123 4521 1220 4586 autor
1245 4512 1306 4584 iuit
1330 4511 1534 4586 Athanasius
1560 4509 1753 4599 llireberus,
1781 4513 1932 4604 quicum
1956 4505 2040 4579 Ro-

337 4620 531 4677 Pl⁸¹⁸⁰¹i⁰³¹¹¹·
663 4649 751 4700 mam
776 4630 929 4702 venisset
954 4652 1000 4702 ex
1028 4627 1222 4718 Germania,
1249 4627 1604 4722 commendationeque
1630 4629 1697 4699 viri
1718 4624 1915 4713 Clarissimi,
1942 4632 1976 4694 et
1994 4623 2041 4693 ad

663 4744 770 4813 omnis
798 4745 933 4833 generis
961 4743 1068 4818 studia
1095 4742 1329 4839 promovenda
1356 4744 1564 4816 attentissimi
1590 4742 1724 4815 Nicolai
1749 4741 1942 4839 Peyrescii,
1969 4757 2039 4807 co-

665 4854 758 4928 dices
790 4856 916 4950 aliquot
949 4856 1111 4954 Copticos
1147 4859 1188 4930 ab
1223 4860 1339 4930 amicis
1366 4860 1566 4953 accepisset,
1592 4856 1728 4949 linguae
1753 4858 1880 4930 veteris
1906 4855 2038 4946 Aegy-

569 4998 574 5005 ·
662 4973 795 5065 ptiacae
830 4976 1070 5045 restitutionem
1101 4973 1295 5070 pollicitus,
1321 4973 1547 5045 Prodromam
1573 4975 1820 5069 Aegyptiacam
1854 4972 2037 5066 praemisit,
