4525 6034
570 595 625 676 Ili
658 594 957 676 allalatus
993 594 1272 675 SYRIACAS.
1550 593 1601 671 75·

236 782 346 845 Sancta
375 780 500 845 Sanchs.
550 782 614 847 llas
646 802 722 849 raro
750 789 781 845 et
810 798 887 864 quae
918 789 1085 865 sequuntur
1113 782 1283 862 crationes,
1312 781 1478 846 recitantur
1505 798 1604 863 saper>

235 880 394 963 populum,
423 881 503 945 unde
525 883 613 946 etiam
634 892 791 947 vocantur.
834 883 1037 963 impositionis
1057 900 1216 957 mauman,
1244 883 1317 963 ηαίσ
1343 889 1501 963 datoqoom
1520 900 1601 962 pro-

233 983 428 1058 motam,
449 982 607 1045 Diaconos
628 984 720 1046 dicit.-
741 982 885 1046 Inclinato
908 983 1006 1064 capita
1027 988 1129 1044 vestra
1153 997 1254 1043 coram
1278 981 1412 1044 [tonino.
1455 978 1520 1042 Nec
1542 979 1601 1040 de-

234 1078 756 1161 heatultotaaospemsollcctere,
784 1100 845 1143 aon
872 1081 1205 1162 quodprottrotioneas
1232 1099 1310 1161 ρεσε
1339 1096 1445 1142 coram
1472 1078 1602 1141 Domino

230 1179 275 1258 fit,
296 1176 516 1259 improbemus:
545 1181 600 1243 sed
620 1183 692 1262 poio
713 1181 897 1260 sucrificium
918 1181 977 1243 ltoc
1003 1182 1119 1260 τέρειναι
1141 1187 1188 1241 ast
1207 1180 1441 1242 resurectionis
1460 1185 1601 1241 nostroe:

232 1286 267 1340 at
284 1280 455 1359 prostratio
475 1282 583 1342 ntimo
599 1299 659 1360 per
677 1288 834 1361 peccatam
860 1288 992 1343 maone.
1036 1278 1132 1341 Porro
1156 1278 1315 1342 Orationes
1345 1297 1420 1360 quas
1450 1277 1601 1358 designat,

233 1383 299 1438 tres
321 1386 400 1439 sant
444 1378 540 1441 Prima
562 1386 610 1442 est
632 1378 736 1442 Oresti
758 1380 861 1460 pacis:
892 1379 1045 1457 Secunda,
1075 1378 1278 1458 impositionis
1303 1396 1460 1440 maciom-
1489 1375 1601 1455 Tertia,

233 1474 419 1539 Detectionis
439 1478 715 1543 Sooromaatonam.
759 1480 802 1542 lta
824 1479 955 1542 lacobus
978 1478 1163 1542 Edessenus.
1208 1477 1281 1539 llos
1303 1485 1374 1558 post
1393 1475 1527 1560 δηοιὸσὶε·
1547 1493 1603 1536 rc·-

233 1575 407 1637 oitotioaem
425 1578 501 1656 ficut
521 1571 704 1653 oratam
726 1579 829 1657 Pacis,
852 1579 1055 1659 impositionis
1076 1596 1227 1652 mommo,
1250 1585 1280 1639 at
1300 1578 1494 1640 revetationis
1515 1572 1604 1637 aaa·

229 1673 371 1751 μύοσσε,
393 1694 448 1738 teo
468 1677 542 1753 celi,
566 1696 626 1758 quo
648 1679 749 1742 discus
771 1687 803 1741 et
825 1679 905 1741 calix
930 1686 1088 1762 teguntur:
1122 1685 1154 1740 et
1179 1695 1257 1757 quae
1283 1679 1324 1740 ita
1353 1675 1521 1758 appellatur
1547 1691 1603 1735 se-

233 1772 362 1836 cundum
391 1775 602 1853 Barsalibium,
632 1779 701 1859 mnia
730 1780 760 1841 in
788 1779 855 1861 cius
884 1778 944 1840 fine
971 1778 1119 1841 Sacerdos
1148 1777 1247 1838 velum
1277 1775 1349 1838 illud
1378 1773 1491 1854 aufert,
1520 1773 1603 1855 quod

232 1870 403 1953 Accptae
425 1873 565 1957 Syriaco,
588 1877 696 1957 Noafir
722 1877 854 1941 Arahice
875 1880 995 1954 vocari,
1018 1877 1128 1940 dictum
1151 1884 1199 1939 est
1220 1877 1371 1957 superius.

321 1972 536 2038 Prima'Oratio
549 1994 629 2057 quae
643 1977 756 2058 incipit,
776 1976 905 2039 Domitio
923 1978 1005 2040 Deam
1020 1984 1124 2039 noster
1141 1995 1199 2038 nos
1217 1977 1355 2057 ηιεσκιεὲτ
1374 1974 1525 2053 ε’νισὶρκοκ,
1545 1978 1600 2035 etc.

233 2086 384 2148 expressa
406 2080 452 2135 est
475 2093 516 2136 ex
537 2076 595 2139 ista
618 2075 744 2141 Graeca.
786 2065 821 2138 ‘O
849 2070 979 2138 πάντων
1003 2065 1085 2149 Θεός
1112 2070 1169 2137 καὶ
1197 2061 1359 2158 δεσπότης
1379 2059 1494 2150 οἷξίους
1516 2060 1602 2157 ἡμᾶς

231 2161 440 2254 κατέργασαι,
456 2169 516 2257 τῆς
527 2162 616 2258 ῶρας
630 2163 759 2259 ταύτης,
773 2164 852 2248 τούς
864 2163 1026 2253 aregava,
1040 2164 1271 2259 φιλύνθρακτε,
1287 2164 1342 2235 ἵνα
1361 2158 1602 2256 καθαρεύοντες

231 2257 357 2341 παντὸς
382 2258 480 2335 δόλου
505 2271 560 2338 καὶ
587 2263 698 2359 πύσης
720 2264 924 2360 ὑποκρίσεως
944 2269 1120 2352 iocosam
1142 2261 1299 2359 σῖλληλοτς
1319 2270 1366 2354 τῶ
1386 2267 1445 2357 τῆς
1466 2257 1600 2357 εἰρήνης,

231 2362 290 2428 καὶ
317 2367 376 2452 τῆς
405 2359 536 2456 ἄρα’πης
565 2373 740 2457 σονδεσμτῇ,
764 2383 823 2437 etc.
867 2375 1008 2457 Ejusdem
1035 2375 1201 2437 sententiae
1231 2382 1302 2436 suat
1330 2372 1466 2451 reliquae
1495 2387 1601 2432 omncs

230 2465 381 2533 formulae
403 2471 564 2553 Syriacae,
586 2474 689 2538 similis
710 2475 865 2539 orationis.

581 2737 779 2811 Diaconos:
803 2737 937 2809 Stemus
962 2738 1135 2825 docentor,
1162 2743 1226 2807 eto.
1569 2734 1571 2739 ⁴
1664 2754 1700 2806 rs.

335 2943 486 3023 Fossam
514 2957 719 3041 antiquissima
746 2967 778 3022 ct
804 2958 916 3041 ubique
943 2966 1067 3040 recepta
1093 2959 1123 3022 in
1147 2958 1257 3021 Officiis
1280 2958 1439 3041 Litargicis
1467 2954 1599 3034 Στῶμεν
1646 2960 1754 3017 [tiamsi
1768 2960 1924 3029 primatior-

231 3055 349 3138 καλῶς,
371 3059 498 3138 στῶμεν
520 3049 682 3143 εὐλαβῶς,
705 3058 832 3140 στῶμεν
852 3052 937 3142 pesa?
960 3049 1067 3149 φόβου
1088 3056 1173 3124 θεοῦ
1193 3056 1251 3124 καὶ
1271 3046 1483 3138 κατανύξεως.
1527 3060 1599 3123 Sto·
1612 3050 1675 3101 ‘³¹5⁰
1702 3048 1735 3099 ω
1757 3046 1873 3099 eundum
1896 3053 1923 3098 ⁰⁸

231 3178 301 3221 atos
318 3162 443 3240 pulcro,
465 3163 530 3225 sive
553 3164 711 3240 decenter,
733 3170 845 3225 stamas
862 3164 930 3243 pie,
956 3170 1067 3225 τεεσσιε
1089 3180 1157 3224 εσσε
1182 3163 1290 3223 timore
1311 3159 1372 3223 Dei
1400 3169 1430 3223 et
1455 3134 1744 3240 compen-mm·

234 3262 342 3323 chone.
369 3259 412 3322 lta
435 3259 563 3327 hahetur
585 3264 614 3324 in
638 3263 762 3325 Graecis
785 3262 941 3325 omnihus:
971 3270 1003 3325 et
1022 3263 1054 3324 in
1077 3261 1211 3342 Copticis
1235 3259 1352 3323 Graece
1375 3260 1601 3341 pronunciatur,

234 3357 317 3438 qnod
339 3359 419 3440 apud
441 3360 535 3442 Syros
558 3380 678 3443 quoque
700 3363 892 3425 observatum
914 3362 986 3440 luit,
1015 3381 1055 3424 ex
1086 3360 1269 3441 antiquitatis
1301 3361 1483 3435 reverentia.
1527 3359 1603 3422 Nam

235 3458 268 3519 in
288 3458 397 3522 Rituali
420 3462 502 3541 quud
523 3461 711 3526 Boderianus
734 3462 843 3539 edidit,
866 3463 896 3525 in
919 3448 1032 3544 aliauot
1053 3461 1215 3542 Liturgiis,
1242 3461 1273 3523 in
1295 3460 1405 3523 Olllciis
1428 3458 1603 3523 Ordinatio-

234 3576 316 3636 nnm,
341 3565 373 3621 et
397 3559 476 3640 apud
498 3560 645 3624 Barsalihi
668 3563 802 3625 occurrit
823 3562 881 3625 ista
904 3557 1036 3624 tonnula'
1055 3559 1178 3624 Graecis
1201 3561 1320 3639 verbis,
1343 3559 1438 3622 literis
1461 3560 1603 3641 Syriacis,

234 3675 323 3739 quam
351 3660 502 3741 interpres
530 3678 590 3724 non
621 3660 782 3724 intellexit:
820 3662 956 3725 similiter
985 3662 1106 3742 saepius
1139 3660 1293 3742 reperitur
1321 3661 1352 3722 in
1381 3658 1603 3722 Pontificalihus

233 3756 367 3838 Syriacis
397 3756 612 3824 Jacohitarum.
662 3761 760 3823 Habet
792 3768 890 3824 autem
920 3763 1172 3844 significationem
1204 3759 1368 3841 simplicem
1397 3767 1427 3821 ct
1455 3758 1603 3821 literalem

233 3857 400 3920 secundum
421 3858 636 3940 Barsalibium,
661 3860 747 3942 cujus
771 3861 864 3923 verba
888 3862 1029 3943 superius
1051 3861 1147 3924 relata
1170 3867 1248 3922 sunt.
1278 3844 1472 3922 Consuetudo
1490 3858 1602 3940 quippe

235 3958 438 4020 vetustissima
467 3967 532 4034 est,
567 3967 599 4022 ut
632 3960 670 4022 ad
697 3959 860 4042 Liturgiam
888 3968 919 4024 et
952 3961 1049 4024 amnia
1078 3979 1165 4025 sacra
1196 3958 1298 4022 Oltlcia
1327 3958 1487 4022 Christiani
1510 3966 1601 4022 stent.

234 4055 407 4137 Aliquando
430 4058 556 4136 sedent,
579 4061 706 4122 maximo
729 4060 760 4121 in
781 4059 919 4124 Ecclesia
946 4060 1169 4138 Menandrina,
1199 4058 1277 4122 unde
1304 4058 1336 4120 fit
1364 4065 1397 4120 ut
1427 4057 1605 4140 frequenter

234 4158 265 4220 in
279 4156 414 4238 Copticis
426 4157 536 4221 Officiis
551 4167 692 4222 occurrat
712 4159 788 4222 haec
810 4159 947 4240 formula,
971 4179 1059 4242 quae,
1081 4168 1114 4224 ut
1130 4160 1208 4223 aliae
1226 4177 1324 4242 prope
1347 4177 1460 4236 omnes,
1485 4158 1601 4221 Graece

234 4258 362 4334 dicitur,
388 4250 429 4321 Οἱ
451 4252 632 4342 καθημένω
653 4246 823 4343 ἀνάστητε.
868 4261 929 4337 Oai
948 4263 1060 4323 sedetis
1080 4263 1205 4341 surpite.
1249 4258 1281 4320 ln
1306 4256 1481 4340 quibusdam
1502 4265 1602 4320 tamen

232 4358 381 4421 Ecclesiis
403 4375 552 4438 nunquam
575 4357 709 4437 sedetur,
733 4359 788 4422 sed
811 4361 861 4441 qui
883 4360 996 4424 Officiis
1019 4362 1114 4424 sacris
1138 4361 1297 4437 intersunt,
1319 4358 1470 4439 scipiones
1490 4355 1603 4418 hahent

235 4458 343 4539 quibus
366 4459 544 4537 innituntur,
568 4477 636 4521 curn
657 4459 778 4521 nimium
800 4460 907 4523 stando
930 4459 1083 4545 defatigati
1107 4468 1194 4538 sunt,
1225 4458 1304 4539 quod
1326 4457 1481 4520 Maronitis
1509 4456 1603 4519 iami-

233 4558 310 4621 liarc
332 4565 393 4621 est:
418 4557 456 4619 ad
478 4557 552 4621 alios
575 4576 613 4620 an
634 4562 805 4640 pertineat,
828 4561 1011 4644 ignoramus.
1055 4557 1210 4622 Pracialus
1232 4575 1327 4641 porra
1350 4555 1467 4619 Graece
1488 4555 1603 4618 Diaco-

233 4676 291 4722 nus
314 4654 448 4735 Στῶμεν
469 4653 585 4733 καλῶς,
603 4659 756 4743 subiungit
778 4660 853 4722 hanc
876 4660 1125 4738 exhortationem,
1150 4678 1238 4740 quam
1252 4665 1286 4720 ut
1301 4655 1466 4719 lectoribus
1484 4657 1602 4736 integra

237 4764 397 4822 constaret
419 4756 516 4820 Ollicii
538 4759 634 4837 ratio,
658 4777 698 4821 ex
720 4758 798 4821 libro
820 4759 977 4823 Ministerii
1005 4758 1159 4822 Diaconici
1187 4757 1398 4822 transtulimus.
1446 4754 1500 4817 llla
1525 4772 1601 4818 vcro

234 4856 342 4923 laudes
358 4857 416 4920 Dei
439 4856 477 4921 ob
500 4857 645 4921 beneficia
669 4859 735 4940 ejus
758 4876 832 4942 erga
854 4860 1013 4922 humanum
1035 4877 1133 4941 genus
1148 4857 1367 4939 complectitur,
1390 4863 1421 4920 et
1440 4854 1602 4941 gradacum

234 4960 382 5022 adiuuem
404 4957 442 5021 da
465 4956 639 5022 fundatione
660 4957 818 5022 Ecclesiae
840 4978 896 5041 per
918 4958 1084 5023 Christum:
1106 4976 1228 5039 unoque
1250 4964 1358 5019 tenore
1381 4956 1602 5021 confessionem

233 5059 305 5123 lidci
327 5057 366 5122 de
388 5058 518 5121 veritate
542 5060 680 5139 corporis
703 5066 733 5122 et
755 5061 911 5141 sanguinis
934 5061 1000 5142 ejus
1023 5060 1052 5122 in
1074 5057 1279 5136 Eucharistia,
1301 5056 1414 5138 ubique
1435 5056 1530 5120 temne
1551 5063 1602 5119 te·

259 5196 384 5245 ransart,
1348 5174 1393 5248 13
