<?xml version="1.0" encoding="UTF-8"?>
<!DOCTYPE html PUBLIC "-//W3C//DTD XHTML 1.0 Transitional//EN"
    "http://www.w3.org/TR/xhtml1/DTD/xhtml1-transitional.dtd">
<html xmlns="http://www.w3.org/1999/xhtml" xml:lang="en" lang="en">
 <head>
  <title>
</title>
<meta http-equiv="Content-Type" content="text/html;charset=utf-8" />
  <meta name='ocr-system' content='tesseract 3.04.00' />
  <meta name='ocr-capabilities' content='ocr_page ocr_carea ocr_par ocr_line ocrx_word'/>
</head>
<body>
  <div class='ocr_page' id='page_1' title='image "./liturgiarumorie00unkngoog/liturgiarumorie00unkngoog_1006.png"; bbox 0 0 4525 6034; ppageno 0'>
   <div class='ocr_carea' id='block_1_1' title="bbox 716 571 1516 652">
    <p class='ocr_par' dir='ltr' id='par_1_1' title="bbox 716 571 1516 652">
     <span class='ocr_line' id='line_1_1' title="bbox 716 571 1516 652; baseline 0.008 -7"><span class='ocrx_word' id='word_1_1' title='bbox 716 571 793 646; x_wconf 80' lang='lat'><strong>296</strong></span> <span class='ocrx_word' id='word_1_2' title='bbox 1284 571 1516 652; x_wconf 79' lang='lat' dir='ltr'><strong>NOTAE</strong></span> 
     </span>
    </p>
   </div>
   <div class='ocr_carea' id='block_1_2' title="bbox 714 750 2053 2510">
    <p class='ocr_par' dir='ltr' id='par_1_2' title="bbox 714 750 2053 2510">
     <span class='ocr_line' id='line_1_2' title="bbox 715 750 2044 842; baseline 0.005 -22"><span class='ocrx_word' id='word_1_3' title='bbox 715 774 777 821; x_wconf 95' lang='lat' dir='ltr'><strong>non</strong></span> <span class='ocrx_word' id='word_1_4' title='bbox 799 774 817 819; x_wconf 94' lang='lat' dir='ltr'><strong>a</strong></span> <span class='ocrx_word' id='word_1_5' title='bbox 839 758 1014 841; x_wconf 72' lang='lat' dir='ltr'>vulgaribus</span> <span class='ocrx_word' id='word_1_6' title='bbox 1035 758 1125 821; x_wconf 94' lang='lat' dir='ltr'><strong>modo</strong></span> <span class='ocrx_word' id='word_1_7' title='bbox 1148 750 1179 821; x_wconf 85' lang='lat' dir='ltr'><strong>e&#39;t</strong></span> <span class='ocrx_word' id='word_1_8' title='bbox 1200 757 1310 821; x_wconf 92' lang='lat' dir='ltr'><strong>nullius</strong></span> <span class='ocrx_word' id='word_1_9' title='bbox 1340 758 1507 822; x_wconf 75' lang='lat' dir='ltr'><strong>autoritatis</strong></span> <span class='ocrx_word' id='word_1_10' title='bbox 1537 758 1736 841; x_wconf 82' lang='lat' dir='ltr'><strong>scriptoribus</strong></span> <span class='ocrx_word' id='word_1_11' title='bbox 1758 760 1906 841; x_wconf 89' lang='lat' dir='ltr'><strong>proditum</strong></span> <span class='ocrx_word' id='word_1_12' title='bbox 1923 769 1976 842; x_wconf 89' lang='lat' dir='ltr'><strong>est,</strong></span> <span class='ocrx_word' id='word_1_13' title='bbox 1997 763 2044 827; x_wconf 76' lang='lat' dir='ltr'><strong>¹sed</strong></span> 
     </span>
     <span class='ocr_line' id='line_1_3' title="bbox 716 856 2045 925; baseline 0.002 -4"><span class='ocrx_word' id='word_1_14' title='bbox 716 858 806 921; x_wconf 92' lang='lat' dir='ltr'><strong>etiam</strong></span> <span class='ocrx_word' id='word_1_15' title='bbox 829 875 847 920; x_wconf 93' lang='lat' dir='ltr'><strong>a</strong></span> <span class='ocrx_word' id='word_1_16' title='bbox 869 857 1060 922; x_wconf 89' lang='lat' dir='ltr'><strong>doctissimis.</strong></span> <span class='ocrx_word' id='word_1_17' title='bbox 1105 858 1180 920; x_wconf 92' lang='lat' dir='ltr'><strong>Nam</strong></span> <span class='ocrx_word' id='word_1_18' title='bbox 1207 858 1254 920; x_wconf 89' lang='lat' dir='ltr'><strong>vir</strong></span> <span class='ocrx_word' id='word_1_19' title='bbox 1283 856 1473 921; x_wconf 80' lang='lat' dir='ltr'><strong>Clarissimus</strong></span> <span class='ocrx_word' id='word_1_20' title='bbox 1504 858 1637 921; x_wconf 80' lang='lat' dir='ltr'><strong>loannes</strong></span> <span class='ocrx_word' id='word_1_21' title='bbox 1665 859 1800 923; x_wconf 87' lang='lat' dir='ltr'><strong>hlorinus</strong></span> <span class='ocrx_word' id='word_1_22' title='bbox 1830 878 1868 922; x_wconf 92' lang='lat' dir='ltr'><strong>eo</strong></span> <span class='ocrx_word' id='word_1_23' title='bbox 1896 861 1984 925; x_wconf 89' lang='lat' dir='ltr'><strong>colore</strong></span> <span class='ocrx_word' id='word_1_24' title='bbox 2004 861 2045 924; x_wconf 87' lang='lat' dir='ltr'><strong>la·</strong></span> 
     </span>
     <span class='ocr_line' id='line_1_4' title="bbox 716 956 2045 1040; baseline 0.003 -21"><span class='ocrx_word' id='word_1_25' title='bbox 716 956 831 1019; x_wconf 89' lang='lat' dir='ltr'><strong>cobitas</strong></span> <span class='ocrx_word' id='word_1_26' title='bbox 861 957 1067 1039; x_wconf 82' lang='lat' dir='ltr'><strong>Eutychianos</strong></span> <span class='ocrx_word' id='word_1_27' title='bbox 1097 965 1205 1036; x_wconf 91' lang='lat' dir='ltr'><strong>vocat,</strong></span> <span class='ocrx_word' id='word_1_28' title='bbox 1233 963 1264 1019; x_wconf 91' lang='lat' dir='ltr'><strong>et</strong></span> <span class='ocrx_word' id='word_1_29' title='bbox 1291 956 1347 1020; x_wconf 93' lang='lat' dir='ltr'><strong>sub</strong></span> <span class='ocrx_word' id='word_1_30' title='bbox 1377 957 1429 1020; x_wconf 92' lang='lat' dir='ltr'><strong>tali</strong></span> <span class='ocrx_word' id='word_1_31' title='bbox 1458 956 1560 1040; x_wconf 81' lang='lat' dir='ltr'><strong>elogio</strong></span> <span class='ocrx_word' id='word_1_32' title='bbox 1589 958 1800 1022; x_wconf 80' lang='lat' dir='ltr'><strong>Ordinationes</strong></span> <span class='ocrx_word' id='word_1_33' title='bbox 1829 959 1940 1022; x_wconf 92' lang='lat' dir='ltr'><strong>illorum</strong></span> <span class='ocrx_word' id='word_1_34' title='bbox 1962 960 2045 1023; x_wconf 87' lang='lat' dir='ltr'><strong>edidit:</strong></span> 
     </span>
     <span class='ocr_line' id='line_1_5' title="bbox 715 1055 2046 1139; baseline 0.001 -21"><span class='ocrx_word' id='word_1_35' title='bbox 715 1057 812 1119; x_wconf 91' lang='lat' dir='ltr'><strong>minus</strong></span> <span class='ocrx_word' id='word_1_36' title='bbox 834 1064 935 1134; x_wconf 87' lang='lat' dir='ltr'><strong>recte,</strong></span> <span class='ocrx_word' id='word_1_37' title='bbox 965 1076 1031 1119; x_wconf 90' lang='lat' dir='ltr'><strong>cum</strong></span> <span class='ocrx_word' id='word_1_38' title='bbox 1058 1056 1188 1139; x_wconf 75' lang='lat' dir='ltr'><strong>Eutychi</strong></span> <span class='ocrx_word' id='word_1_39' title='bbox 1214 1055 1370 1118; x_wconf 91' lang='lat' dir='ltr'><strong>anathema</strong></span> <span class='ocrx_word' id='word_1_40' title='bbox 1399 1055 1589 1119; x_wconf 90' lang='lat' dir='ltr'><strong>denuncient.</strong></span> <span class='ocrx_word' id='word_1_41' title='bbox 1642 1056 1685 1119; x_wconf 92' lang='lat' dir='ltr'><strong>lta</strong></span> <span class='ocrx_word' id='word_1_42' title='bbox 1712 1059 1790 1120; x_wconf 87' lang='lat' dir='ltr'><strong>enim</strong></span> <span class='ocrx_word' id='word_1_43' title='bbox 1818 1064 1957 1135; x_wconf 91' lang='lat' dir='ltr'><strong>statuunt,</strong></span> <span class='ocrx_word' id='word_1_44' title='bbox 1984 1058 2046 1120; x_wconf 88' lang='lat' dir='ltr'><strong>illan</strong></span> 
     </span>
     <span class='ocr_line' id='line_1_6' title="bbox 716 1153 2047 1238; baseline 0 -20"><span class='ocrx_word' id='word_1_45' title='bbox 716 1155 823 1219; x_wconf 89' lang='lat' dir='ltr'><strong>eodem</strong></span> <span class='ocrx_word' id='word_1_46' title='bbox 854 1173 914 1237; x_wconf 90' lang='lat' dir='ltr'><strong>quo</strong></span> <span class='ocrx_word' id='word_1_47' title='bbox 944 1155 1149 1238; x_wconf 78' lang='lat' dir='ltr'><strong>Apollinarius</strong></span> <span class='ocrx_word' id='word_1_48' title='bbox 1180 1172 1288 1218; x_wconf 89' lang='lat' dir='ltr'><strong>errore</strong></span> <span class='ocrx_word' id='word_1_49' title='bbox 1317 1153 1486 1233; x_wconf 89' lang='lat' dir='ltr'><strong>laborasse,</strong></span> <span class='ocrx_word' id='word_1_50' title='bbox 1509 1163 1600 1237; x_wconf 86' lang='lat' dir='ltr'><strong>atque</strong></span> <span class='ocrx_word' id='word_1_51' title='bbox 1623 1156 1699 1219; x_wconf 90' lang='lat' dir='ltr'><strong>adeo</strong></span> <span class='ocrx_word' id='word_1_52' title='bbox 1722 1157 1908 1221; x_wconf 85' lang='lat' dir='ltr'><strong>existimasse</strong></span> <span class='ocrx_word' id='word_1_53' title='bbox 1927 1156 2047 1221; x_wconf 87' lang='lat' dir='ltr'><strong>Christum</strong></span> 
     </span>
     <span class='ocr_line' id='line_1_7' title="bbox 716 1253 2048 1338; baseline 0.002 -23"><span class='ocrx_word' id='word_1_54' title='bbox 716 1253 857 1318; x_wconf 90' lang='lat' dir='ltr'><strong>babuisse</strong></span> <span class='ocrx_word' id='word_1_55' title='bbox 881 1254 919 1316; x_wconf 94' lang='lat' dir='ltr'><strong>de</strong></span> <span class='ocrx_word' id='word_1_56' title='bbox 941 1254 1028 1318; x_wconf 91' lang='lat' dir='ltr'><strong>coelo</strong></span> <span class='ocrx_word' id='word_1_57' title='bbox 1052 1272 1176 1336; x_wconf 85' lang='lat' dir='ltr'><strong>corpus,</strong></span> <span class='ocrx_word' id='word_1_58' title='bbox 1198 1254 1279 1336; x_wconf 83' lang='lat' dir='ltr'><strong>quod</strong></span> <span class='ocrx_word' id='word_1_59' title='bbox 1303 1261 1408 1317; x_wconf 91' lang='lat' dir='ltr'><strong>nostro</strong></span> <span class='ocrx_word' id='word_1_60' title='bbox 1428 1254 1684 1318; x_wconf 75' lang='lat' dir='ltr'><strong>consubstantiale</strong></span> <span class='ocrx_word' id='word_1_61' title='bbox 1706 1274 1767 1320; x_wconf 94' lang='lat' dir='ltr'><strong>non</strong></span> <span class='ocrx_word' id='word_1_62' title='bbox 1790 1265 1884 1335; x_wconf 88' lang='lat' dir='ltr'><strong>esset,</strong></span> <span class='ocrx_word' id='word_1_63' title='bbox 1905 1257 1953 1319; x_wconf 89' lang='lat' dir='ltr'><strong>sed</strong></span> <span class='ocrx_word' id='word_1_64' title='bbox 1970 1256 2048 1338; x_wconf 90' lang='lat' dir='ltr'><strong>phan-</strong></span> 
     </span>
     <span class='ocr_line' id='line_1_8' title="bbox 715 1352 2048 1436; baseline 0.002 -21"><span class='ocrx_word' id='word_1_65' title='bbox 715 1355 862 1417; x_wconf 90' lang='lat' dir='ltr'><strong>tasticum.</strong></span> <span class='ocrx_word' id='word_1_66' title='bbox 907 1352 957 1415; x_wconf 85' lang='lat' dir='ltr'><strong>Au</strong></span> <span class='ocrx_word' id='word_1_67' title='bbox 978 1372 1053 1416; x_wconf 88' lang='lat' dir='ltr'><strong>vere</strong></span> <span class='ocrx_word' id='word_1_68' title='bbox 1071 1354 1218 1436; x_wconf 89' lang='lat' dir='ltr'><strong>judicent,</strong></span> <span class='ocrx_word' id='word_1_69' title='bbox 1248 1371 1355 1436; x_wconf 93' lang='lat' dir='ltr'><strong>parum</strong></span> <span class='ocrx_word' id='word_1_70' title='bbox 1381 1355 1522 1430; x_wconf 89' lang='lat' dir='ltr'><strong>interest,</strong></span> <span class='ocrx_word' id='word_1_71' title='bbox 1549 1355 1604 1417; x_wconf 90' lang='lat' dir='ltr'><strong>sed</strong></span> <span class='ocrx_word' id='word_1_72' title='bbox 1634 1354 1782 1418; x_wconf 87' lang='lat' dir='ltr'><strong>Christum</strong></span> <span class='ocrx_word' id='word_1_73' title='bbox 1811 1359 1869 1420; x_wconf 93' lang='lat' dir='ltr'><strong>etsi</strong></span> <span class='ocrx_word' id='word_1_74' title='bbox 1897 1377 1933 1420; x_wconf 85' lang='lat' dir='ltr'><strong>ex</strong></span> <span class='ocrx_word' id='word_1_75' title='bbox 1957 1356 2048 1420; x_wconf 91' lang='lat' dir='ltr'><strong>duabus</strong></span> 
     </span>
     <span class='ocr_line' id='line_1_9' title="bbox 716 1451 2047 1538; baseline -0.001 -22"><span class='ocrx_word' id='word_1_76' title='bbox 716 1455 830 1516; x_wconf 88' lang='lat' dir='ltr'><strong>naturis</strong></span> <span class='ocrx_word' id='word_1_77' title='bbox 852 1470 942 1516; x_wconf 93' lang='lat' dir='ltr'><strong>unum</strong></span> <span class='ocrx_word' id='word_1_78' title='bbox 965 1462 1143 1534; x_wconf 83' lang='lat' dir='ltr'><strong>agnoscant,</strong></span> <span class='ocrx_word' id='word_1_79' title='bbox 1165 1471 1226 1516; x_wconf 91' lang='lat' dir='ltr'><strong>non</strong></span> <span class='ocrx_word' id='word_1_80' title='bbox 1249 1461 1281 1516; x_wconf 89' lang='lat' dir='ltr'><strong>ut</strong></span> <span class='ocrx_word' id='word_1_81' title='bbox 1302 1452 1440 1516; x_wconf 88' lang='lat' dir='ltr'><strong>Ecclesia</strong></span> <span class='ocrx_word' id='word_1_82' title='bbox 1464 1451 1627 1533; x_wconf 87' lang='lat' dir='ltr'><strong>Catholiea,</strong></span> <span class='ocrx_word' id='word_1_83' title='bbox 1650 1455 1819 1520; x_wconf 84' lang='lat' dir='ltr'><strong>inanitate</strong></span> <span class='ocrx_word' id='word_1_84' title='bbox 1841 1475 1988 1538; x_wconf 85' lang='lat' dir='ltr'><strong>personae,</strong></span> <span class='ocrx_word' id='word_1_85' title='bbox 2005 1454 2047 1517; x_wconf 88' lang='lat' dir='ltr'><strong>sed</strong></span> 
     </span>
     <span class='ocr_line' id='line_1_10' title="bbox 715 1551 2049 1634; baseline 0.001 -19"><span class='ocrx_word' id='word_1_86' title='bbox 715 1554 747 1615; x_wconf 94' lang='lat' dir='ltr'><strong>in</strong></span> <span class='ocrx_word' id='word_1_87' title='bbox 770 1554 881 1616; x_wconf 89' lang='lat' dir='ltr'><strong>unitate</strong></span> <span class='ocrx_word' id='word_1_88' title='bbox 904 1560 1040 1630; x_wconf 88' lang='lat' dir='ltr'><strong>naturae,</strong></span> <span class='ocrx_word' id='word_1_89' title='bbox 1063 1553 1145 1615; x_wconf 93' lang='lat' dir='ltr'><strong>illum</strong></span> <span class='ocrx_word' id='word_1_90' title='bbox 1167 1560 1265 1615; x_wconf 82' lang='lat' dir='ltr'><strong>minen</strong></span> <span class='ocrx_word' id='word_1_91' title='bbox 1300 1551 1478 1634; x_wconf 83' lang='lat' dir='ltr'><strong>profitentur</strong></span> <span class='ocrx_word' id='word_1_92' title='bbox 1500 1553 1786 1617; x_wconf 85' lang='lat' dir='ltr'><strong>consubstantialem</strong></span> <span class='ocrx_word' id='word_1_93' title='bbox 1815 1555 1896 1618; x_wconf 89' lang='lat' dir='ltr'><strong>Patri</strong></span> <span class='ocrx_word' id='word_1_94' title='bbox 1915 1554 2049 1619; x_wconf 83' lang='lat' dir='ltr'><strong>secundm</strong></span> 
     </span>
     <span class='ocr_line' id='line_1_11' title="bbox 716 1648 2048 1732; baseline 0.003 -18"><span class='ocrx_word' id='word_1_95' title='bbox 716 1652 937 1731; x_wconf 88' lang='lat' dir='ltr'><strong>humanitatem,</strong></span> <span class='ocrx_word' id='word_1_96' title='bbox 959 1659 993 1712; x_wconf 91' lang='lat' dir='ltr'><strong>ut</strong></span> <span class='ocrx_word' id='word_1_97' title='bbox 1014 1651 1078 1715; x_wconf 90' lang='lat' dir='ltr'><strong>Leo</strong></span> <span class='ocrx_word' id='word_1_98' title='bbox 1100 1652 1180 1732; x_wconf 89' lang='lat' dir='ltr'><strong>Papa</strong></span> <span class='ocrx_word' id='word_1_99' title='bbox 1203 1652 1252 1714; x_wconf 90' lang='lat' dir='ltr'><strong>cui</strong></span> <span class='ocrx_word' id='word_1_100' title='bbox 1273 1648 1435 1713; x_wconf 79' lang='lat' dir='ltr'><strong>fortissime</strong></span> <span class='ocrx_word' id='word_1_101' title='bbox 1464 1651 1654 1728; x_wconf 85' lang='lat' dir='ltr'><strong>maledicunt,</strong></span> <span class='ocrx_word' id='word_1_102' title='bbox 1677 1654 1715 1716; x_wconf 89' lang='lat' dir='ltr'><strong>ad</strong></span> <span class='ocrx_word' id='word_1_103' title='bbox 1737 1653 1910 1717; x_wconf 85' lang='lat' dir='ltr'><strong>Flavianum</strong></span> <span class='ocrx_word' id='word_1_104' title='bbox 1929 1655 2048 1730; x_wconf 87' lang='lat' dir='ltr'><strong>scribens,</strong></span> 
     </span>
     <span class='ocr_line' id='line_1_12' title="bbox 716 1747 2050 1832; baseline 0.004 -22"><span class='ocrx_word' id='word_1_105' title='bbox 716 1748 873 1831; x_wconf 77' lang='lat' dir='ltr'><strong>professus</strong></span> <span class='ocrx_word' id='word_1_106' title='bbox 895 1747 1001 1811; x_wconf 85' lang='lat' dir='ltr'><strong>luerat</strong></span> <span class='ocrx_word' id='word_1_107' title='bbox 1046 1749 1290 1814; x_wconf 88' lang='lat' dir='ltr'><strong>Commistionem</strong></span> <span class='ocrx_word' id='word_1_108' title='bbox 1313 1768 1433 1831; x_wconf 87' lang='lat' dir='ltr'><strong>quoque</strong></span> <span class='ocrx_word' id='word_1_109' title='bbox 1462 1759 1645 1832; x_wconf 87' lang='lat' dir='ltr'><strong>naturarum,</strong></span> <span class='ocrx_word' id='word_1_110' title='bbox 1668 1752 1877 1817; x_wconf 83' lang='lat' dir='ltr'><strong>confusionem</strong></span> <span class='ocrx_word' id='word_1_111' title='bbox 1906 1762 1934 1817; x_wconf 90' lang='lat' dir='ltr'><strong>et</strong></span> <span class='ocrx_word' id='word_1_112' title='bbox 1959 1753 2050 1818; x_wconf 89' lang='lat' dir='ltr'><strong>altera-</strong></span> 
     </span>
     <span class='ocr_line' id='line_1_13' title="bbox 716 1847 2051 1936; baseline 0.003 -24"><span class='ocrx_word' id='word_1_113' title='bbox 716 1851 827 1912; x_wconf 90' lang='lat' dir='ltr'><strong>tionem</strong></span> <span class='ocrx_word' id='word_1_114' title='bbox 849 1849 1000 1930; x_wconf 91' lang='lat' dir='ltr'><strong>rejiciunt:</strong></span> <span class='ocrx_word' id='word_1_115' title='bbox 1022 1850 1123 1931; x_wconf 87' lang='lat' dir='ltr'><strong>itaque</strong></span> <span class='ocrx_word' id='word_1_116' title='bbox 1145 1847 1325 1931; x_wconf 82' lang='lat' dir='ltr'><strong>Eutychiani</strong></span> <span class='ocrx_word' id='word_1_117' title='bbox 1353 1848 1411 1911; x_wconf 91' lang='lat' dir='ltr'><strong>dici</strong></span> <span class='ocrx_word' id='word_1_118' title='bbox 1439 1866 1501 1912; x_wconf 95' lang='lat' dir='ltr'><strong>non</strong></span> <span class='ocrx_word' id='word_1_119' title='bbox 1521 1859 1660 1931; x_wconf 86' lang='lat' dir='ltr'><strong>possunt.</strong></span> <span class='ocrx_word' id='word_1_120' title='bbox 1705 1852 1876 1915; x_wconf 85' lang='lat' dir='ltr'><strong>Verisimile</strong></span> <span class='ocrx_word' id='word_1_121' title='bbox 1905 1856 1986 1936; x_wconf 75' lang='lat' dir='ltr'><strong>igitur</strong></span> <span class='ocrx_word' id='word_1_122' title='bbox 2007 1859 2051 1930; x_wconf 69' lang='lat' dir='ltr'><strong>est</strong></span> 
     </span>
     <span class='ocr_line' id='line_1_14' title="bbox 717 1946 2052 2034; baseline 0 -21"><span class='ocrx_word' id='word_1_123' title='bbox 717 1948 812 2029; x_wconf 88' lang='lat' dir='ltr'><strong>Syros</strong></span> <span class='ocrx_word' id='word_1_124' title='bbox 841 1946 993 2011; x_wconf 87' lang='lat' dir='ltr'><strong>Jacobitas</strong></span> <span class='ocrx_word' id='word_1_125' title='bbox 1023 1950 1073 2030; x_wconf 86' lang='lat' dir='ltr'><strong>qui</strong></span> <span class='ocrx_word' id='word_1_126' title='bbox 1101 1950 1263 2011; x_wconf 84' lang='lat' dir='ltr'><strong>memoriae</strong></span> <span class='ocrx_word' id='word_1_127' title='bbox 1283 1948 1424 2011; x_wconf 91' lang='lat' dir='ltr'><strong>Dioscori</strong></span> <span class='ocrx_word' id='word_1_128' title='bbox 1452 1956 1564 2012; x_wconf 90' lang='lat' dir='ltr'><strong>tantum</strong></span> <span class='ocrx_word' id='word_1_129' title='bbox 1587 1951 1776 2030; x_wconf 89' lang='lat' dir='ltr'><strong>tribuerunt,</strong></span> <span class='ocrx_word' id='word_1_130' title='bbox 1804 1961 1838 2015; x_wconf 94' lang='lat' dir='ltr'><strong>ut</strong></span> <span class='ocrx_word' id='word_1_131' title='bbox 1868 1952 1931 2034; x_wconf 90' lang='lat' dir='ltr'><strong>ejus</strong></span> <span class='ocrx_word' id='word_1_132' title='bbox 1956 1952 2052 2015; x_wconf 84' lang='lat' dir='ltr'><strong>nanim</strong></span> 
     </span>
     <span class='ocr_line' id='line_1_15' title="bbox 715 2046 2052 2133; baseline 0.001 -23"><span class='ocrx_word' id='word_1_133' title='bbox 715 2046 879 2130; x_wconf 76' lang='lat' dir='ltr'><strong>liturgiam</strong></span> <span class='ocrx_word' id='word_1_134' title='bbox 901 2047 1081 2127; x_wconf 90' lang='lat' dir='ltr'><strong>scriberent,</strong></span> <span class='ocrx_word' id='word_1_135' title='bbox 1102 2067 1140 2111; x_wconf 91' lang='lat' dir='ltr'><strong>ea</strong></span> <span class='ocrx_word' id='word_1_136' title='bbox 1161 2048 1327 2111; x_wconf 90' lang='lat' dir='ltr'><strong>inseruisse</strong></span> <span class='ocrx_word' id='word_1_137' title='bbox 1348 2066 1426 2129; x_wconf 84' lang='lat' dir='ltr'><strong>quae</strong></span> <span class='ocrx_word' id='word_1_138' title='bbox 1447 2046 1555 2111; x_wconf 84' lang='lat' dir='ltr'><strong>famam</strong></span> <span class='ocrx_word' id='word_1_139' title='bbox 1583 2051 1650 2132; x_wconf 89' lang='lat' dir='ltr'><strong>ejus</strong></span> <span class='ocrx_word' id='word_1_140' title='bbox 1681 2050 1718 2113; x_wconf 91' lang='lat' dir='ltr'><strong>ab</strong></span> <span class='ocrx_word' id='word_1_141' title='bbox 1740 2051 1944 2133; x_wconf 80' lang='lat' dir='ltr'><strong>Eutychianos</strong></span> <span class='ocrx_word' id='word_1_142' title='bbox 1963 2051 2052 2113; x_wconf 91' lang='lat' dir='ltr'><strong>baere-</strong></span> 
     </span>
     <span class='ocr_line' id='line_1_16' title="bbox 714 2142 2053 2232; baseline 0.001 -22"><span class='ocrx_word' id='word_1_143' title='bbox 714 2165 787 2210; x_wconf 90' lang='lat' dir='ltr'><strong>seos</strong></span> <span class='ocrx_word' id='word_1_144' title='bbox 809 2146 1003 2226; x_wconf 91' lang='lat' dir='ltr'><strong>imputatione</strong></span> <span class='ocrx_word' id='word_1_145' title='bbox 1027 2142 1228 2210; x_wconf 84' lang='lat' dir='ltr'><strong>vindicarent:</strong></span> <span class='ocrx_word' id='word_1_146' title='bbox 1251 2157 1312 2211; x_wconf 90' lang='lat' dir='ltr'><strong>tum</strong></span> <span class='ocrx_word' id='word_1_147' title='bbox 1334 2148 1422 2210; x_wconf 91' lang='lat' dir='ltr'><strong>etiam</strong></span> <span class='ocrx_word' id='word_1_148' title='bbox 1446 2148 1483 2209; x_wconf 90' lang='lat' dir='ltr'><strong>ab</strong></span> <span class='ocrx_word' id='word_1_149' title='bbox 1506 2166 1613 2212; x_wconf 91' lang='lat' dir='ltr'><strong>errore</strong></span> <span class='ocrx_word' id='word_1_150' title='bbox 1627 2151 1678 2232; x_wconf 87' lang='lat' dir='ltr'><strong>qui</strong></span> <span class='ocrx_word' id='word_1_151' title='bbox 1700 2150 1780 2212; x_wconf 91' lang='lat' dir='ltr'><strong>inter</strong></span> <span class='ocrx_word' id='word_1_152' title='bbox 1800 2148 1949 2213; x_wconf 89' lang='lat' dir='ltr'><strong>Jacobitas</strong></span> <span class='ocrx_word' id='word_1_153' title='bbox 1968 2158 2053 2232; x_wconf 83' lang='lat' dir='ltr'><strong>postea</strong></span> 
     </span>
     <span class='ocr_line' id='line_1_17' title="bbox 715 2245 2052 2329; baseline 0.001 -20"><span class='ocrx_word' id='word_1_154' title='bbox 715 2246 889 2329; x_wconf 87' lang='lat' dir='ltr'><strong>pullulavit,</strong></span> <span class='ocrx_word' id='word_1_155' title='bbox 918 2264 974 2328; x_wconf 91' lang='lat' dir='ltr'><strong>per</strong></span> <span class='ocrx_word' id='word_1_156' title='bbox 1000 2245 1151 2309; x_wconf 86' lang='lat' dir='ltr'><strong>lulianum</strong></span> <span class='ocrx_word' id='word_1_157' title='bbox 1183 2246 1461 2322; x_wconf 87' lang='lat' dir='ltr'><strong>llalicamasseum,</strong></span> <span class='ocrx_word' id='word_1_158' title='bbox 1495 2249 1580 2329; x_wconf 87' lang='lat' dir='ltr'><strong>cujus</strong></span> <span class='ocrx_word' id='word_1_159' title='bbox 1605 2249 1805 2329; x_wconf 79' lang='lat' dir='ltr'><strong>phantasias,</strong></span> <span class='ocrx_word' id='word_1_160' title='bbox 1840 2268 1908 2313; x_wconf 93' lang='lat' dir='ltr'><strong>nam</strong></span> <span class='ocrx_word' id='word_1_161' title='bbox 1935 2268 1968 2313; x_wconf 89' lang='lat' dir='ltr'><strong>ea</strong></span> <span class='ocrx_word' id='word_1_162' title='bbox 1992 2266 2052 2311; x_wconf 77' lang='lat' dir='ltr'><strong>soce</strong></span> 
     </span>
     <span class='ocr_line' id='line_1_18' title="bbox 715 2345 2053 2429; baseline 0 -20"><span class='ocrx_word' id='word_1_163' title='bbox 715 2354 854 2424; x_wconf 92' lang='lat' dir='ltr'><strong>utuntur,</strong></span> <span class='ocrx_word' id='word_1_164' title='bbox 882 2345 962 2427; x_wconf 93' lang='lat' dir='ltr'><strong>quod</strong></span> <span class='ocrx_word' id='word_1_165' title='bbox 990 2346 1207 2425; x_wconf 86' lang='lat' dir='ltr'><strong>conlirtaverit,</strong></span> <span class='ocrx_word' id='word_1_166' title='bbox 1243 2347 1376 2412; x_wconf 90' lang='lat' dir='ltr'><strong>Severus</strong></span> <span class='ocrx_word' id='word_1_167' title='bbox 1404 2346 1628 2428; x_wconf 84' lang='lat' dir='ltr'><strong>Antiochenus,</strong></span> <span class='ocrx_word' id='word_1_168' title='bbox 1656 2348 1793 2412; x_wconf 91' lang='lat' dir='ltr'><strong>laudatur</strong></span> <span class='ocrx_word' id='word_1_169' title='bbox 1823 2351 1854 2412; x_wconf 93' lang='lat' dir='ltr'><strong>in</strong></span> <span class='ocrx_word' id='word_1_170' title='bbox 1883 2349 1979 2413; x_wconf 87' lang='lat' dir='ltr'><strong>Obicio</strong></span> <span class='ocrx_word' id='word_1_171' title='bbox 2003 2349 2053 2429; x_wconf 83' lang='lat' dir='ltr'><strong>ejus</strong></span> 
     </span>
     <span class='ocr_line' id='line_1_19' title="bbox 715 2446 1016 2510; baseline 0 -1"><span class='ocrx_word' id='word_1_172' title='bbox 715 2446 1016 2510; x_wconf 89' lang='lat' dir='ltr'><strong>commemorationis.</strong></span> 
     </span>
    </p>
   </div>
   <div class='ocr_carea' id='block_1_3' title="bbox 664 2759 2038 2856">
    <p class='ocr_par' dir='ltr' id='par_1_3' title="bbox 664 2759 2038 2856">
     <span class='ocr_line' id='line_1_20' title="bbox 664 2759 2038 2856; baseline -0.001 -25"><span class='ocrx_word' id='word_1_173' title='bbox 664 2766 667 2775; x_wconf 88' lang='lat'>&#39;</span> <span class='ocrx_word' id='word_1_174' title='bbox 740 2760 775 2831; x_wconf 85' lang='lat'><strong>3.</strong></span> <span class='ocrx_word' id='word_1_175' title='bbox 814 2759 1000 2855; x_wconf 83' lang='lat' dir='ltr'><strong>Postquam</strong></span> <span class='ocrx_word' id='word_1_176' title='bbox 1026 2782 1100 2831; x_wconf 84' lang='lat' dir='ltr'><strong>cum</strong></span> <span class='ocrx_word' id='word_1_177' title='bbox 1126 2759 1302 2854; x_wconf 84' lang='lat' dir='ltr'><strong>discipulis</strong></span> <span class='ocrx_word' id='word_1_178' title='bbox 1316 2760 1451 2854; x_wconf 76' lang='lat' dir='ltr'><strong>Apsum</strong></span> <span class='ocrx_word' id='word_1_179' title='bbox 1468 2759 1561 2831; x_wconf 82' lang='lat' dir='ltr'><strong>illum</strong></span> <span class='ocrx_word' id='word_1_180' title='bbox 1574 2760 1762 2833; x_wconf 86' lang='lat' dir='ltr'><strong>Moscicum</strong></span> <span class='ocrx_word' id='word_1_181' title='bbox 1777 2762 1934 2856; x_wconf 62' lang='lat' dir='ltr'><strong>modeim</strong></span> <span class='ocrx_word' id='word_1_182' title='bbox 1958 2768 2038 2834; x_wconf 84' lang='lat' dir='ltr'><strong>esset</strong></span> 
     </span>
    </p>
   </div>
   <div class='ocr_carea' id='block_1_4' title="bbox 713 2970 2060 5163">
    <p class='ocr_par' dir='ltr' id='par_1_4' title="bbox 713 2970 2060 5163">
     <span class='ocr_line' id='line_1_21' title="bbox 823 2970 2057 3064; baseline -0.004 -16"><span class='ocrx_word' id='word_1_183' title='bbox 823 2970 901 3048; x_wconf 84' lang='lat' dir='ltr'><strong>lona</strong></span> <span class='ocrx_word' id='word_1_184' title='bbox 922 2981 1034 3063; x_wconf 80' lang='lat' dir='ltr'><strong>legitur</strong></span> <span class='ocrx_word' id='word_1_185' title='bbox 1054 2982 1085 3044; x_wconf 91' lang='lat' dir='ltr'><strong>in</strong></span> <span class='ocrx_word' id='word_1_186' title='bbox 1107 2980 1255 3063; x_wconf 85' lang='lat' dir='ltr'><strong>aliquibus</strong></span> <span class='ocrx_word' id='word_1_187' title='bbox 1277 2981 1410 3064; x_wconf 87' lang='lat' dir='ltr'><strong>Syriacis</strong></span> <span class='ocrx_word' id='word_1_188' title='bbox 1434 2982 1498 3044; x_wconf 90' lang='lat' dir='ltr'><strong>aliis</strong></span> <span class='ocrx_word' id='word_1_189' title='bbox 1521 2980 1675 3063; x_wconf 81' lang='lat' dir='ltr'><strong>Liturgiis,</strong></span> <span class='ocrx_word' id='word_1_190' title='bbox 1698 2989 1731 3043; x_wconf 92' lang='lat' dir='ltr'><strong>ut</strong></span> <span class='ocrx_word' id='word_1_191' title='bbox 1751 2981 1861 3046; x_wconf 81' lang='lat' dir='ltr'><strong>iacobi</strong></span> <span class='ocrx_word' id='word_1_192' title='bbox 1882 2984 2057 3047; x_wconf 87' lang='lat' dir='ltr'><strong>Edesseniat</strong></span> 
     </span>
     <span class='ocr_line' id='line_1_22' title="bbox 714 3083 2059 3167; baseline -0.001 -17"><span class='ocrx_word' id='word_1_193' title='bbox 714 3088 854 3151; x_wconf 90' lang='lat' dir='ltr'><strong>Dioscori</strong></span> <span class='ocrx_word' id='word_1_194' title='bbox 882 3085 1100 3149; x_wconf 88' lang='lat' dir='ltr'><strong>Gordiaeorum</strong></span> <span class='ocrx_word' id='word_1_195' title='bbox 1127 3083 1280 3167; x_wconf 88' lang='lat' dir='ltr'><strong>Episcopi.</strong></span> <span class='ocrx_word' id='word_1_196' title='bbox 1337 3085 1407 3149; x_wconf 88' lang='lat' dir='ltr'><strong>Non</strong></span> <span class='ocrx_word' id='word_1_197' title='bbox 1434 3085 1489 3148; x_wconf 87' lang='lat' dir='ltr'><strong>fuit</strong></span> <span class='ocrx_word' id='word_1_198' title='bbox 1516 3093 1615 3148; x_wconf 91' lang='lat' dir='ltr'><strong>tamen</strong></span> <span class='ocrx_word' id='word_1_199' title='bbox 1644 3084 1750 3147; x_wconf 89' lang='lat' dir='ltr'><strong>eadem</strong></span> <span class='ocrx_word' id='word_1_200' title='bbox 1776 3086 1924 3165; x_wconf 88' lang='lat' dir='ltr'><strong>Syrorum</strong></span> <span class='ocrx_word' id='word_1_201' title='bbox 1956 3086 1990 3150; x_wconf 94' lang='lat' dir='ltr'><strong>de</strong></span> <span class='ocrx_word' id='word_1_202' title='bbox 2014 3085 2059 3148; x_wconf 87' lang='lat' dir='ltr'><strong>hoc</strong></span> 
     </span>
     <span class='ocr_line' id='line_1_23' title="bbox 715 3182 2058 3269; baseline -0.002 -20"><span class='ocrx_word' id='word_1_203' title='bbox 715 3194 892 3269; x_wconf 79' lang='lat' dir='ltr'><strong>argumento</strong></span> <span class='ocrx_word' id='word_1_204' title='bbox 915 3186 1073 3250; x_wconf 89' lang='lat' dir='ltr'><strong>sententia.</strong></span> <span class='ocrx_word' id='word_1_205' title='bbox 1117 3182 1200 3247; x_wconf 92' lang='lat' dir='ltr'><strong>lllam</strong></span> <span class='ocrx_word' id='word_1_206' title='bbox 1222 3186 1428 3266; x_wconf 89' lang='lat' dir='ltr'><strong>quaestionem</strong></span> <span class='ocrx_word' id='word_1_207' title='bbox 1450 3184 1568 3247; x_wconf 90' lang='lat' dir='ltr'><strong>duobus</strong></span> <span class='ocrx_word' id='word_1_208' title='bbox 1590 3185 1621 3247; x_wconf 93' lang='lat' dir='ltr'><strong>in</strong></span> <span class='ocrx_word' id='word_1_209' title='bbox 1644 3184 1787 3265; x_wconf 86' lang='lat' dir='ltr'><strong>operibus</strong></span> <span class='ocrx_word' id='word_1_210' title='bbox 1810 3185 2058 3265; x_wconf 85' lang='lat' dir='ltr'><strong>tractaritlliory·</strong></span> 
     </span>
     <span class='ocr_line' id='line_1_24' title="bbox 716 3281 2059 3368; baseline -0.004 -19"><span class='ocrx_word' id='word_1_211' title='bbox 716 3287 778 3349; x_wconf 92' lang='lat' dir='ltr'><strong>sius</strong></span> <span class='ocrx_word' id='word_1_212' title='bbox 800 3285 957 3365; x_wconf 87' lang='lat' dir='ltr'><strong>Earsalibi,</strong></span> <span class='ocrx_word' id='word_1_213' title='bbox 980 3286 1010 3348; x_wconf 93' lang='lat' dir='ltr'><strong>in</strong></span> <span class='ocrx_word' id='word_1_214' title='bbox 1033 3284 1255 3348; x_wconf 90' lang='lat' dir='ltr'><strong>Commentario</strong></span> <span class='ocrx_word' id='word_1_215' title='bbox 1285 3284 1403 3347; x_wconf 87' lang='lat' dir='ltr'><strong>scilicet</strong></span> <span class='ocrx_word' id='word_1_216' title='bbox 1425 3284 1464 3349; x_wconf 93' lang='lat' dir='ltr'><strong>ad</strong></span> <span class='ocrx_word' id='word_1_217' title='bbox 1485 3283 1669 3367; x_wconf 82' lang='lat' dir='ltr'><strong>Evangelia,</strong></span> <span class='ocrx_word' id='word_1_218' title='bbox 1698 3292 1729 3346; x_wconf 90' lang='lat' dir='ltr'><strong>et</strong></span> <span class='ocrx_word' id='word_1_219' title='bbox 1758 3284 1789 3344; x_wconf 94' lang='lat' dir='ltr'><strong>in</strong></span> <span class='ocrx_word' id='word_1_220' title='bbox 1811 3302 1910 3365; x_wconf 91' lang='lat' dir='ltr'><strong>opere</strong></span> <span class='ocrx_word' id='word_1_221' title='bbox 1938 3281 2059 3368; x_wconf 78' lang='lat' dir='ltr'><strong>singulari</strong></span> 
     </span>
     <span class='ocr_line' id='line_1_25' title="bbox 715 3382 2059 3464; baseline -0.005 -15"><span class='ocrx_word' id='word_1_222' title='bbox 715 3387 754 3449; x_wconf 89' lang='lat' dir='ltr'><strong>de</strong></span> <span class='ocrx_word' id='word_1_223' title='bbox 782 3386 935 3449; x_wconf 77' lang='lat' dir='ltr'><strong>Posobctc</strong></span> <span class='ocrx_word' id='word_1_224' title='bbox 961 3393 992 3447; x_wconf 85' lang='lat' dir='ltr'><strong>et</strong></span> <span class='ocrx_word' id='word_1_225' title='bbox 1016 3386 1201 3446; x_wconf 84' lang='lat' dir='ltr'><strong>institutione</strong></span> <span class='ocrx_word' id='word_1_226' title='bbox 1229 3383 1449 3447; x_wconf 76' lang='lat' dir='ltr'><strong>Eucharistiae.</strong></span> <span class='ocrx_word' id='word_1_227' title='bbox 1497 3382 1531 3446; x_wconf 94' lang='lat' dir='ltr'><strong>ln</strong></span> <span class='ocrx_word' id='word_1_228' title='bbox 1560 3402 1626 3447; x_wconf 93' lang='lat' dir='ltr'><strong>eam</strong></span> <span class='ocrx_word' id='word_1_229' title='bbox 1655 3384 1722 3464; x_wconf 88' lang='lat' dir='ltr'><strong>ipse</strong></span> <span class='ocrx_word' id='word_1_230' title='bbox 1750 3385 1933 3447; x_wconf 89' lang='lat' dir='ltr'><strong>sententiam</strong></span> <span class='ocrx_word' id='word_1_231' title='bbox 1959 3383 2059 3446; x_wconf 85' lang='lat' dir='ltr'><strong>inchnu</strong></span> 
     </span>
     <span class='ocr_line' id='line_1_26' title="bbox 716 3481 2059 3568; baseline -0.002 -19"><span class='ocrx_word' id='word_1_232' title='bbox 716 3504 793 3568; x_wconf 87' lang='lat' dir='ltr'><strong>quae</strong></span> <span class='ocrx_word' id='word_1_233' title='bbox 815 3486 864 3548; x_wconf 91' lang='lat' dir='ltr'><strong>hic</strong></span> <span class='ocrx_word' id='word_1_234' title='bbox 886 3485 1073 3566; x_wconf 87' lang='lat' dir='ltr'><strong>exprimitur,</strong></span> <span class='ocrx_word' id='word_1_235' title='bbox 1095 3483 1213 3546; x_wconf 89' lang='lat' dir='ltr'><strong>scilicet</strong></span> <span class='ocrx_word' id='word_1_236' title='bbox 1235 3481 1384 3546; x_wconf 79' lang='lat' dir='ltr'><strong>Christum</strong></span> <span class='ocrx_word' id='word_1_237' title='bbox 1410 3483 1530 3565; x_wconf 74' lang='lat' dir='ltr'><strong>lignum</strong></span> <span class='ocrx_word' id='word_1_238' title='bbox 1558 3482 1731 3545; x_wconf 87' lang='lat' dir='ltr'><strong>Paschalem</strong></span> <span class='ocrx_word' id='word_1_239' title='bbox 1760 3485 1928 3548; x_wconf 90' lang='lat' dir='ltr'><strong>secundum</strong></span> <span class='ocrx_word' id='word_1_240' title='bbox 1956 3485 2059 3568; x_wconf 81' lang='lat' dir='ltr'><strong>Legem,</strong></span> 
     </span>
     <span class='ocr_line' id='line_1_27' title="bbox 715 3580 2058 3667; baseline -0.004 -19"><span class='ocrx_word' id='word_1_241' title='bbox 715 3604 783 3648; x_wconf 92' lang='lat' dir='ltr'><strong>cum</strong></span> <span class='ocrx_word' id='word_1_242' title='bbox 805 3585 959 3667; x_wconf 91' lang='lat' dir='ltr'><strong>discipulis</strong></span> <span class='ocrx_word' id='word_1_243' title='bbox 983 3583 1167 3647; x_wconf 85' lang='lat' dir='ltr'><strong>comedisse:</strong></span> <span class='ocrx_word' id='word_1_244' title='bbox 1190 3591 1297 3665; x_wconf 90' lang='lat' dir='ltr'><strong>postea</strong></span> <span class='ocrx_word' id='word_1_245' title='bbox 1320 3583 1544 3648; x_wconf 88' lang='lat' dir='ltr'><strong>Sacramentum</strong></span> <span class='ocrx_word' id='word_1_246' title='bbox 1558 3580 1765 3645; x_wconf 89' lang='lat' dir='ltr'><strong>Eucharistiae</strong></span> <span class='ocrx_word' id='word_1_247' title='bbox 1786 3584 1967 3648; x_wconf 90' lang='lat' dir='ltr'><strong>instituisse:</strong></span> <span class='ocrx_word' id='word_1_248' title='bbox 1987 3594 2058 3665; x_wconf 85' lang='lat' dir='ltr'><strong>atque</strong></span> 
     </span>
     <span class='ocr_line' id='line_1_28' title="bbox 713 3680 2058 3769; baseline -0.001 -21"><span class='ocrx_word' id='word_1_249' title='bbox 713 3686 764 3748; x_wconf 92' lang='lat' dir='ltr'><strong>illa</strong></span> <span class='ocrx_word' id='word_1_250' title='bbox 779 3685 937 3769; x_wconf 82' lang='lat' dir='ltr'><strong>Evangelii</strong></span> <span class='ocrx_word' id='word_1_251' title='bbox 957 3682 1062 3762; x_wconf 83' lang='lat' dir='ltr'><strong>verba,</strong></span> <span class='ocrx_word' id='word_1_252' title='bbox 1080 3690 1241 3764; x_wconf 83' lang='lat' dir='ltr'><strong>postpuom</strong></span> <span class='ocrx_word' id='word_1_253' title='bbox 1257 3689 1467 3759; x_wconf 79' lang='lat' dir='ltr'><strong>coenaverunt,</strong></span> <span class='ocrx_word' id='word_1_254' title='bbox 1490 3682 1528 3744; x_wconf 91' lang='lat' dir='ltr'><strong>de</strong></span> <span class='ocrx_word' id='word_1_255' title='bbox 1547 3699 1642 3745; x_wconf 93' lang='lat' dir='ltr'><strong>coena</strong></span> <span class='ocrx_word' id='word_1_256' title='bbox 1653 3680 1758 3765; x_wconf 82' lang='lat' dir='ltr'><strong>Legali</strong></span> <span class='ocrx_word' id='word_1_257' title='bbox 1780 3684 1976 3767; x_wconf 86' lang='lat' dir='ltr'><strong>intelligenda</strong></span> <span class='ocrx_word' id='word_1_258' title='bbox 1995 3703 2058 3761; x_wconf 86' lang='lat' dir='ltr'><strong>esse,</strong></span> 
     </span>
     <span class='ocr_line' id='line_1_29' title="bbox 714 3780 2058 3866; baseline -0.003 -20"><span class='ocrx_word' id='word_1_259' title='bbox 714 3802 775 3847; x_wconf 92' lang='lat' dir='ltr'><strong>non</strong></span> <span class='ocrx_word' id='word_1_260' title='bbox 797 3786 836 3849; x_wconf 98' lang='lat' dir='ltr'><strong>de</strong></span> <span class='ocrx_word' id='word_1_261' title='bbox 858 3786 983 3866; x_wconf 91' lang='lat' dir='ltr'><strong>mystica</strong></span> <span class='ocrx_word' id='word_1_262' title='bbox 1006 3792 1037 3846; x_wconf 88' lang='lat' dir='ltr'><strong>et</strong></span> <span class='ocrx_word' id='word_1_263' title='bbox 1064 3782 1290 3846; x_wconf 90' lang='lat' dir='ltr'><strong>sacramentali:</strong></span> <span class='ocrx_word' id='word_1_264' title='bbox 1320 3780 1452 3845; x_wconf 84' lang='lat' dir='ltr'><strong>ludaeos</strong></span> <span class='ocrx_word' id='word_1_265' title='bbox 1482 3794 1543 3845; x_wconf 92' lang='lat' dir='ltr'><strong>non</strong></span> <span class='ocrx_word' id='word_1_266' title='bbox 1573 3781 1757 3845; x_wconf 87' lang='lat' dir='ltr'><strong>observasse</strong></span> <span class='ocrx_word' id='word_1_267' title='bbox 1779 3782 1902 3866; x_wconf 85' lang='lat' dir='ltr'><strong>legem,</strong></span> <span class='ocrx_word' id='word_1_268' title='bbox 1931 3784 1983 3847; x_wconf 91' lang='lat' dir='ltr'><strong>sed</strong></span> <span class='ocrx_word' id='word_1_269' title='bbox 2007 3800 2058 3846; x_wconf 89' lang='lat' dir='ltr'><strong>ean</strong></span> 
     </span>
     <span class='ocr_line' id='line_1_30' title="bbox 716 3880 2059 3966; baseline -0.004 -18"><span class='ocrx_word' id='word_1_270' title='bbox 716 3885 809 3948; x_wconf 89' lang='lat' dir='ltr'><strong>luisse</strong></span> <span class='ocrx_word' id='word_1_271' title='bbox 831 3892 1055 3966; x_wconf 81' lang='lat' dir='ltr'><strong>transgressos,</strong></span> <span class='ocrx_word' id='word_1_272' title='bbox 1079 3883 1148 3945; x_wconf 92' lang='lat' dir='ltr'><strong>dum</strong></span> <span class='ocrx_word' id='word_1_273' title='bbox 1170 3884 1201 3944; x_wconf 94' lang='lat' dir='ltr'><strong>in</strong></span> <span class='ocrx_word' id='word_1_274' title='bbox 1229 3882 1355 3944; x_wconf 89' lang='lat' dir='ltr'><strong>alterum</strong></span> <span class='ocrx_word' id='word_1_275' title='bbox 1384 3881 1461 3943; x_wconf 88' lang='lat' dir='ltr'><strong>diem</strong></span> <span class='ocrx_word' id='word_1_276' title='bbox 1498 3880 1650 3944; x_wconf 90' lang='lat' dir='ltr'><strong>Paschatis</strong></span> <span class='ocrx_word' id='word_1_277' title='bbox 1681 3880 1920 3947; x_wconf 87' lang='lat' dir='ltr'><strong>celebmtionem</strong></span> <span class='ocrx_word' id='word_1_278' title='bbox 1950 3882 2059 3945; x_wconf 89' lang='lat' dir='ltr'><strong>distule-</strong></span> 
     </span>
     <span class='ocr_line' id='line_1_31' title="bbox 714 3981 2059 4065; baseline -0.004 -18"><span class='ocrx_word' id='word_1_279' title='bbox 714 3993 803 4065; x_wconf 89' lang='lat' dir='ltr'><strong>runt,</strong></span> <span class='ocrx_word' id='word_1_280' title='bbox 825 3990 858 4047; x_wconf 88' lang='lat' dir='ltr'><strong>ut</strong></span> <span class='ocrx_word' id='word_1_281' title='bbox 891 3982 1039 4046; x_wconf 88' lang='lat' dir='ltr'><strong>Christum</strong></span> <span class='ocrx_word' id='word_1_282' title='bbox 1069 3982 1251 4045; x_wconf 89' lang='lat' dir='ltr'><strong>occiderent.</strong></span> <span class='ocrx_word' id='word_1_283' title='bbox 1303 3981 1386 4044; x_wconf 91' lang='lat' dir='ltr'><strong>lllam</strong></span> <span class='ocrx_word' id='word_1_284' title='bbox 1415 3981 1604 4062; x_wconf 88' lang='lat' dir='ltr'><strong>opinionem,</strong></span> <span class='ocrx_word' id='word_1_285' title='bbox 1634 3983 1675 4042; x_wconf 89' lang='lat' dir='ltr'><strong>ait</strong></span> <span class='ocrx_word' id='word_1_286' title='bbox 1702 3981 1875 4044; x_wconf 87' lang='lat' dir='ltr'><strong>continuari</strong></span> <span class='ocrx_word' id='word_1_287' title='bbox 1904 3981 2059 4045; x_wconf 82' lang='lat' dir='ltr'><strong>testimonis</strong></span> 
     </span>
     <span class='ocr_line' id='line_1_32' title="bbox 714 4080 2059 4164; baseline -0.005 -16"><span class='ocrx_word' id='word_1_288' title='bbox 714 4084 849 4164; x_wconf 91' lang='lat' dir='ltr'><strong>Eusebii,</strong></span> <span class='ocrx_word' id='word_1_289' title='bbox 869 4084 993 4147; x_wconf 85' lang='lat' dir='ltr'><strong>loannis</strong></span> <span class='ocrx_word' id='word_1_290' title='bbox 1016 4082 1236 4162; x_wconf 76' lang='lat' dir='ltr'><strong>chrysostomi,</strong></span> <span class='ocrx_word' id='word_1_291' title='bbox 1258 4081 1351 4144; x_wconf 86' lang='lat' dir='ltr'><strong>blesis</strong></span> <span class='ocrx_word' id='word_1_292' title='bbox 1373 4080 1541 4161; x_wconf 89' lang='lat' dir='ltr'><strong>Barcepha,</strong></span> <span class='ocrx_word' id='word_1_293' title='bbox 1571 4088 1601 4142; x_wconf 90' lang='lat' dir='ltr'><strong>et</strong></span> <span class='ocrx_word' id='word_1_294' title='bbox 1622 4080 1747 4143; x_wconf 85' lang='lat' dir='ltr'><strong>loannis</strong></span> <span class='ocrx_word' id='word_1_295' title='bbox 1768 4081 1928 4145; x_wconf 80' lang='lat' dir='ltr'><strong>barensis.</strong></span> <span class='ocrx_word' id='word_1_296' title='bbox 1977 4081 2059 4161; x_wconf 77' lang='lat' dir='ltr'><strong>ltapu</strong></span> 
     </span>
     <span class='ocr_line' id='line_1_33' title="bbox 715 4180 2060 4268; baseline -0.005 -19"><span class='ocrx_word' id='word_1_297' title='bbox 715 4186 849 4268; x_wconf 89' lang='lat' dir='ltr'><strong>ejusdem</strong></span> <span class='ocrx_word' id='word_1_298' title='bbox 873 4184 975 4266; x_wconf 90' lang='lat' dir='ltr'><strong>operis</strong></span> <span class='ocrx_word' id='word_1_299' title='bbox 998 4201 1065 4264; x_wconf 91' lang='lat' dir='ltr'><strong>cap.</strong></span> <span class='ocrx_word' id='word_1_300' title='bbox 1087 4180 1170 4247; x_wconf 83' lang='lat' dir='ltr'><strong>xlv.</strong></span> <span class='ocrx_word' id='word_1_301' title='bbox 1192 4180 1273 4244; x_wconf 92' lang='lat' dir='ltr'><strong>hunc</strong></span> <span class='ocrx_word' id='word_1_302' title='bbox 1294 4180 1429 4244; x_wconf 91' lang='lat' dir='ltr'><strong>ordinem</strong></span> <span class='ocrx_word' id='word_1_303' title='bbox 1452 4199 1469 4243; x_wconf 89' lang='lat' dir='ltr'><strong>a</strong></span> <span class='ocrx_word' id='word_1_304' title='bbox 1492 4180 1612 4243; x_wconf 88' lang='lat' dir='ltr'><strong>Christo</strong></span> <span class='ocrx_word' id='word_1_305' title='bbox 1635 4180 1828 4243; x_wconf 85' lang='lat' dir='ltr'><strong>observatum</strong></span> <span class='ocrx_word' id='word_1_306' title='bbox 1852 4183 1946 4245; x_wconf 88' lang='lat' dir='ltr'><strong>luisse</strong></span> <span class='ocrx_word' id='word_1_307' title='bbox 1966 4180 2060 4245; x_wconf 83' lang='lat' dir='ltr'><strong>consti·</strong></span> 
     </span>
     <span class='ocr_line' id='line_1_34' title="bbox 716 4280 2060 4364; baseline -0.006 -16"><span class='ocrx_word' id='word_1_308' title='bbox 716 4287 771 4348; x_wconf 90' lang='lat' dir='ltr'><strong>tuit</strong></span> <span class='ocrx_word' id='word_1_309' title='bbox 792 4286 823 4347; x_wconf 95' lang='lat' dir='ltr'><strong>in</strong></span> <span class='ocrx_word' id='word_1_310' title='bbox 844 4284 946 4347; x_wconf 91' lang='lat' dir='ltr'><strong>ultima</strong></span> <span class='ocrx_word' id='word_1_311' title='bbox 970 4300 1075 4346; x_wconf 89' lang='lat' dir='ltr'><strong>coena.</strong></span> <span class='ocrx_word' id='word_1_312' title='bbox 1120 4281 1230 4346; x_wconf 91' lang='lat' dir='ltr'><strong>Edisse</strong></span> <span class='ocrx_word' id='word_1_313' title='bbox 1251 4281 1365 4345; x_wconf 88' lang='lat' dir='ltr'><strong>Pascha</strong></span> <span class='ocrx_word' id='word_1_314' title='bbox 1388 4280 1504 4364; x_wconf 72' lang='lat' dir='ltr'><strong>legale:</strong></span> <span class='ocrx_word' id='word_1_315' title='bbox 1534 4287 1643 4362; x_wconf 89' lang='lat' dir='ltr'><strong>postea</strong></span> <span class='ocrx_word' id='word_1_316' title='bbox 1665 4282 1845 4343; x_wconf 84' lang='lat' dir='ltr'><strong>coenavisse</strong></span> <span class='ocrx_word' id='word_1_317' title='bbox 1868 4289 2005 4344; x_wconf 85' lang='lat' dir='ltr'><strong>stantem:</strong></span> <span class='ocrx_word' id='word_1_318' title='bbox 2023 4280 2060 4340; x_wconf 89' lang='lat' dir='ltr'><strong>la-</strong></span> 
     </span>
     <span class='ocr_line' id='line_1_35' title="bbox 716 4379 2059 4466; baseline -0.005 -19"><span class='ocrx_word' id='word_1_319' title='bbox 716 4387 798 4449; x_wconf 92' lang='lat' dir='ltr'><strong>visse</strong></span> <span class='ocrx_word' id='word_1_320' title='bbox 819 4383 914 4466; x_wconf 92' lang='lat' dir='ltr'><strong>pedes</strong></span> <span class='ocrx_word' id='word_1_321' title='bbox 937 4381 1168 4463; x_wconf 75' lang='lat' dir='ltr'><strong>discipulorum,</strong></span> <span class='ocrx_word' id='word_1_322' title='bbox 1191 4382 1380 4455; x_wconf 87' lang='lat' dir='ltr'><strong>recubuisse,</strong></span> <span class='ocrx_word' id='word_1_323' title='bbox 1403 4379 1543 4442; x_wconf 90' lang='lat' dir='ltr'><strong>docuisse</strong></span> <span class='ocrx_word' id='word_1_324' title='bbox 1560 4396 1614 4442; x_wconf 92' lang='lat' dir='ltr'><strong>eos</strong></span> <span class='ocrx_word' id='word_1_325' title='bbox 1628 4382 1802 4461; x_wconf 90' lang='lat' dir='ltr'><strong>mysterium</strong></span> <span class='ocrx_word' id='word_1_326' title='bbox 1820 4380 1979 4444; x_wconf 90' lang='lat' dir='ltr'><strong>ablutionis</strong></span> <span class='ocrx_word' id='word_1_327' title='bbox 1988 4379 2059 4456; x_wconf 83' lang='lat' dir='ltr'><strong>illins,</strong></span> 
     </span>
     <span class='ocr_line' id='line_1_36' title="bbox 716 4479 2058 4563; baseline -0.007 -16"><span class='ocrx_word' id='word_1_328' title='bbox 716 4502 787 4547; x_wconf 87' lang='lat' dir='ltr'><strong>mox</strong></span> <span class='ocrx_word' id='word_1_329' title='bbox 808 4485 974 4547; x_wconf 90' lang='lat' dir='ltr'><strong>instituisse</strong></span> <span class='ocrx_word' id='word_1_330' title='bbox 997 4481 1222 4546; x_wconf 88' lang='lat' dir='ltr'><strong>Sacramentum</strong></span> <span class='ocrx_word' id='word_1_331' title='bbox 1255 4480 1392 4562; x_wconf 92' lang='lat' dir='ltr'><strong>corporis</strong></span> <span class='ocrx_word' id='word_1_332' title='bbox 1422 4488 1452 4542; x_wconf 91' lang='lat' dir='ltr'><strong>et</strong></span> <span class='ocrx_word' id='word_1_333' title='bbox 1480 4480 1634 4563; x_wconf 85' lang='lat' dir='ltr'><strong>sanguinis</strong></span> <span class='ocrx_word' id='word_1_334' title='bbox 1663 4480 1727 4558; x_wconf 87' lang='lat' dir='ltr'><strong>sui,</strong></span> <span class='ocrx_word' id='word_1_335' title='bbox 1762 4479 1885 4543; x_wconf 87' lang='lat' dir='ltr'><strong>tandem</strong></span> <span class='ocrx_word' id='word_1_336' title='bbox 1911 4481 2058 4542; x_wconf 89' lang='lat' dir='ltr'><strong>relatuma</strong></span> 
     </span>
     <span class='ocr_line' id='line_1_37' title="bbox 715 4578 2060 4664; baseline -0.006 -16"><span class='ocrx_word' id='word_1_337' title='bbox 715 4586 832 4648; x_wconf 92' lang='lat' dir='ltr'><strong>Joanne</strong></span> <span class='ocrx_word' id='word_1_338' title='bbox 854 4600 1025 4647; x_wconf 88' lang='lat' dir='ltr'><strong>sermonem</strong></span> <span class='ocrx_word' id='word_1_339' title='bbox 1053 4581 1091 4643; x_wconf 93' lang='lat' dir='ltr'><strong>ad</strong></span> <span class='ocrx_word' id='word_1_340' title='bbox 1120 4580 1188 4644; x_wconf 94' lang='lat' dir='ltr'><strong>illos</strong></span> <span class='ocrx_word' id='word_1_341' title='bbox 1210 4579 1361 4643; x_wconf 89' lang='lat' dir='ltr'><strong>habuisse.</strong></span> <span class='ocrx_word' id='word_1_342' title='bbox 1407 4580 1518 4641; x_wconf 88' lang='lat' dir='ltr'><strong>Verum</strong></span> <span class='ocrx_word' id='word_1_343' title='bbox 1546 4579 1645 4659; x_wconf 90' lang='lat' dir='ltr'><strong>capite</strong></span> <span class='ocrx_word' id='word_1_344' title='bbox 1672 4578 1708 4642; x_wconf 84' lang='lat' dir='ltr'><strong>V.</strong></span> <span class='ocrx_word' id='word_1_345' title='bbox 1739 4587 1840 4641; x_wconf 90' lang='lat' dir='ltr'><strong>monet</strong></span> <span class='ocrx_word' id='word_1_346' title='bbox 1868 4581 1976 4664; x_wconf 77' lang='lat' dir='ltr'><strong>ambigi</strong></span> <span class='ocrx_word' id='word_1_347' title='bbox 1999 4580 2060 4641; x_wconf 73' lang='lat' dir='ltr'><strong>mla</strong></span> 
     </span>
     <span class='ocr_line' id='line_1_38' title="bbox 716 4675 2060 4763; baseline -0.01 -16"><span class='ocrx_word' id='word_1_348' title='bbox 716 4685 833 4760; x_wconf 92' lang='lat' dir='ltr'><strong>doctos,</strong></span> <span class='ocrx_word' id='word_1_349' title='bbox 856 4702 895 4746; x_wconf 91' lang='lat' dir='ltr'><strong>an</strong></span> <span class='ocrx_word' id='word_1_350' title='bbox 916 4680 1053 4744; x_wconf 88' lang='lat' dir='ltr'><strong>Christus</strong></span> <span class='ocrx_word' id='word_1_351' title='bbox 1075 4681 1189 4743; x_wconf 90' lang='lat' dir='ltr'><strong>Pascha</strong></span> <span class='ocrx_word' id='word_1_352' title='bbox 1212 4678 1313 4763; x_wconf 83' lang='lat' dir='ltr'><strong>legale</strong></span> <span class='ocrx_word' id='word_1_353' title='bbox 1335 4678 1500 4742; x_wconf 88' lang='lat' dir='ltr'><strong>comederit</strong></span> <span class='ocrx_word' id='word_1_354' title='bbox 1521 4678 1588 4759; x_wconf 93' lang='lat' dir='ltr'><strong>ipso</strong></span> <span class='ocrx_word' id='word_1_355' title='bbox 1610 4677 1662 4740; x_wconf 93' lang='lat' dir='ltr'><strong>illo</strong></span> <span class='ocrx_word' id='word_1_356' title='bbox 1678 4678 1739 4757; x_wconf 91' lang='lat' dir='ltr'><strong>die,</strong></span> <span class='ocrx_word' id='word_1_357' title='bbox 1762 4695 1892 4743; x_wconf 89' lang='lat' dir='ltr'><strong>anvero</strong></span> <span class='ocrx_word' id='word_1_358' title='bbox 1905 4681 1968 4761; x_wconf 90' lang='lat' dir='ltr'><strong>ipse</strong></span> <span class='ocrx_word' id='word_1_359' title='bbox 1988 4675 2060 4739; x_wconf 85' lang='lat' dir='ltr'><strong>irent</strong></span> 
     </span>
     <span class='ocr_line' id='line_1_39' title="bbox 715 4776 2058 4863; baseline -0.006 -17"><span class='ocrx_word' id='word_1_360' title='bbox 715 4802 819 4847; x_wconf 91' lang='lat' dir='ltr'><strong>verum</strong></span> <span class='ocrx_word' id='word_1_361' title='bbox 849 4784 977 4860; x_wconf 88' lang='lat' dir='ltr'><strong>Pascha,</strong></span> <span class='ocrx_word' id='word_1_362' title='bbox 1005 4782 1106 4863; x_wconf 89' lang='lat' dir='ltr'><strong>typico</strong></span> <span class='ocrx_word' id='word_1_363' title='bbox 1135 4780 1230 4843; x_wconf 90' lang='lat' dir='ltr'><strong>altero</strong></span> <span class='ocrx_word' id='word_1_364' title='bbox 1264 4778 1506 4861; x_wconf 73' lang='lat' dir='ltr'><strong>praefiguratum.</strong></span> <span class='ocrx_word' id='word_1_365' title='bbox 1562 4777 1641 4839; x_wconf 88' lang='lat' dir='ltr'><strong>Dicit</strong></span> <span class='ocrx_word' id='word_1_366' title='bbox 1676 4776 1874 4858; x_wconf 89' lang='lat' dir='ltr'><strong>Hippolytum</strong></span> <span class='ocrx_word' id='word_1_367' title='bbox 1907 4778 2058 4851; x_wconf 80' lang='lat' dir='ltr'><strong>Romanum,</strong></span> 
     </span>
     <span class='ocr_line' id='line_1_40' title="bbox 714 4873 2057 4961; baseline -0.01 -14"><span class='ocrx_word' id='word_1_368' title='bbox 714 4883 957 4961; x_wconf 84' lang='lat' dir='ltr'><strong>blas-Joannem,</strong></span> <span class='ocrx_word' id='word_1_369' title='bbox 978 4880 1164 4959; x_wconf 83' lang='lat' dir='ltr'><strong>Mar-lsaac,</strong></span> <span class='ocrx_word' id='word_1_370' title='bbox 1187 4886 1218 4941; x_wconf 94' lang='lat' dir='ltr'><strong>et</strong></span> <span class='ocrx_word' id='word_1_371' title='bbox 1240 4878 1385 4959; x_wconf 89' lang='lat' dir='ltr'><strong>quosdam</strong></span> <span class='ocrx_word' id='word_1_372' title='bbox 1407 4878 1483 4941; x_wconf 93' lang='lat' dir='ltr'><strong>alios</strong></span> <span class='ocrx_word' id='word_1_373' title='bbox 1505 4879 1535 4939; x_wconf 93' lang='lat' dir='ltr'><strong>in</strong></span> <span class='ocrx_word' id='word_1_374' title='bbox 1558 4895 1594 4939; x_wconf 90' lang='lat' dir='ltr'><strong>ea</strong></span> <span class='ocrx_word' id='word_1_375' title='bbox 1617 4877 1758 4957; x_wconf 93' lang='lat' dir='ltr'><strong>opinione</strong></span> <span class='ocrx_word' id='word_1_376' title='bbox 1779 4876 1892 4941; x_wconf 83' lang='lat' dir='ltr'><strong>fuisse:</strong></span> <span class='ocrx_word' id='word_1_377' title='bbox 1916 4877 1991 4959; x_wconf 76' lang='lat' dir='ltr'><strong>quod</strong></span> <span class='ocrx_word' id='word_1_378' title='bbox 2006 4873 2057 4934; x_wconf 83' lang='lat' dir='ltr'><strong>llo-</strong></span> 
     </span>
     <span class='ocr_line' id='line_1_41' title="bbox 714 4971 2058 5063; baseline -0.007 -17"><span class='ocrx_word' id='word_1_379' title='bbox 714 4986 812 5045; x_wconf 83' lang='lat' dir='ltr'><strong>naious</strong></span> <span class='ocrx_word' id='word_1_380' title='bbox 833 5003 871 5045; x_wconf 87' lang='lat' dir='ltr'><strong>eo</strong></span> <span class='ocrx_word' id='word_1_381' title='bbox 892 5001 1022 5063; x_wconf 77' lang='lat' dir='ltr'><strong>vespero</strong></span> <span class='ocrx_word' id='word_1_382' title='bbox 1043 4980 1166 5043; x_wconf 85' lang='lat' dir='ltr'><strong>Poscbo</strong></span> <span class='ocrx_word' id='word_1_383' title='bbox 1187 4979 1282 5060; x_wconf 75' lang='lat' dir='ltr'><strong>upote</strong></span> <span class='ocrx_word' id='word_1_384' title='bbox 1308 4979 1570 5054; x_wconf 67' lang='lat' dir='ltr'><strong>obscenissimis,</strong></span> <span class='ocrx_word' id='word_1_385' title='bbox 1599 4977 1654 5039; x_wconf 86' lang='lat' dir='ltr'><strong>sed</strong></span> <span class='ocrx_word' id='word_1_386' title='bbox 1679 4976 1838 5056; x_wconf 78' lang='lat' dir='ltr'><strong>discipulis</strong></span> <span class='ocrx_word' id='word_1_387' title='bbox 1869 4980 1935 5040; x_wconf 69' lang='lat' dir='ltr'><strong>suas</strong></span> <span class='ocrx_word' id='word_1_388' title='bbox 1959 4971 2058 5038; x_wconf 61' lang='lat' dir='ltr'><strong>Poscit</strong></span> 
     </span>
     <span class='ocr_line' id='line_1_42' title="bbox 713 5072 2057 5163; baseline -0.004 -20"><span class='ocrx_word' id='word_1_389' title='bbox 713 5100 818 5145; x_wconf 81' lang='lat' dir='ltr'><strong>oerum</strong></span> <span class='ocrx_word' id='word_1_390' title='bbox 836 5081 940 5161; x_wconf 75' lang='lat' dir='ltr'><strong>faerit.</strong></span> <span class='ocrx_word' id='word_1_391' title='bbox 982 5080 1087 5163; x_wconf 91' lang='lat' dir='ltr'><strong>ltaque</strong></span> <span class='ocrx_word' id='word_1_392' title='bbox 1107 5077 1202 5142; x_wconf 85' lang='lat' dir='ltr'><strong>verba</strong></span> <span class='ocrx_word' id='word_1_393' title='bbox 1223 5078 1310 5159; x_wconf 86' lang='lat' dir='ltr'><strong>haec,</strong></span> <span class='ocrx_word' id='word_1_394' title='bbox 1332 5079 1485 5141; x_wconf 85' lang='lat' dir='ltr'><strong>desiderio</strong></span> <span class='ocrx_word' id='word_1_395' title='bbox 1513 5076 1687 5140; x_wconf 52' lang='lat' dir='ltr'><strong>&amp;sidem</strong></span> <span class='ocrx_word' id='word_1_396' title='bbox 1713 5076 1771 5138; x_wconf 88' lang='lat' dir='ltr'><strong>boc</strong></span> <span class='ocrx_word' id='word_1_397' title='bbox 1795 5076 1924 5140; x_wconf 84' lang='lat' dir='ltr'><strong>Pcscbc</strong></span> <span class='ocrx_word' id='word_1_398' title='bbox 1949 5072 2057 5138; x_wconf 72' lang='lat' dir='ltr'><strong>amda-</strong></span> 
     </span>
    </p>
   </div>
   <div class='ocr_carea' id='block_1_5' title="bbox 0 0 2271 6034">
    <p class='ocr_par' dir='ltr' id='par_1_5' title="bbox 0 0 2271 6034">
     <span class='ocr_line' id='line_1_43' title="bbox 0 0 2271 6034; baseline 0 0"><span class='ocrx_word' id='word_1_399' title='bbox 0 0 2271 6034; x_wconf 95' lang='lat' dir='ltr'><strong> </strong></span> 
     </span>
    </p>
   </div>
  </div>
 </body>
</html>
