4525 6034
691 533 766 606 636
1235 532 1465 610 NOTAE

689 719 818 781 omnium
849 716 967 780 tandem
996 735 1074 798 quae
1102 735 1119 778 a
1146 715 1214 780 Deo
1242 717 1375 801 legitime
1403 720 1466 799 peti
1488 728 1626 801 possunt
1672 718 1704 782 ln
1728 738 1764 784 ea
1785 739 1877 802 porro
1897 722 2025 806 disciplina

688 819 767 880 inter
788 817 997 897 Nestoriancs,
1020 816 1174 881 Jacobitas
1197 825 1227 881 et
1250 816 1445 881 Orthcdoxos
1467 819 1681 901 cujuscumque
1704 819 1836 903 linguae,
1858 821 2025 903 discrepantia

689 917 769 979 nulla
792 925 849 995 est,
872 917 947 980 adeo
970 917 1003 978 tit
1025 918 1076 998 qui
1092 917 1171 980 illam
1189 916 1374 980 sustulerunt
1389 916 1626 996 Reformatores,
1649 919 1801 982 traditioni
1823 939 1878 1002 per
1897 922 2027 984 universas

688 1016 843 1080 Ecclesias
867 1017 936 1079 dum
958 1034 1048 1079 unum
1071 1017 1153 1080 ovile
1176 1024 1269 1095 esset,
1291 1025 1446 1099 receptae,
1469 1025 1500 1081 et
1518 1017 1577 1081 huc
1591 1036 1689 1100 usque
1705 1018 1879 1100 perductae,
1900 1021 2027 1084 mamlaste

690 1116 907 1190 contradicant.

898 1396 933 1465 5.
968 1392 1156 1464 Diaconos.
1212 1391 1459 1462 discordamini
1485 1392 1760 1486 disponsationis,
1788 1398 1853 1465 etc.

785 1586 924 1665 Paornrn
948 1604 995 1660 est
1011 1595 1201 1660 Nestorianis
1223 1597 1300 1659 haec
1320 1597 1446 1660 Diaccni
1468 1595 1646 1675 adhortatio,
1670 1598 1718 1677 pia
1740 1614 1870 1677 prorsus
1891 1606 1921 1660 et
1940 1615 2033 1660 secun·

688 1704 756 1766 dum
779 1702 975 1764 intentionem
998 1700 1167 1777 Ecclesiae,
1190 1719 1297 1782 nempe
1321 1708 1353 1762 ut
1375 1700 1444 1762 dum
1466 1717 1554 1761 sacra
1575 1699 1719 1780 mysteria
1741 1699 1939 1780 celebrantur,
1961 1700 2034 1762 Clui-

688 1803 776 1867 stiani
800 1804 829 1864 in
853 1808 953 1863 mente
975 1799 1105 1862 habeant
1127 1799 1290 1863 salutarem
1314 1799 1423 1863 Christi
1447 1798 1566 1862 Domini
1588 1799 1854 1880 dispensationem,
1877 1799 2036 1880 quaeinsti-

687 1904 802 1965 tutione
824 1899 1046 1977 Eucharistiae,
1076 1906 1107 1960 ct
1130 1899 1274 1962 Passione
1303 1896 1451 1979 compieta
1474 1905 1531 1960 est.
1576 1897 1681 1960 Totam
1704 1898 1783 1960 enim
1804 1897 1885 1959 illam
1906 1888 2036 1983 incapaci

610 2059 614 2074 ,
688 1993 882 2079 οἰκονομίαν,
903 1997 1039 2081 Liturgia
1062 1998 1285 2079 repraesentari
1308 1998 1454 2059 communi
1478 2014 1629 2058 consensu
1652 1996 1762 2059 docent
1786 1996 1932 2080 Theologi
1943 1996 2038 2060 Orien-

689 2102 775 2180 tales,
800 2107 829 2162 ct
842 2099 1052 2166 caeremoniae
1062 2115 1166 2160 omnes
1180 2095 1359 2179 significant.
1388 2095 1472 2157 Unde
1497 2095 1632 2158 nonnulli
1643 2095 1882 2158 lucarnationern
1903 2097 2038 2177 mundam

401 2187 471 2286 Μ
490 2188 520 2238 ‘²⁶
539 2187 604 2240 ⁰¹³⁶·
688 2200 754 2262 heri
777 2201 805 2262 in
829 2198 916 2261 altari
939 2197 1089 2272 dixerunt,
1112 2214 1151 2258 eo
1174 2195 1255 2275 quod
1278 2193 1406 2274 Spiritus
1428 2201 1561 2263 sanetus,
1583 2201 1617 2256 ut
1638 2196 1668 2260 in
1691 2203 1778 2259 utero
1800 2196 1915 2260 hieriam
1927 2195 2039 2279 Virginis

399 2274 473 2341 ’Μ’
498 2274 543 2328 A'·
568 2277 675 2329 ΜΝ
689 2317 802 2381 corpus
825 2298 975 2377 formavit,
998 2299 1028 2360 in
1052 2315 1112 2378 quo
1128 2295 1221 2359 Filius
1232 2295 1289 2357 Dei
1303 2313 1424 2357 carnem
1447 2295 1598 2370 assumsit,
1621 2294 1661 2356 ita
1683 2293 1810 2358 illabens
1833 2315 1927 2377 super
1947 2295 2039 2374 oblata,

402 2361 432 2413 α’
449 2362 520 2428 ΛΝ
537 2361 628 2415 Μ’
689 2398 798 2462 format
827 2400 855 2460 in
886 2397 943 2461 illis
974 2404 1005 2460 et
1027 2416 1067 2459 ex
1089 2395 1164 2473 illia,
1193 2394 1311 2476 Corpus
1335 2393 1446 2457 Christi
1468 2400 1500 2455 et
1522 2393 1714 2474 Sanguinem.
1759 2395 1834 2457 ilinc
1857 2398 1944 2459 etiam
1963 2395 2041 2456 darc

688 2509 719 2562 et
734 2499 846 2562 discmu
869 2497 1011 2580 praesepi
1027 2493 1273 2559 Bethlehemitico
1296 2511 1473 2573 comparare
1494 2491 1604 2568 solent,
1626 2501 1659 2556 ut
1681 2494 1769 2557 etiam
1791 2496 1950 2577 sepulcra:
1970 2511 2042 2556 sacra

689 2600 876 2677 linteamina,
906 2596 965 2659 iilis
996 2595 1105 2678 quibus
1135 2592 1254 2673 Corpus
1284 2592 1395 2655 Christi
1425 2591 1589 2655 involutum
1616 2599 1679 2672 est,
1709 2602 1740 2657 et
1769 2595 1887 2676 reliqua
1915 2593 2042 2658 similiter.

688 2699 854 2761 illationem
885 2697 1033 2759 donorum
1064 2692 1358 2769 consecrandorum,
1388 2690 1533 2754 oblationi
1561 2691 1674 2754 Christi
1694 2694 1724 2754 in
1746 2693 1878 2774 temple:
1908 2692 2044 2756 circuitum

688 2801 753 2861 sive
776 2799 1006 2879 processionem
1036 2813 1115 2876 quae
1146 2793 1178 2856 tit
1205 2812 1271 2856 cum
1299 2791 1435 2856 defertur
1462 2791 1677 2872 Evangelium,
1708 2793 1928 2874 praedicationi
1949 2792 2043 2856 Christi

688 2898 756 2960 dum
779 2898 810 2958 in
833 2898 922 2960 terris
946 2903 1070 2977 ageret,
1098 2902 1129 2956 et
1152 2892 1369 2974 Apostolorum
1392 2891 1443 2972 qui
1466 2910 1506 2953 ex
1528 2893 1595 2972 ejus
1616 2900 1781 2972 praecepto
1803 2890 1878 2954 iilud
1901 2892 2045 2973 praedicn-

334 2455 338 2494 l

687 3004 796 3060 verunt
818 2997 938 3078 ubique.
984 2994 1090 3058 Omnia
1118 3011 1196 3075 quae
1223 2993 1261 3054 ad
1290 2992 1550 3053 consecrationem
1577 3000 1731 3072 spectant,
1760 2990 1916 3069 referunt,
1944 3000 1973 3056 et
1997 2992 2043 3054 snb

686 3096 781 3159 oculis
810 3104 925 3178 ponunt
954 3113 1031 3177 quae
1062 3095 1128 3174 ipse
1158 3093 1189 3155 in
1218 3092 1320 3154 ultima
1349 3108 1445 3155 coena
1475 3089 1556 3153 iecit
1601 3091 1721 3154 Fraetio
1748 3091 1886 3170 bomine,
1916 3091 2046 3173 Corporis

686 3195 796 3259 Christi
820 3195 1032 3270 lacerationem
1054 3195 1085 3255 in
1108 3191 1215 3255 Crucis
1245 3190 1407 3272 supplicio:
1438 3193 1509 3253 unio
1537 3193 1707 3272 specierum
1736 3191 1874 3270 duarum,
1906 3191 2045 3276 sanguinis

685 3295 880 3359 allusionem:
908 3294 1056 3371 elevatio,
1087 3292 1235 3354 sublatum
1259 3293 1288 3353 in
1311 3309 1431 3353 crucem
1456 3289 1568 3353 Christi
1592 3291 1729 3372 Corpus,
1760 3292 1881 3373 atejus
1905 3290 2046 3355 incoctus

687 3395 913 3459 ascensionem:
937 3395 1034 3457 omnia
1056 3392 1176 3455 tandem
1199 3391 1273 3472 ipsis
1293 3392 1490 3453 caeremoniis
1513 3400 1789 3472 repraesentantur,
1811 3399 1843 3453 ut
1867 3392 1936 3455 illas
1958 3388 2047 3469 expli-

684 3504 754 3558 cant
781 3496 899 3558 Rituum
929 3493 1128 3574 Expositores
1159 3500 1189 3554 et
1218 3491 1376 3572 Theologi.
1423 3491 1565 3570 Sequitur
1593 3491 1713 3554 tandem
1741 3494 1772 3553 iu
1800 3491 1910 3554 eadem
1935 3486 2048 3552 Diaccni

685 3595 896 3658 exhortatione
929 3592 1091 3655 insinuatio
1121 3591 1282 3675 agnitionis
1308 3590 1459 3670 mysterii,
1489 3608 1550 3670 quo
1572 3590 1648 3653 salvi
1671 3589 1740 3654 iacti
1767 3609 1871 3654 sumus
1902 3575 2046 3673 perillam

684 3693 846 3757 salutarem
870 3687 1055 3771 ciacconius
1077 3711 1186 3774 nempe
1208 3689 1289 3773 quod
1318 3689 1456 3752 Christus
1486 3689 1622 3769 abstulit,
1653 3699 1703 3754 aut
1731 3693 1809 3754 sicut
1836 3693 1920 3754 verti
1947 3695 2046 3772 petest,

684 3794 753 3857 tulit
774 3794 939 3875 languores
963 3799 1103 3868 nostros,
1131 3799 1165 3853 ut
1188 3792 1217 3852 in
1240 3789 1362 3873 vulgata
1392 3789 1533 3851 versione
1562 3788 1690 3873 legitur,
1720 3798 1750 3852 et
1777 3790 1915 3870 expiarit
1934 3794 2047 3871 pecc-sta

685 3901 790 3955 nostra
812 3910 870 3973 per
892 3892 1098 3971 aspersionem
1121 3891 1277 3973 sanguinis
1307 3889 1354 3950 sui
1383 3888 1413 3949 in
1442 3888 1583 3950 cordibus
1606 3892 1735 3953 nostris:
1765 3897 1798 3951 ut
1827 3891 1869 3952 ita
1900 3887 2047 3951 Christiani

685 4000 852 4076 agnoscant
866 3990 998 4053 divinum
1013 3989 1161 4054 humanae
1178 3989 1392 4070 redemptionis
1414 4003 1491 4069 opus
1515 3996 1608 4051 totum
1631 3989 1835 4053 celebratione
1848 3987 2046 4052 Eucharistiae

685 4091 928 4173 repraesentari:
952 4097 1083 4172 tuncque
1106 4090 1416 4154 commemorationem
1439 4106 1527 4169 quam
1551 4088 1688 4151 Christus
1709 4087 1866 4171 Apostolis
1891 4088 2046 4169 praecepit,

687 4192 745 4253 rite
768 4190 886 4275 peragi,
911 4188 1030 4271 quando
1054 4189 1130 4252 haec
1153 4190 1251 4253 omnia
1274 4207 1341 4251 cum
1364 4188 1422 4251 ilde
1445 4188 1475 4249 iu
1497 4188 1670 4251 memoriam
1692 4195 1885 4252 revocantur.

926 4538 960 4610 6.
998 4536 1151 4631 Spiritus
1176 4543 1325 4625 senecen,
1353 4540 1410 4632 qui
1436 4561 1460 4607 ο
1486 4544 1520 4608 tc
1541 4538 1712 4630 procedit,
1740 4545 1804 4609 etc.

783 4729 928 4807 Fausran
962 4748 1112 4804 vexantur
1141 4739 1310 4803 Orientales
1344 4760 1361 4802 a
1394 4741 1549 4824 plerisque
1577 4743 1690 4805 nostris
1720 4742 1902 4825 Theolcgis,
1939 4737 1990 4822 qui
2012 4734 2047 4798 dc

685 4845 879 4913 Orientalium
903 4845 1091 4926 dogmatibus
1113 4845 1279 4925 scripsere,
1302 4846 1388 4925 quasi
1402 4844 1585 4908 Graecorum
1608 4846 1812 4908 recentiorum
1833 4844 1978 4926 opinione
1995 4837 2048 4906 int-

684 4945 789 5024 pliciti,
812 4944 851 5007 de
873 4946 1074 5026 processione
1098 4943 1226 5026 Spiritus
1250 4945 1345 5006 sancti
1368 4962 1428 5007 nou
1450 4954 1535 5008 recte
1557 4946 1714 5011 sentirent.
1759 4945 1820 5008 Sed
1843 4963 1902 5007 nee
1922 4942 1977 5022 itti,
1995 4954 2047 5003 nat

682 5042 854 5120 Jaccbitae,
886 5044 924 5107 de
953 5043 1003 5107 illa
1033 5042 1242 5108 controversia
1271 5044 1431 5127 quidquam
1459 5045 1632 5126 audierunt,
1663 5044 1831 5138 simplicem
1858 5051 1891 5109 et
1915 5037 2046 5127 symbola
