4525 6034
1155 480 1472 603 rnruvrr‘ro.

458 774 473 795 ,
624 716 694 795 Vix
721 722 815 797 enim
845 722 1046 797 existimare
1075 721 1263 823 quisquam
1292 720 1467 820 potuisset
1492 717 1673 796 hominem
1706 721 1766 823 qui
1794 717 1842 796 de
1863 717 1999 799 Orien-

623 851 743 930 talium
784 853 856 931 lide
899 863 1151 933 asseveranter
1188 850 1403 951 ailirmabat,
1445 855 1645 954 ignoratam
1686 852 1753 931 illis
1782 851 1854 930 lruc
1881 878 1998 957 usque

622 985 734 1064 luisse
764 956 870 1065 realis
893 991 1136 1089 praesentiae,
1166 986 1276 1063 multo
1300 988 1416 1089 magis
1438 983 1833 1064 Trausubstantiationis
1858 986 1997 1065 doctri·

620 1144 724 1196 nam:
777 1119 1023 1199 Eucharistiae
1056 1120 1319 1220 adorationem,
1361 1122 1552 1222 omniaque
1581 1118 1664 1197 iidei
1695 1144 1801 1223 quam
1833 1131 1998 1201 tenemus

621 1266 881 1332 consentanea:
917 1258 978 1358 qui
1013 1252 1248 1333 miserebatur
1281 1252 1568 1331 adversariorum
1598 1256 1843 1356 ignorantiae,
1878 1266 1998 1332 teme-
2106 1333 2110 1338 ,

621 1390 831 1491 ritatemque
859 1412 987 1466 eorum
1017 1399 1054 1466 et
1085 1387 1214 1464 malam
1245 1385 1353 1464 fidem
1378 1386 1550 1489 ,modeste
1585 1386 1816 1490 deplorabat,
1846 1411 1894 1464 ne
1919 1392 1998 1491 pri-

619 1545 713 1598 mam
738 1520 883 1624 quidem
904 1522 1041 1599 illarum
1060 1519 1328 1622 Ecclesiarum,
1356 1520 1403 1598 de
1426 1521 1556 1625 quibus
1579 1521 1812 1626 loquebatur,
1838 1524 1995 1600 notitiam

619 1652 797 1733 habuisse.
865 1654 915 1733 At
944 1654 980 1732 id
1015 1666 1114 1734 certo
1151 1658 1302 1759 agnosci
1342 1666 1504 1758 poterat,
1550 1679 1597 1732 ex
1635 1656 1713 1735 sola
1749 1680 1855 1759 quam
1890 1654 1996 1733 dabat

619 1799 797 1866 sectarum
834 1791 1123 1889 enumeratione,
1167 1791 1302 1893 inqua
1329 1789 1451 1891 plures
1484 1814 1531 1866 ex
1561 1806 1635 1866 una¹
1665 1788 1835 1890 faciebat,
1872 1791 1994 1866 nomi·

618 1919 723 1999 nabat
753 1921 859 2023 alias,
892 1946 985 2026 quae
1017 1921 1153 2000 dudum
1174 1925 1377 2025 perierunt,
1407 1925 1617 2025 imperitiam
1641 1922 1797 2027 denique
1819 1947 1995 2000 summam

618 2039 720 2134 suam
752 2055 820 2133 illis
848 2058 883 2132 in
918 2055 1027 2134 rebus
1061 2059 1253 2159 perspicue
1288 2055 1563 2135 demonstrabat
1811 2160 1814 2167 1

311 2211 403 2263 uuas
420 2219 505 2264 amer
526 2210 605 2264 erer-
740 2187 877 2266 Verum
912 2214 956 2266 ea
982 2201 1068 2266 tame
1096 2188 1162 2267 fuit
1196 2188 1419 2293 Theologiae
1445 2194 1558 2290 ratio,
1592 2201 1631 2268 ut
1662 2192 1766 2292 pauci
1800 2188 1993 2268 admodum

294 2299 331 2349 ¹¹¹·
618 2323 770 2401 hominis
805 2325 1021 2424 proterviam
1048 2347 1272 2426 agnoscere,
1320 2323 1430 2401 multo
1464 2327 1581 2403 miuus
1616 2323 1801 2403 confutare
1834 2333 1993 2427 possent

617 2457 720 2549 Quae
751 2456 947 2533 vernacule
975 2458 1105 2558 scripta
1136 2467 1241 2558 sunt,
1276 2457 1446 2559 leguntur
1472 2456 1516 2535 ab
1544 2457 1732 2559 omnibus,
1765 2468 1801 2535 et
1831 2459 1993 2562 quamvis

612 2590 775 2694 judicare
809 2589 855 2667 de
882 2589 949 2668 illis
980 2589 1152 2692 operibus
1181 2589 1225 2667 ad
1260 2591 1473 2693 religionem
1503 2590 1744 2694 spectantibus
1767 2615 1840 2670 non
1866 2615 1993 2669 omnes

616 2723 721 2801 facile
761 2734 913 2826 queant,
963 2726 1025 2800 vix
1070 2735 1189 2801 tamen
1231 2724 1325 2802 ullus
1368 2728 1452 2828 quin
1497 2724 1544 2803 de
1594 2725 1661 2804 illis
1693 2737 1792 2803 reete
1829 2725 1993 2829 judicare

615 2860 749 2960 possit,
783 2855 926 2934 dubitat.
987 2856 1077 2934 lnde
1113 2856 1267 2958 iactum,
1302 2869 1342 2936 ut
1381 2882 1507 2936 omnes
1536 2883 1651 2965 prope
1679 2862 1739 2962 qui
1772 2862 1808 2936 in
1832 2856 1993 2936 Calvini·

616 2994 704 3068 stica
735 3001 835 3069 secta
856 2988 1047 3091 vivebant,
1077 2988 1227 3069 Claudio
1256 3016 1330 3069 non
1364 2996 1480 3071 minus
1513 2991 1728 3071 crediderint
1761 2993 1808 3070 de
1830 2989 1992 3094 Ooptitis,

618 3122 737 3226 Syris,
774 3122 1027 3225 Aethiopibus,
1057 3122 1227 3203 Armenis
1254 3124 1441 3219 falsissima
1463 3150 1629 3229 quaeque
1649 3125 1852 3226 affirmanti,
1885 3150 1990 3230 quarn

617 3255 664 3333 de
697 3257 772 3335 aliis
810 3256 996 3358 omnibus,
1039 3281 1112 3360 quo
1153 3262 1189 3335 in
1231 3283 1371 3361 genere
1413 3271 1545 3363 quanto
1590 3263 1742 3365 quisque
1784 3262 1990 3362 imperitior,

616 3401 676 3468 aut
699 3391 891 3468 illiteratior
913 3401 1007 3491 erat,
1039 3400 1135 3468 tanto
1161 3390 1226 3468 fuit
1252 3392 1296 3468 ad
1324 3395 1442 3469 omnia
1471 3392 1700 3495 approbanda
1730 3393 1876 3490 facilior.
1912 3392 1989 3471 lmo

617 3522 714 3627 quod
735 3547 845 3625 saepe
870 3525 1017 3600 nimium
1041 3527 1178 3626 experti
1201 3549 1346 3626 surmus,
1378 3550 1451 3603 non
1483 3525 1633 3604 deluere
1660 3530 1751 3605 inter
1773 3525 1989 3629 Catholicos,

617 3660 676 3760 qui
719 3656 848 3734 frustra
892 3655 1044 3734 laborari
1082 3659 1118 3733 in
1162 3657 1381 3735 concilianda
1416 3658 1646 3738 Orientalium
1692 3659 1852 3738 doctrina
1907 3685 2003 3738 cum·

616 3799 757 3891 nostra,
799 3801 937 3867 temere
969 3793 1230 3870 existimarent:
1276 3791 1434 3897 reliquos
1464 3793 1632 3872 movebat
1659 3818 1733 3873 non
1763 3794 1990 3873 mediocriter

616 3922 810 4001 adversarii
845 3922 1069 4002 confidentia.

734 4054 789 4134 Ea
827 4056 971 4134 demum
1013 4060 1207 4136 occasione
1250 4061 1354 4161 coepi
1391 4069 1473 4135 ante
1504 4059 1635 4139 multos
1676 4085 1790 4139 annos
1821 4060 1989 4164 liturgiis

616 4190 882 4295 cognoscendis
914 4190 1144 4292 incumbere,
1183 4216 1338 4295 cumque
1372 4217 1459 4270 cura
1495 4195 1561 4270 viri
1602 4195 1806 4296 amplissimi
1840 4194 1989 4273 loannis

613 4324 792 4427 Baptistae
837 4321 994 4402 Oolberti
1044 4348 1198 4427 magnus
1242 4323 1417 4405 Codicum
1463 4324 1693 4406 Orientalium
1735 4354 1909 4415 numerus
1953 4334 1989 4407 in

613 4457 869 4536 Bibliothecam
892 4456 1046 4560 Regiam
1075 4457 1214 4536 delatus
1238 4473 1353 4563 esset,
1387 4463 1518 4543 multos
1548 4487 1693 4566 quoque
1724 4466 1801 4566 ipse
1831 4467 1990 4542 insuam

616 4615 662 4669 ex
696 4590 842 4670 Oriente
877 4590 1105 4692 contulisset,
1156 4603 1240 4670 tune
1277 4593 1324 4672 de
1364 4595 1594 4675 Orientalium
1616 4596 1701 4676 -iide
1738 4607 1774 4674 et
1806 4595 1989 4699 disciplina

614 4724 870 4828 cognoscenda
909 4728 1043 4827 sperari
1085 4737 1253 4828 coeptum
1292 4742 1357 4808 est
1434 4729 1564 4835 Neque
1608 4755 1695 4809 sane
1729 4754 1814 4833 spes
1852 4729 1988 4831 seiellit,

616 4883 698 4936 cum
726 4859 1031 4962 exsequentibus
1060 4860 1322 4964 voluminibus,
1354 4888 1447 4967 quae
1478 4864 1522 4942 ad
1554 4864 1646 4943 hanc
1678 4863 1724 4943 de
1746 4862 1988 4966 Perpetuitate

615 4993 699 5073 iidei
737 4999 1018 5074 controversiam
1049 4995 1249 5099 agitandam
1282 5000 1413 5101 scripta
1445 5012 1527 5078 sunt
1559 5025 1579 5076 a
1615 5002 1746 5080 nostris
1776 4997 1988 5101 Theologis,
