4525 6034
696 576 772 651 284
1269 577 1498 655 NOTAE

800 763 985 836 Sacerdos.
1035 767 1178 839 Domine
1204 764 1297 838 Deus
1327 775 1442 841 noster
1475 769 1530 861 qui
1565 787 1603 839 es
1634 765 1800 859 refugium
1831 776 2047 863 peccamrum

696 891 833 954 sanator
872 880 1091 972 moruorum,
1124 881 1372 956 vulneratorum
1405 892 1623 970 restaurator,
1657 883 1835 955 auxiliator
1867 889 2049 971 animarum

696 1020 832 1094 precum
860 1009 1050 1094 susceptor,
1077 1001 1198 1095 quique
1224 1001 1399 1095 petitiones
1424 1002 1584 1095 respicis,
1609 1002 1790 1094 propitiare
1815 1003 1964 1095 peccatis
1977 1020 2049 1070 ser-

695 1136 816 1186 vorum
841 1125 989 1203 tuorum3
1016 1137 1097 1188 sana
1124 1114 1263 1187 vulnera
1289 1114 1401 1212 populi
1427 1120 1491 1206 tui,
1517 1117 1650 1211 suscipe
1679 1113 1812 1210 preces⁴
1833 1121 1946 1189 ovium
1979 1124 2049 1185 tua·

697 1251 789 1318 mm;
815 1239 849 1300 et
873 1234 1005 1326 respice
1039 1231 1295 1328 supplicationes
1328 1235 1444 1324 gregis
1478 1235 1545 1320 tui‚
1579 1241 1614 1303 et
1647 1232 1842 1310 sacrificinm
1874 1231 1940 1305 lroc
1972 1229 2051 1325 quoi

696 1347 880 1443 intemplo
907 1357 1022 1419 sancto
1050 1358 1105 1421 tuo
1134 1346 1326 1437 obtulimus,
1354 1351 1396 1420 sit
1422 1359 1594 1445 acceptum
1620 1351 1786 1441 majestati
1811 1359 1897 1420 tuae.
1950 1346 2001 1418 Sit
2023 1350 2052 1418 in

697 1461 988 1535 sanctificationem
1021 1465 1219 1550 animarum,
1254 1475 1288 1535 et
1319 1486 1495 1560 corporum
1527 1475 1733 1553 nostrorum3
1767 1475 1801 1537 et
1839 1467 1977 1556 sanguis
2005 1462 2053 1534 ille

697 1599 814 1674 purus,
842 1587 876 1649 et
901 1588 1033 1649 sanctus
1061 1601 1126 1673 quo
1152 1577 1241 1651 labia
1266 1590 1380 1652 nostre
1407 1590 1566 1677 penmctu
1593 1591 1687 1670 sunt,
1712 1585 1933 1677 praestantior
1962 1601 2052 1675 qoem

696 1693 782 1765 illius
818 1698 896 1787 agni
935 1697 1090 1786 sanguis,
1134 1698 1189 1790 qui
1222 1700 1513 1768 exterminatorem
1548 1696 1716 1789 Angelum
1742 1721 1761 1769 a
1789 1697 1913 1793 populo
1940 1698 2051 1769 Israe-

695 1808 785 1881 litico
821 1811 942 1894 arcuit,
978 1813 1051 1904 ipse
1084 1820 1217 1898 arceat,
1250 1822 1284 1883 et
1317 1810 1493 1907 prohibeat
1518 1838 1538 1886 a
1568 1803 1666 1886 nolis
1698 1836 1828 1886 omnem
1861 1819 2051 1906 cujuscum-

698 1947 762 2020 que
787 1930 922 2017 generis
949 1928 1147 2022 perniciem,
1181 1937 1215 1998 et
1247 1948 1345 1999 omne
1377 1949 1485 2020 genus
1517 1934 1656 2025 peccati.
1709 1929 1880 2002 Securitas
1915 1942 1975 2002 tua
1998 1952 2052 2000 re-

697 2052 757 2133 gat
782 2063 862 2116 uos:
889 2054 923 2114 et
947 2066 1018 2140 pax
1044 2052 1098 2113 tue
1125 2041 1299 2116 nobiscum
1325 2046 1383 2131 sit,
1410 2055 1445 2117 et
1470 2044 1610 2118 dextera
1637 2057 1691 2117 tua
1717 2043 1841 2118 habitet
1867 2067 2053 2141 supernos,

696 2179 802 2247 nunc,
829 2166 891 2228 etc.

801 2273 960 2367 Populus.
1014 2273 1134 2347 Amen.

803 2389 985 2461 Sacerdos.
1038 2389 1186 2463 Benedic
1212 2413 1274 2464 nos
1301 2413 1427 2464 omnes.

801 2505 987 2578 Diaconos.
1039 2506 1239 2579 Benedicam
1267 2507 1442 2579 Dominum
1468 2508 1501 2577 in
1527 2509 1800 2603 omnitempore.

1146 2848 1621 2895 ww

938 3237 1001 3326 lu
1053 3236 1432 3330 illuuulln
1476 3237 1510 3330 s.
1564 3238 1839 3331 diutili

1293 3421 1466 3529 noris.

787 3690 815 3752 l.
861 3677 991 3756 Currum
1019 3692 1154 3769 nomine,
1193 3698 1275 3753 extat
1303 3691 1381 3773 apud
1408 3691 1545 3773 Coptitas
1573 3691 1725 3772 liturgia,
1757 3690 1858 3758 ultima
1885 3711 1928 3754 ex
1955 3692 2043 3754 tribur

700 3812 773 3874 quas
796 3793 876 3856 solas
899 3803 1074 3875 agnoscunt.
1117 3795 1191 3857 Eam
1213 3814 1231 3857 a
1252 3795 1402 3860 nonnullis
1424 3796 1528 3859 llarco
1549 3794 1761 3876 Evangelistae
1786 3794 1906 3858 attnbui
1936 3802 2053 3859 testetur

694 3892 887 3974 enutrirent,
911 3893 1001 3975 idque
1023 3896 1210 3957 verissimum
1233 3910 1302 3957 esse
1324 3894 1469 3976 probatur
1491 3901 1576 3957 certo
1596 3900 1784 3977 argumento,
1805 3894 1888 3974 quod
1909 3895 2052 3980 ignierant

700 3994 747 4054 vir
768 3992 948 4076 Aegyptius,
972 3994 1106 4057 Graecae
1128 3995 1249 4076 linguae
1272 3995 1437 4075 imperitus,
1459 3996 1509 4075 qui
1526 3993 1671 4056 Graecam
1688 3991 1781 4055 Marci
1795 3992 1960 4077 liturgiam
1982 4009 2051 4054 nun-

700 4111 788 4172 quam
818 4095 942 4156 viderat.
998 4096 1039 4157 m
1066 4093 1116 4156 illa
1146 4090 1233 4174 quani
1262 4092 1320 4157 hoc
1349 4093 1434 4156 titulo
1463 4092 1553 4156 edidit
1578 4093 1710 4155 loannes
1740 4111 1757 4154 a
1783 4099 1889 4155 sancto
1917 4091 2051 4154 Andreas

695 4181 825 4273 'insignis
847 4191 1002 4255 Ecclesiae
1024 4194 1200 4256 Parisiensis
1223 4192 1403 4272 canonicus,
1425 4175 1617 4278 primaevum,
1640 4200 1673 4254 ut
1702 4209 1795 4271 supra
1816 4190 2046 4264 observavimus,

695 4290 864 4372 Uyrillinac
887 4293 1042 4375 exemplar
1065 4301 1122 4370 est,
1144 4291 1216 4354 nihil
1237 4300 1335 4356 tamen
1354 4289 1481 4367 Graeca,
1504 4292 1569 4355 sive
1586 4290 1710 4372 Coptica
1733 4309 1809 4371 quae
1832 4290 1870 4353 ab
1894 4291 1944 4353 illa
1965 4289 2052 4371 priori

696 4408 849 4470 expressa
871 4400 928 4471 est,
952 4391 1110 4473 quidquam
1134 4410 1200 4454 cum
1222 4394 1279 4454 ista
1297 4392 1462 4455 Jacobitica
1485 4409 1640 4454 oommrme
1662 4390 1783 4469 habent,
1805 4391 1863 4452 nisi
1886 4389 2050 4475 generalem

700 4496 730 4550 et
758 4490 869 4571 ubique
895 4500 1048 4572 receptam
1077 4493 1157 4554 sacri
1180 4491 1274 4555 Olllcii
1296 4491 1436 4571 formam,
1467 4492 1497 4552 in
1526 4490 1661 4553 omnibus
1689 4489 1890 4552 Orientalibus
1917 4488 2049 4570 liturgiis

701 4590 903 4669 observatam,
928 4609 1005 4672 quae
1034 4610 1154 4672 semper
1184 4598 1215 4654 et
1244 4592 1356 4672 ultique
1383 4591 1489 4653 eadem
1518 4590 1583 4654 init.
1635 4590 1718 4652 Ritus
1746 4588 1890 4652 iacebitis
1918 4589 2049 4671 proprius

701 4697 756 4764 est,
774 4690 860 4771 juxta
884 4692 1006 4772 primam
1029 4699 1060 4753 et
1082 4692 1277 4773 praecipuam
1305 4692 1383 4752 mter
1413 4689 1491 4766 illos,
1514 4707 1591 4771 quaa
1614 4697 1661 4751 est
1682 4688 1788 4752 Jacobi
1809 4688 1910 4751 fratris
1931 4686 2049 4751 Domini.

787 4790 895 4853 versio
918 4791 1048 4853 Arabica
1071 4789 1209 4873 adjuncta
1232 4797 1278 4853 est
1300 4789 1398 4852 multis
1428 4790 1611 4852 orationibus
1639 4789 1671 4850 in
1697 4788 1830 4851 Romana
1852 4787 1996 4864 editione,
2022 4789 2050 4846 et

700 4887 760 4949 illis
783 4906 879 4970 prope
901 4891 986 4968 solis,
1010 4908 1086 4971 quae
1110 4890 1169 4952 alta
1190 4909 1268 4952 voce
1291 4888 1429 4951 dicuntur
1452 4907 1470 4950 a
1492 4887 1666 4952 Sacerdote.
1710 4887 1792 4950 Illius
1814 4888 1962 4951 versionis
1983 4901 2048 4949 usus

703 4986 740 5048 ad
764 4987 867 5051 altaria
890 4989 988 5053 nullus
1011 4998 1069 5067 est,
1092 4989 1172 5071 quod
1194 4988 1338 5065 nonnulli,
1360 5007 1422 5051 non
1444 4989 1517 5051 satis
1539 4989 1705 5068 prudenter
1726 4986 1918 5050 affirmarunt:
1947 4986 2046 5050 sedni

702 5085 833 5150 Officium
856 5089 1011 5154 limisterii
1040 5089 1211 5168 Diaconici‚
1240 5088 1372 5151 Arabico
1399 5089 1514 5169 pariter
1541 5088 1744 5171 interpretati,
1782 5094 1812 5149 et
1836 5086 1945 5152 Romae
1972 5083 2046 5160 editi,
