4525 6034
1158 593 1470 671 Palulltro.

629 797 669 864 ut
697 787 778 863 usui
817 785 935 863 iorcnt
974 788 1010 862 ln
1046 783 1258 889 quotidianis
1296 782 1457 887 Officiis,
1490 790 1624 891 quique
1663 813 1789 869 omncs
1822 790 1937 867 terme
1969 794 2006 870 iu

630 918 813 998 Graeciam
851 918 1139 1022 asportabantur,
1181 921 1316 1021 vixque
1364 922 1496 997 nostris
1538 917 1736 1024 'l'heologis
1760 927 1846 1001 ‚noti
1893 936 2006 1026 erant,

630 1079 713 1131 curu
743 1057 834 1131 inter
867 1078 932 1132 eos
970 1054 1174 1155 paucissimi
1212 1050 1351 1130 Graece
1388 1057 1533 1155 scirent,
1568 1066 1604 1132 et
1635 1054 1781 1158 quidem
1808 1056 2006 1135 mediocri·

630 1200 707 1289 ter,
746 1180 838 1264 adeo
878 1198 918 1264 ut
948 1187 1027 1289 styli
1065 1187 1158 1263 illius
1199 1190 1311 1264 sacris
1351 1186 1476 1265 ritibus
1513 1192 1648 1291 pmprii
1685 1194 1895 1268 senoentiam
1931 1216 2005 1271 non

628 1321 733 1399 iacilc
763 1332 1062 1425 assequerentur:
1096 1319 1207 1398 multo
1243 1323 1361 1397 miuus
1386 1321 1608 1399 nubricanrm
1638 1334 1675 1399 et
1705 1326 1918 1426 scriptorum
1945 1328 2005 1428 qui

628 1451 872 1533 caeremonias
903 1465 1153 1557 exposuerant
1216 1452 1447 1533 Orientalium
1479 1454 1718 1559 Liturgiarum
1759 1459 1865 1559 nulla,
1894 1483 2005 1560 prae-

628 1602 683 1668 ter
715 1589 964 1691 Aethiopicam
988 1588 1211 1691 generalem
1244 1599 1281 1666 et
1306 1587 1396 1665 duas
1430 1589 1515 1668 alias
1543 1588 1636 1666 edita
1659 1589 1786 1693 iuerat,
1810 1617 1892 1668 cum
1914 1617 2005 1669 ver·
2049 1653 2061 1677 .

627 1728 731 1803 sione
762 1726 846 1801 satis
880 1725 1115 1821 inconcinna,
1155 1734 1191 1799 et
1217 1721 1351 1825 aliquot
1387 1722 1477 1800 locis
1514 1724 1747 1826 interpolata,
1778 1750 1824 1802 ex
1859 1725 2005 1829 quade

627 1855 751 1935 ritihus
782 1855 1001 1958 Aethiopum
1033 1859 1096 1932 vix
1130 1866 1269 1957 poterat
1300 1860 1536 1958 pronunciari.
1604 1855 1693 1935 Post
1728 1882 1841 1937 annos
1872 1860 2007 1964 aliquot

626 1988 737 2092 l'ppis
756 1984 904 2095 'Regiis
940 1987 1102 2067 Lutetiae
1138 1989 1254 2067 editae
1285 2001 1368 2067 sunt
1399 1989 1537 2067 Graece
1579 2002 1615 2068 et
1639 1990 1786 2093 Latine,
1822 1991 2005 2096 liturgiae

626 2123 665 2203 S.
688 2122 826 2225 Jacohi,
865 2122 904 2202 S.
927 2123 1058 2225 Basilii,
1092 2121 1131 2201 S.
1154 2122 1302 2202 Joaunis
1334 2120 1602 2225 chrysostomi,
1638 2150 1720 2202 cum
1754 2123 1863 2203 Missa
1886 2124 2004 2203 Prae-

625 2257 923 2337 sanctificatorum
946 2282 1040 2334 anno
1061 2254 1209 2368 umuli
1233 2281 1302 2360 qua
1324 2255 1480 2335 editione
1503 2257 1587 2335 nihil
1613 2258 1827 2361 elegantius.
1858 2258 2004 2337 Acces-

625 2402 751 2471 serunt
783 2391 956 2493 opuscula
987 2402 1190 2469 sanctorum
1220 2389 1386 2493 Patrum,
1418 2402 1477 2469 aut
1509 2395 1749 2470 recentiorum
1784 2391 2003 2471 Graecorum

624 2529 735 2627 varia,
771 2550 863 2629 quae
897 2523 941 2603 ad
973 2523 1079 2603 fidem
1102 2522 1350 2603 Eucharistiae
1376 2524 1667 2626 confirmandam,
1698 2538 1734 2603 et
1763 2525 2002 2605 illustrandam

625 2684 792 2763 magnam
825 2662 1047 2736 autoritatem
1086 2657 1272 2736 habehant
1334 2658 1470 2736 Verum
1501 2662 1567 2737 etsi
1602 2684 1674 2737 non
1706 2660 2003 2738 contemnendam

626 2818 773 2897 operam
805 2796 840 2869 in
867 2790 1152 2869 Praelationibus
1186 2803 1222 2869 et
1256 2795 1349 2870 notis
1380 2791 1611 2893 impendisset
1644 2790 1814 2870 Claudius
1846 2793 2003 2871 Sancte-

625 2932 701 3007 sius
731 2930 881 3030 insignis
915 2926 972 3003 iha
1009 2937 1126 3003 aetate
1158 2924 1387 3028 Theologus,
1421 2924 1544 3003 ritihus
1575 2925 1707 3003 nullam
1741 2938 1802 3004 aut
1835 2930 2031 3031 exiguam,

624 3062 744 3140 lucem
778 3059 909 3159 attulit:
949 3063 1179 3163 quaestiones
1220 3059 1297 3135 illas
1342 3083 1491 3162 quarum
1529 3063 1634 3162 origo
1682 3085 1729 3136 ex
1768 3060 2002 3163 quorumdam

625 3194 807 3272 hominum
842 3192 1018 3271 adversus
1054 3191 1214 3270 Graecos
1248 3191 1566 3293 criminationibus,
1601 3218 1674 3270 non
1706 3192 1848 3271 aliunde
1885 3218 2002 3298 quae-

626 3327 736 3405 renda
767 3339 835 3428 est,
866 3318 1017 3404 tractare
1050 3325 1271 3426 Sanctesius,
1304 3339 1341 3404 et
1374 3329 1434 3430 qui
1468 3352 1550 3404 eum
1579 3329 1692 3405 secuti
1729 3339 1812 3404 sunt
1836 3315 2005 3405 videntur

625 3458 848 3539 formidasse.
912 3458 1098 3537 Cahasilae
1126 3470 1163 3536 et
1194 3458 1304 3536 lllarci
1339 3458 1488 3563 Ephesii
1519 3465 1650 3564 scripta
1677 3461 1877 3563 ediderunt,
1909 3466 2002 3539 circa

626 3597 792 3699 agitatam
823 3596 858 3669 in
890 3591 1051 3670 Concilio
1080 3592 1290 3670 Florentino
1324 3591 1371 3671 de
1403 3593 1598 3673 verborum
1634 3584 1764 3673 Christi
1792 3595 1837 3673 ad
1865 3620 2001 3674 conse-
2133 3692 2135 3705 ἢ

561 3798 569 3807 .
626 3731 820 3805 orationem
851 3737 1028 3829 potestate
1070 3729 1332 3830 quaestionem:
1378 3727 1445 3805 sed
1477 3752 1555 3805 eam
1583 3731 1650 3830 ipsi
1682 3732 1857 3831 attingere
1885 3731 2001 3826 venti,

624 3861 847 3940 Bessarionis
882 3884 974 3961 opus
1011 3858 1058 3936 de
1090 3857 1313 3938 Eucharistia
1346 3861 1630 3965 conjacuerant,
1674 3866 1774 3965 quasi
1807 3861 2001 3940 antidotum

626 3995 801 4074 adversus
833 3990 1052 4071 Graecorum
1084 3992 1262 4094 haeresin,
1292 4018 1412 4098 neque
1443 3995 1533 4072 ultra
1567 3999 1752 4098 progressi
1781 4007 1874 4074 sunt
1931 3996 2000 4087 Qui

623 4128 862 4207 Parisiensem
897 4125 1088 4204 editionem
1115 4125 1244 4204 eodem
1272 4151 1365 4204 anno
1389 4126 1610 4230 Antuerpiae
1643 4131 1769 4206 minori
1802 4129 1935 4230 tonna,
1966 4139 2002 4205 et

622 4260 746 4340 Latine
780 4272 914 4339 tantum
942 4270 1220 4359 renovaverunt,
1252 4259 1337 4337 nihil
1368 4260 1579 4340 addiderunt
1609 4267 1704 4340 novi.

350 4434 465 4490 rom„
483 4454 498 4492 .
516 4439 610 4494 sm,
743 4393 1103 4475 EditioniParisiensi
1125 4418 1272 4495 operam
1296 4395 1493 4474 contulerat
1515 4394 1673 4474 loannes
1695 4394 1924 4474 aS.Andrea
1940 4400 2000 4473 in-

297 4520 543 4622 ”lmllffltffi
557 4526 736 4634 ⁸¹⁵·siguis
758 4528 946 4610 Ecclesiae
972 4526 1184 4605 Parisiensis
1215 4526 1436 4608 Canonicus:
1473 4534 1503 4609 is
1527 4543 1609 4633 post
1634 4556 1746 4609 annos
1776 4533 1902 4633 viginti
1926 4542 2000 4608 tres

297 4617 363 4678 Μ
377 4610 466 4668 ‘dm
620 4663 816 4766 liturgiam
842 4662 952 4740 Marci
987 4658 1161 4739 Graecam
1189 4660 1317 4764 edidit,
1359 4688 1406 4741 ex
1440 4664 1649 4768 apographo
1675 4661 1849 4742 Guillehui
1881 4663 1999 4742 Sirleti

622 4793 818 4875 Cardinalis
838 4796 1050 4875 doctissimi:
1077 4795 1163 4874 nihil
1187 4820 1333 4901 quoque
1356 4809 1498 4900 praeter
1518 4798 1675 4876 Latinam
1702 4802 1907 4876 versionem
1930 4798 2000 4877 ad-

616 4914 756 5035 junxit:
786 4942 888 5009 notas
910 4931 1024 5009 nullas
1049 4955 1143 5034 quae
1163 4942 1222 5008 aut
1247 4933 1347 5033 ritus,
1377 4944 1437 5010 aut
1464 4933 1659 5012 doctrinam
1679 4933 1908 5035 explicarent,
1932 4933 1999 5011 sed

621 5077 790 5168 excerpta
808 5065 1050 5146 tantummodo
1075 5092 1121 5144 ex
1145 5062 1444 5163 Clementinarum
1464 5066 1764 5147 Constitutionum
1791 5067 1882 5146 libro
1912 5066 1952 5145 8.
