4525 6034
691 556 742 630 50
1069 558 1689 636 ousunvrrlortus

690 759 767 824 gere
791 742 870 823 apud
891 742 1089 805 Nestorianos
1112 742 1376 823 Mesopotamenos
1400 744 1500 806 testati
1527 750 1611 821 sunt,
1641 743 1692 823 qui
1714 741 1859 827 Bagdado
1887 760 1982 823 saepe
2010 741 2053 803 buc

689 848 841 904 venerunt
864 842 1055 905 Sacerdotes.

417 942 509 996 vestes
535 945 678 1001 ordinmim
779 938 854 1002 Cum
875 940 951 1001 hora
973 940 1129 1020 Liturgiae
1153 938 1353 1001 celebrandae
1375 941 1476 1018 instat,
1500 960 1578 1022 quae
1601 943 1690 1005 tertia
1712 942 1836 1024 circiter
1859 940 2051 1026 11111ζο11111

363 1027 477 1098 ⁶⁰P⁰¹¹ll
691 1045 799 1101 octava
822 1041 965 1101 matutina
993 1055 1078 1101 more
1108 1043 1232 1115 nostro,
1265 1038 1415 1102 Sacerdos
1444 1047 1547 1102 vestes
1579 1041 1747 1103 ordinarias
1778 1041 1918 1121 deponit,
1948 1040 2051 1121 pallium

391 1128 394 1133 ⁴
691 1137 818 1216 seilicet,
841 1139 909 1200 sive
931 1139 1115 1200 exteriorem
1139 1137 1287 1214 amictum,
1311 1145 1341 1198 et
1364 1138 1544 1217 aliquamdiu
1567 1147 1738 1219 prostratus
1762 1148 1829 1201 orat
1852 1155 1955 1201 coram
1970 1139 2050 1200 altari:

690 1243 754 1298 tum
776 1254 881 1298 ruamus
905 1236 1015 1314 abluit,
1039 1235 1218 1316 tandemque
1242 1237 1351 1316 accipit
1375 1245 1477 1299 vestes
1501 1237 1606 1299 Ordini
1630 1256 1687 1300 suo
1711 1240 1940 1302 couvenientes.

399 1334 620 1389 oecumenicae
638 1336 680 1388 fa-
780 1334 813 1397 11
835 1336 894 1397 isto
917 1335 1031 1398 Ordine
1052 1335 1202 1417 generali,
1224 1342 1257 1396 11
1280 1336 1368 1397 etiam
1390 1337 1420 1397 in
1445 1336 1558 1415 altero,
1583 1345 1633 1398 aut
1655 1338 1686 1399 in
1708 1336 1960 1413 aliisCodicibus,
1983 1335 2048 1397 Con-

366 1422 465 1478 cienda.
691 1432 835 1498 sessionis
858 1454 876 1497 a
898 1434 1057 1497 sacerdote
1081 1433 1239 1495 faciendae
1260 1434 1371 1497 mentio
1394 1435 1475 1498 nulla
1499 1444 1556 1499 est.
1587 1436 1660 1498 Eam
1683 1443 1781 1498 tamen
1804 1454 1899 1516 saepe
1920 1436 2049 1517 praemitti

690 1535 816 1611 solere,
850 1551 908 1614 qua
939 1534 1057 1595 ratione
1086 1532 1195 1594 Graeci
1223 1531 1304 1593 illam
1336 1533 1518 1613 observant,
1553 1543 1640 1598 extra
1670 1534 1791 1598 dubium
1823 1543 1885 1598 est:
1918 1554 1986 1597 nam
2011 1552 2048 1615 par

691 1635 812 1698 omnino
835 1640 882 1695 est
900 1631 1085 1695 Graecorum
1108 1640 1140 1695 et
1157 1632 1361 1695 Jacobitarum
1379 1636 1523 1715 Syrorum
1540 1634 1765 1697 Poenitentialis
1788 1634 1955 1715 disciplina.
1985 1634 2046 1696 11111

691 1752 769 1815 quae
800 1733 878 1813 apud
901 1749 973 1795 suos
997 1733 1162 1795 communis
1185 1739 1267 1809 erat,
1290 1730 1350 1794 non
1373 1734 1462 1796 modo
1486 1735 1659 1816 designavit
1682 1742 1842 1811 accurate,
1869 1732 1926 1795 sed
1947 1733 2046 1816 regulas

690 1834 770 1895 illius
793 1833 901 1912 partim
924 1832 1065 1914 collegit,
1090 1833 1198 1913 partim
1221 1850 1260 1892 ex
1282 1831 1502 1913 Episcoporum
1525 1853 1600 1896 suae
1627 1841 1729 1895 sectae
1759 1833 1886 1895 consilio
1918 1833 2046 1894 constitut

691 1933 855 2013 Dionysius
886 1931 1033 1993 Barsalibi
1061 1930 1254 2011 Metropolita
1282 1931 1466 2011 Amidenus,
1494 1933 1545 2016 qui
1575 1932 1696 1994 vivebat
1726 1952 1794 1994 eum
1823 1933 1933 1994 Franci
1963 1933 2044 2014 Regno

691 2030 967 2111 Hierosolymitauo
991 2030 1088 2091 adhuc
1110 2031 1290 2109 potirentur.
1335 2031 1367 2092 ln
1397 2033 1463 2113 ejus
1492 2032 1635 2093 Tractatu
1666 2031 1704 2092 de
1734 2030 1934 2112 suscipiendis
1958 2031 2045 2094 Poeni·

694 2130 825 2192 tentibus
849 2148 956 2211 quem,
979 2130 1005 2192 si
1026 2129 1110 2191 Deus
1132 2129 1224 2191 vitam
1248 2132 1453 2209 concesserit,
1481 2131 1586 2193 Latine
1615 2130 1844 2209 interpretatum
1871 2130 2044 2192 Dissertatio-

693 2224 783 2291 nibus
807 2229 845 2291 de
867 2229 1053 2291 Poenitentia
1076 2227 1313 2311 subjungemus,
1343 2229 1417 2292 nihil
1443 2231 1562 2312 quidem
1586 2229 1777 2310 praecipitur
1800 2230 2001 2292 sacerdotibus
2017 2228 2043 2289 de

692 2328 830 2393 facienda
859 2328 1052 2390 confessione
1082 2335 1293 2407 peccatorum,
1328 2333 1448 2410 quoties
1480 2330 1647 2412 Liturgiam
1677 2326 1861 2391 celebraturi
1896 2338 1978 2393 sunt:
2005 2325 2043 2390 sed

693 2427 831 2490 omnibus
853 2427 1075 2490 Ecclesiasticis
1096 2435 1127 2489 et
1150 2427 1356 2491 saecularibus
1379 2437 1575 2510 praeceptum
1598 2445 1668 2490 esse
1691 2426 1779 2504 dicit,
1806 2435 1839 2489 ut
1867 2436 1915 2490 ter
1944 2428 1979 2490 ad
2001 2427 2042 2487 ni·

691 2526 821 2602 nimum,
843 2518 1006 2607 quotannis
1029 2526 1067 2589 ad
1090 2524 1314 2589 confessionem
1337 2526 1492 2590 accedant
1543 2526 1597 2589 llla
1625 2532 1724 2587 autem
1755 2527 1884 2610 intelligi
1913 2527 1994 2589 debet
2014 2523 2041 2585 de

691 2625 829 2706 peccatis
852 2625 971 2688 levibus
995 2632 1027 2687 et
1049 2624 1248 2706 quotidianis,
1271 2643 1332 2687 non
1357 2626 1394 2687 de
1417 2625 1610 2710 gravioribus
1634 2632 1738 2687 contra
1760 2625 1964 2706 Decalogum,
1983 2640 2041 2704 quo·

692 2742 760 2785 rum
782 2724 943 2804 Sacerdos,
966 2726 993 2786 si
1016 2726 1157 2787 conscius
1181 2725 1238 2786 sibi
1260 2725 1310 2804 sit,
1338 2744 1355 2787 a
1379 2724 1565 2788 Confessore
1587 2742 1648 2787 non
1671 2726 1824 2787 sineretur
1846 2725 1884 2788 ad
1906 2724 2041 2805 Liturgiam

693 2822 906 2885 celebrandam
935 2822 1097 2886 accedere:
1131 2830 1165 2884 ut
1194 2841 1295 2904 neque
1322 2823 1432 2887 Laieus
1469 2824 1506 2886 ad
1531 2826 1770 2887 communionem
1799 2823 2039 2888 Sacramentorun.

692 2922 811 2985 Habent
838 2923 917 2985 enim
946 2924 977 2985 in
1007 2923 1099 2985 variis
1132 2921 1306 2984 canonibus
1335 2924 1513 2986 constitutas
1542 2941 1659 3004 poenas
1686 2924 1866 3003 canonicas,
1896 2941 1970 3006 quae
1990 2926 2040 2983 sunt

691 3021 871 3085 Metonoeae
893 3040 950 3084 seu
977 3022 1070 3084 totius
1100 3024 1241 3105 corporis
1264 3024 1412 3103 repetitae
1435 3025 1671 3104 prostrationes,
1700 3023 1887 3086 Psalmorum
1921 3022 2037 3095 recitatio,

689 3120 815 3202 jejunia,
838 3138 896 3202 pro
918 3127 1115 3201 peccatorum
1138 3122 1256 3182 ratione
1279 3121 1421 3203 graviora
1445 3122 1494 3183 vel
1516 3121 1643 3199 leviora,
1666 3130 1697 3184 et
1712 3121 1935 3204 eleemosynae.
1956 3121 2039 3182 111111

690 3221 807 3283 interea
831 3220 1020 3283 abstinentur
1043 3238 1060 3281 a
1083 3219 1346 3283 sacramentorum
1368 3222 1564 3302 perceptione
1587 3221 1684 3283 laici:
1708 3220 1915 3283 Ecclesiastici
1933 3220 1964 3283 ab
1980 3216 2037 3279 1111-

692 3320 734 3381 ris
758 3320 940 3396 ministerio,
965 3318 1063 3381 donec
1085 3318 1218 3380 ultimam
1240 3318 1460 3381 absolutionem
1483 3320 1668 3401 acceperint.
1718 3319 1787 3381 lstis
1817 3337 1892 3382 vero
1923 3338 1958 3381 ex
1979 3331 2038 3377 1011

693 3417 861 3499 disciplina,
876 3425 909 3480 ut
925 3425 1055 3480 testatur
1068 3416 1218 3496 Barsilibi,
1239 3436 1307 3479 cum
1322 3418 1487 3481 secundnm
1503 3417 1659 3482 Canonum
1674 3428 1811 3481 veterum
1828 3417 2035 3499 dispositionem,

692 3517 820 3598 gradum
841 3518 978 3579 amittere
1001 3515 1194 3594 debuissent,
1219 3533 1399 3579 eoncessum
1422 3518 1473 3579 illo
1497 3525 1634 3599 tempore
1657 3516 1728 3597 luit,
1758 3536 1798 3578 cx
1821 3515 1961 3579 communi
1978 3512 2036 3592 lipi-

692 3633 858 3696 scoparum
893 3615 1058 3691 sententia,
1091 3621 1124 3675 ut
1153 3613 1298 3676 Ordinem
1334 3634 1420 3678 suum
1449 3617 1631 3695 retinerent,
1662 3617 1718 3679 sed
1749 3616 1966 3696 duplicarentur
1992 3609 2034 3670 illis

692 3733 811 3796 poenae
835 3714 1017 3793 canonicae,
1047 3720 1137 3794 atque
1163 3714 1281 3776 interea
1308 3715 1544 3777 excluderentur
1573 3734 1591 3777 a
1621 3733 1710 3778 sacro
1740 3716 1915 3778 ministerio.
1954 3711 2036 3787 ltaque

693 3813 731 3876 de
754 3812 872 3875 levibus
895 3821 926 3875 et
953 3812 1122 3876 venialibus
1151 3814 1284 3892 peccatis
1314 3812 1475 3877 Confessio
1503 3814 1554 3875 illa
1583 3816 1681 3895 accipi
1699 3814 1807 3877 debet.
1860 3816 1892 3878 Si
1920 3805 2035 3892 quosdam

692 3912 846 3975 Jacobitas
876 3910 1102 3976 consessionem
1130 3919 1323 3992 peccatorum
1353 3914 1478 3994 insuper
1505 3913 1620 3976 habere
1656 3933 1673 3975 1
1703 3914 1803 3975 multis
1833 3913 1968 3992 scriptum
1992 3907 2035 3973 151

693 4013 825 4091 pertinet
846 4012 946 4091 potius
970 4010 1008 4073 ad
1029 4010 1203 4093 Aegyptios
1227 4028 1315 4090 quam
1337 4011 1373 4073 ad
1398 4012 1493 4091 Syros
1515 4012 1591 4074 haec
1612 4012 1784 4074 accusatio:
1807 4029 1876 4072 nam
1891 4006 1959 4090 apud
1973 4001 2034 4072 utos,

691 4112 872 4191 praesertim
894 4110 951 4172 sub
974 4109 1092 4172 duobus
1115 4108 1296 4172 Patriarchis
1320 4110 1497 4173 duodecimo
1519 4112 1656 4188 sacculo,
1679 4113 1837 4173 maximum
1861 4102 2035 4173 Poenitentia·

691 4208 728 4270 lis
751 4207 910 4289 disciplina
933 4208 1142 4271 detrimentum
1165 4210 1298 4288 accepit:
1321 4211 1457 4290 quamvis
1480 4227 1553 4272 suos
1576 4229 1698 4291 semper
1721 4208 1898 4272 defensores
1916 4201 2035 4273 babuerit,

418 4321 481 4375 nna,
507 4322 579 4377 Pan,
603 4326 678 4378 Alex.
693 4309 780 4369 etiam
804 4308 833 4368 in
855 4308 1019 4391 Aegypto,
1044 4306 1193 4370 adversus
1223 4307 1304 4369 illam
1330 4309 1512 4386 novitatem,
1544 4312 1707 4389 praecipue
1737 4309 1871 4371 Marcum
1898 4306 1974 4368 lilium
1992 4296 2037 4359 El·

380 4408 488 4477 1550.
693 4407 835 4485 conbari,
859 4408 910 4486 qui
932 4406 1036 4468 Marco
1058 4405 1120 4469 filio
1144 4406 1258 4468 Zaraae
1280 4406 1406 4485 restitit,
1437 4415 1468 4468 et
1494 4416 1600 4487 postea
1621 4407 1808 4471 Ebnassalos
1839 4408 1937 4470 iratres
1963 4398 2032 4468 duos

691 4513 723 4568 et
752 4506 827 4568 alios
856 4523 916 4567 nnn
946 4522 1071 4585 paucos.
1122 4505 1237 4567 Verum
1271 4523 1309 4567 eo
1339 4506 1407 4585 ipso
1438 4514 1596 4587 ternpore,
1624 4506 1834 4569 Antiochenus
1861 4502 2032 4569 Jacobitarum

598 4668 609 4679 ,
690 4604 862 4666 Patriarcba
885 4602 1039 4680 Michael,
1052 4604 1265 4665 necessitatem
1289 4601 1496 4666 Confessionis
1520 4606 1746 4668 sacramentalis
1775 4614 1806 4669 et
1836 4602 1963 4674 Cononis,
1988 4610 2032 4656 seu

690 4703 898 4765 Poenitentiae
922 4700 1112 4781 Canonicac,
1142 4700 1242 4763 multis
1266 4705 1450 4783 argumentis
1473 4692 1617 4766 stabilivit
1647 4704 1677 4766 in
1701 4702 1845 4767 Tractatu
1867 4706 1901 4765 de
1915 4711 2030 4779 proepo-

689 4805 810 4865 rntionc
832 4804 875 4864 ad
904 4801 1156 4876 commonionem,
1189 4800 1279 4863 docto
1309 4818 1384 4863 sane
1413 4809 1444 4864 et
1467 4802 1678 4886 Theologico,
1706 4806 1797 4885 quus
1824 4803 1890 4865 alibi
1911 4797 2031 4871 excerpta

691 4898 837 4979 dedimus,
862 4908 893 4962 et
915 4899 1003 4981 plura
1025 4898 1161 4961 dabimus
1184 4901 1214 4960 in
1236 4899 1456 4963 Dissertatione
1480 4901 1518 4963 de
1540 4902 1736 4964 Poenitentia.
1765 4903 1850 4964 lllum
1870 4914 1933 4962 vero
1954 4890 2030 4953 disci·
2100 4976 2105 4986 ἢ

689 4997 801 5077 plinarn
823 5001 854 5061 in
875 4999 1014 5062 Ecclesia
1037 5016 1093 5061 sua
1120 5005 1276 5077 receptam
1302 5017 1532 5081 propugnasse,
1561 5018 1623 5063 non
1653 5007 1700 5064 est
1727 5000 1916 5063 dubitandum.
1957 4984 2028 5063 0¹¹⁰d
