4525 6034
324 594 373 670 ot
389 589 643 669 trumentum
662 587 914 667 tumulum
932 586 1081 665 autema
1095 588 1143 664 ET
1158 585 1406 664 AUlOllllATE
1463 582 1561 656 XLV

209 784 313 857 mones
336 778 517 871 Arabicae,
543 800 627 874 quae
654 775 802 874 Copticis
829 771 1075 871 exemplaribus
1097 772 1232 866 adjungi
1257 772 1378 865 solent,
1400 772 1559 865 juvandis

207 895 447 987 Sacerdotibus,
472 918 539 969 non
552 893 691 968 Officiis
706 892 839 990 publice
854 889 1063 964 celebrandis
1076 889 1261 962 destinatae
1285 893 1359 964 sint.
1380 888 1559 962 Melclritae

205 1036 263 1089 seu
295 1011 479 1087 Ortbodoxi
512 1011 744 1101 Alexandrini,
779 1008 911 1082 Graece
944 1010 979 1079 iu
1003 1006 1165 1103 Aegypto
1202 1027 1300 1080 sacra
1325 1006 1462 1098 iaciunt,
1493 1029 1557 1079 nec

207 1132 289 1205 ullus
313 1139 364 1203 est
388 1129 433 1202 ad
457 1129 575 1202 altaria
600 1127 735 1220 baguae
760 1123 930 1199 Arabicae
956 1146 1046 1197 usus.
1091 1122 1459 1218 constantinopolitani,
1484 1145 1560 1195 cum

207 1251 291 1319 inter
313 1247 439 1319 Turcas
463 1253 653 1333 versentur,
678 1265 844 1339 nunquam
870 1243 912 1315 de
938 1240 1086 1334 Litargia
1101 1239 1244 1311 Turcice
1269 1239 1431 1313 vertenda
1457 1243 1560 1332 cogi-

206 1373 373 1453 tavenmt,
406 1360 466 1436 sed
491 1363 602 1434 veteri
628 1359 773 1451 Graeca,
807 1381 906 1455 quam
930 1357 1025 1455 plebs
1051 1379 1119 1430 nen
1144 1355 1308 1449 intelligit,
1333 1359 1380 1428 uti
1405 1366 1560 1454 pergunt,

207 1490 241 1552 ut
262 1490 340 1552 ante
364 1479 453 1551 mille
477 1484 646 1550 trecentos
672 1498 778 1551 annos
805 1473 1058 1549 observabatur.

307 1596 409 1688 Igitur
443 1592 657 1667 Orientalium
690 1591 948 1665 Christianorum
981 1590 1149 1687 exempla,
1182 1588 1301 1685 quibus
1332 1589 1560 1667 Protestantes
1596 1595 1692 1649 sorum
1715 1596 1883 1665 exemplora-

207 1710 377 1784 Romanae
401 1709 578 1783 Ecclesiae
613 1707 817 1806 disciplinam
846 1710 1056 1803 impugnant,
1089 1730 1164 1779 eam
1195 1707 1330 1780 muiiice
1364 1708 1561 1782 confirmare
1574 1682 1883 1824 qqpqppruommcoa-

207 1837 439 1920 agnoscuntur,
471 1850 545 1899 cum
580 1828 664 1897 ratio
699 1828 742 1898 sit
771 1846 909 1922 prorsus
935 1823 1053 1897 eadem
1080 1832 1230 1896 retentae
1264 1822 1397 1917 linguae
1422 1829 1562 1915 veteris,
1689 1807 1696 1821 ’
1762 1902 1767 1921 ,

208 1967 293 2039 quae
315 1945 464 2036 vulgaris
491 1941 570 2015 clim
594 1940 715 2031 fixerat,
742 1964 851 2037 quam
878 1943 940 2013 etsi
968 1942 1003 2012 in
1036 1940 1284 2013 desuetudinem
1309 1940 1457 2030 abiisset,
1482 1965 1562 2014 mu·
1815 1942 1826 1983 ⁸

207 2064 265 2132 tari
294 2059 482 2134 vernaculis
514 2056 746 2148 versionibus,
771 2080 835 2129 nec
861 2055 1038 2148 Orientali,
1070 2079 1135 2129 nec
1162 2055 1363 2129 Occidentali
1388 2056 1562 2130 Ecclesiae

208 2177 338 2274 placuit,
364 2175 408 2250 ob
436 2178 635 2271 antiquitatis
662 2177 897 2263 reverentiam,
923 2196 987 2269 qua
1013 2176 1140 2245 ratione
1166 2173 1266 2246 multa
1293 2172 1437 2264 Graece,
1464 2177 1564 2247 etiam

209 2295 374 2391 apopulo
401 2293 552 2381 dicenda,
578 2294 613 2364 in
639 2289 787 2385 Copticis
815 2288 939 2364 Officiis
966 2298 1167 2363 conservata
1195 2299 1279 2362 sunt.
1305 2288 1378 2361 Nec
1396 2293 1431 2361 in
1457 2293 1563 2365 sacris

210 2409 330 2503 solum,
362 2431 481 2483 verum
512 2411 547 2479 in
579 2409 766 2504 praecipuis
808 2404 909 2478 rebus
943 2406 985 2479 ad
1019 2406 1207 2480 Ecclesiam
1237 2405 1461 2504 spectantibus
1495 2408 1565 2481 lin-

209 2549 344 2620 guarum
380 2527 599 2598 extincturum
632 2545 711 2597 usus
751 2520 1004 2619 perseveravit,
1044 2522 1133 2619 quod
1169 2523 1329 2616 singulari
1365 2524 1444 2617 lege
1479 2525 1566 2622 apud

211 2642 358 2739 Ooptitas
385 2651 525 2733 tenetm,
551 2644 640 2712 circa
668 2639 901 2713 Ordinationes
917 2638 1174 2736 Episcoporum,
1200 2644 1394 2736 praesertim
1408 2640 1566 2715 Alexan-

211 2759 288 2831 drini
314 2758 538 2831 Patrimchae.
588 2757 734 2852 Antiqua
761 2755 965 2831 consuetudo
992 2767 1055 2846 est,
1081 2766 1117 2828 ut
1142 2767 1317 2853 postquam
1344 2758 1469 2831 electus
1495 2756 1567 2846 fuit,

211 2877 398 2951 conficiatur
423 2878 689 2965 instrumentum,
716 2895 782 2968 quc
808 2872 987 2969 Episcopi,
1020 2871 1311 2963 Archimandritae„
1331 2874 1568 2948 Monaehcrum

211 2996 351 3081 nomine,
378 2990 572 3088 Presbyteri
599 2990 795 3081 etDiacoai,
820 2998 973 3062 testatum
999 2989 1122 3062 faciant
1147 2989 1258 3080 talem,
1285 3012 1451 3063 consensu
1468 3013 1568 3063 com-

212 3112 294 3181 muni
322 3108 464 3182 electmn
495 3129 573 3181 esse
598 3106 895 3202 Arclriepiscopum
926 3106 1165 3180 Alexandriae.
1205 3106 1287 3178 illud
1319 3110 1567 3181 instrumentum

212 3224 310 3298 rbus
337 3224 458 3316 linguis
485 3223 603 3295 confici
629 3223 734 3312 solet3
762 3221 906 3312 Graeca,
939 3244 1036 3317 quam
1063 3221 1105 3295 ab
1133 3222 1197 3293 illis
1224 3225 1279 3317 qui
1298 3221 1475 3295 scribendo
1502 3224 1569 3296 ad-

212 3339 338 3412 luenmt
364 3361 432 3412 non
457 3338 606 3432 intelligi,
633 3342 714 3412 satis
740 3336 881 3435 probant
906 3340 1005 3435 spissi
1031 3347 1065 3410 et
1088 3336 1279 3434 frequentes
1305 3349 1421 3412 contra
1447 3338 1568 3411 ortho-

213 3456 381 3553 graphiam
407 3465 442 3527 et
465 3457 714 3548 grammaticam
740 3477 888 3546 errores,
914 3456 1012 3527 etiam
1039 3453 1278 3528 inmelioribus
1296 3455 1392 3549 hujus
1407 3454 1569 3529 formulae

211 3569 467 3668 exemplaribus,
493 3580 528 3642 ut
553 3573 587 3643 in
612 3570 796 3644 Pontificali
821 3572 1052 3664 Seguieriano.
1086 3568 1227 3667 Coptica
1260 3571 1347 3645 aliud
1380 3571 1568 3668 exemplum

211 3687 350 3761 describi
386 3688 482 3775 solet,
518 3710 604 3782 quae
639 3709 707 3760 non
740 3690 849 3780 magis
882 3712 902 3760 a
937 3685 1036 3783 plebe
1069 3687 1261 3782 intelligitur
1294 3712 1393 3784 quam
1418 3688 1567 3763 Graeca:

212 3804 340 3876 undem
368 3802 525 3894 Arabica,
547 3825 645 3898 -quae
670 3802 744 3877 sola
770 3803 920 3896 vulgaris
948 3814 1008 3877 cst.
1061 3804 1152 3877 Idem
1179 3805 1379 3881 observatur
1404 3807 1438 3876 in
1463 3805 1567 3881 literis

214 3943 294 4015 quae
326 3930 492 3993 vocantur
516 3920 751 4011 Συστατικαί,
774 3943 862 3993 voce
893 3919 1045 4011 Graeca,
1079 3919 1197 4017 quibus
1236 3932 1311 3995 acta
1345 3922 1567 4001 Ordinatiouis

211 4035 420 4109 Putriarchae
459 4039 686 4126 eontinentur,
720 4046 756 4109 ut
781 4039 816 4108 in
841 4037 905 4111 illis
934 4059 1019 4132 quae
1046 4036 1088 4109 ad
1114 4034 1388 4140 Ἐνθρονισμὸν
1407 4052 1569 4137 spectant,

214 4154 298 4248 quod
325 4157 424 4225 etiam
450 4175 534 4247 erga
560 4153 761 4250 Episcopos,
788 4177 862 4226 cum
888 4153 1090 4244 ordinentur,
1118 4153 1293 4231 observari
1320 4158 1414 4231 solet.

311 4267 415 4341 Iidem
451 4269 672 4342 Alexandrini
710 4269 882 4344 Jacobitae
915 4269 1033 4343 multas
1070 4294 1153 4368 prae
1200 4277 1342 4349 caeteris
1376 4275 1569 4351 Christianis
1583 4292 1891 4347 minturnensem-

214 4385 390 4480 particulas
416 4389 504 4458 sacri
532 4386 631 4459 officii
658 4397 963 4477 conservaverunt,
992 4409 1077 4484 quae
1102 4391 1187 4461 inter
1213 4386 1370 4486 Copticas
1402 4396 1570 4467 orationes
1583 4378 1753 4482 ⁶3⁸⁰⁰⁹⁶⁸⁸P
1766 4380 1892 4434 wlf·

216 4499 343 4574 Graece
357 4501 514 4575 dicuntur.
526 4501 625 4580 ’Άνω
638 4500 700 4587 τοὶς
710 4501 867 4601 καρδίας.
897 4502 1063 4601 ’Ἑχομεν
1072 4502 1161 4607 πρὸς
1170 4503 1372 4608 rivaticum
1380 4519 1414 4581 et
1425 4509 1571 4605 reliquas
1584 4482 1626 4537 ⁸¹⁸
1639 4476 1864 4522 mmm

217 4617 429 4713 praefationis
450 4617 618 4693 formulas.
646 4617 905 4718 Otxodrjpeeoa
921 4618 1102 4721 ἄναστῆτε.
1130 4626 1191 4708 Εἰς
1214 4621 1387 4708 ἀνατολὰς
1411 4619 1571 4723 ’pilectae

223 4730 283 4817 Oui
306 4734 433 4806 cedetis
457 4739 606 4832 surpite.-
634 4738 694 4810 Ad
719 4739 889 4810 Orientem
914 4743 1075 4834 aspicite,
1111 4750 1147 4812 et
1171 4745 1280 4814 omnia
1307 4742 1413 4814 ferme
1440 4765 1526 4839 quae
1552 4768 1572 4817 a

221 4845 370 4922 Diaconc
403 4849 552 4924 dicuntur
577 4853 618 4925 ad
633 4852 800 4949 populum.
826 4854 974 4928 Sanctae
987 4863 1049 4945 ter,
1075 4856 1169 4950 pleat
1193 4864 1270 4930 auct
1289 4859 1386 4949 caeli,
1415 4866 1451 4931 et
1466 4866 1571 4950 tarra,

222 4969 280 5035 etc.
333 4962 465 5039 Graece
500 4990 631 5065 quoque
665 4970 742 5044 dicit
772 4970 936 5067 Populus:
962 4975 1007 5044 ita
1032 4971 1190 5068 frequens
1220 4972 1275 5046 illa
1309 4979 1468 5050 orationis
1494 4975 1573 5049 ior-

221 5079 315 5173 mula,
330 5081 435 5157 Karai
459 5082 502 5159 τὸ
528 5082 619 5171 ἔλεός
643 5111 712 5163 σου
734 5083 845 5189 κύριε,
873 5089 1061 5162 Secretdttut
1090 5092 1360 5167 misericordiam
1385 5101 1476 5166 aaa
1489 5094 1573 5166 Do-
