4525 6034
353 584 401 660 OE
414 582 669 661 lllUllOldelli
681 581 935 659 ORIENTAblUll
950 580 1100 659 ondam
1115 582 1163 658 ΕΤ
1178 582 1427 660 AlllORlTATli.
1491 578 1568 652 LllI

215 771 411 860 tenebantur3
438 793 513 842 cnm
538 773 572 842 in
598 769 672 844 aliis
697 770 853 867 precibus
879 790 1011 842 venena
1039 792 1099 842 sna
1125 767 1230 842 libere
1256 772 1448 866 sparserint.
1499 768 1567 843 Ja-

213 890 334 963 cobitae
358 897 477 983 postea
503 889 657 960 intactam
685 878 817 982 quoquo
842 886 1026 978 Liturgiam
1052 896 1277 960 servaverunt
1302 886 1344 960 ab
1375 886 1440 959 illis
1466 886 1566 959 addi-

214 1007 372 1094 manentis,
407 1026 494 1100 quae
529 1001 572 1075 ad
603 1006 699 1076 unius
729 1008 763 1075 in
798 1000 929 1075 cinara
965 1011 1104 1075 naturae
1136 1000 1379 1099 professionem
1412 1014 1567 1100 spectare

212 1120 415 1210 videbantur,
441 1130 476 1190 et
500 1142 587 1215 quae
613 1141 692 1191 sero
721 1118 853 1191 tandem
885 1117 1019 1191 ultimae
1033 1124 1120 1214 parti
1137 1122 1346 1191 inseruerunt
1365 1123 1399 1190 in
1415 1118 1567 1193 Confes-

211 1241 317 1327 sioue,
343 1258 428 1332 quae
453 1234 554 1333 paulo
581 1246 658 1309 anto
684 1235 958 1310 communionem
985 1234 1072 1307 solet
1096 1235 1187 1324 fieri,
1214 1245 1249 1307 ct
1272 1234 1407 1307 liberius
1434 1238 1468 1306 in
1494 1234 1568 1308 aliis

212 1353 426 1427 Orationibus.
478 1352 515 1425 Si
542 1374 678 1425 causam
705 1357 911 1450 quaerimus,
938 1349 1026 1423 nulla
1052 1352 1267 1424 verisimilior
1282 1354 1442 1442 occurrit,
1468 1372 1567 1445 quam

210 1474 382 1542 eommunis
410 1470 496 1565 apud
523 1490 640 1542 omnes
665 1468 802 1562 religio,
828 1489 871 1539 ne
898 1464 1016 1540 Ollicio
1031 1467 1203 1560 Liturgico
1221 1466 1452 1559 adjicerentur,
1479 1489 1566 1562 quae

210 1590 350 1683 priminas
366 1588 399 1657 in
417 1584 474 1658 illo
493 1608 562 1658 non
577 1586 753 1674 extabant,
781 1589 815 1655 in
827 1588 986 1657 sanctiori
1004 1588 1202 1681 praesertim
1219 1594 1315 1679 parte
1330 1607 1415 1680 qnae
1433 1583 1568 1671 Canem

208 1706 324 1791 Actio,
353 1702 546 1797 Annpboro
577 1701 770 1798 appellatur.
823 1700 953 1796 Nempe
978 1700 1085 1773 verba
1105 1700 1161 1772 illa
1188 1710 1283 1772 erant
1315 1703 1414 1773 totius
1439 1699 1568 1771 Eccle-

208 1824 298 1911 siae,
321 1822 428 1915 potius
455 1842 554 1914 quam
581 1841 697 1891 eorum
724 1822 778 1914 qui
804 1817 930 1891 formas
956 1817 1029 1889 illas
1057 1820 1181 1912 scripto
1208 1815 1545 1912 comprehendissent

307 1934 452 2008 Maxima
484 1946 537 2008 est
567 1933 632 2006 hoc
663 1938 697 2006 in
724 1956 851 2027 genere
882 1933 1025 2005 Romani
1062 1932 1210 2007 Canonis
1244 1932 1451 2028 simplicitas,
1483 1953 1568 2027 quae
1599 1943 1639 1995 Ex
1653 1942 1703 1996 iltis
1718 1946 1814 1997 ventu
1826 1946 1888 1999 adar

208 2074 349 2123 summae
365 2054 564 2146 antiquitatis
591 2073 658 2124 non
683 2050 762 2124 leve
788 2048 940 2122 indicium
956 2060 1021 2121 est:
1047 2070 1248 2147 uamflneque
1267 2047 1322 2121 illa
1341 2071 1427 2143 quae
1446 2045 1569 2120 Gracci
1583 2031 1699 2098 proma.

209 2179 240 2240 et
263 2166 449 2240 Orientales
476 2171 531 2263 pia
558 2165 752 2239 addidcrrmt
778 2167 820 2240 de
847 2165 1139 2256 consubstantiali,
1170 2166 1213 2237 de
1240 2161 1403 2261 Θεοτόκῳ
1436 2173 1470 2236 et
1496 2162 1569 2236 aliis

209 2283 397 2379 quibusdam
422 2283 539 2374 habet,
570 2293 604 2355 et
636 2292 688 2357 est
713 2282 937 2356 Orientalibus
973 2282 1122 2356 brevior.
1174 2282 1222 2355 At
1255 2285 1288 2353 in
1319 2282 1427 2356 multis
1462 2281 1569 2355 Occi-

209 2400 342 2472 dentalis
368 2400 464 2473 Ritus
490 2400 666 2493 Ltmrgris,
702 2424 789 2496 quae
815 2398 966 2472 eumdem
994 2398 1166 2473 Cononem
1197 2409 1397 2495 sequuntur,
1429 2398 1569 2497 pluritas

209 2520 302 2590 etiam
329 2515 371 2589 ad
396 2517 596 2590 erudiendos
621 2516 737 2590 lideles
762 2520 889 2591 inserta
916 2526 1010 2606 sunt,
1036 2517 1070 2586 in
1094 2514 1306 2588 Orationibus
1333 2539 1420 2612 quae
1447 2515 1568 2589 Colle-

209 2645 278 2708 ctac
305 2633 392 2730 apud
418 2656 481 2707 nos
508 2633 572 2705 dici
598 2634 724 2725 solent,
757 2644 791 2706 et
816 2637 850 2706 in
876 2631 1158 2722 Praelationibns,
1186 2640 1242 2703 ant
1267 2632 1569 2724 Benedictionibus,

209 2772 288 2847 quae
313 2755 347 2822 in
376 2753 516 2846 antiquis
543 2749 712 2823 codicibus
728 2749 854 2823 Missae
873 2749 1051 2840 Gothicae,
1079 2746 1284 2840 Gallicanae,
1310 2748 1568 2841 Ambrosianae,

209 2864 455 2958 llosarabicae,
482 2877 539 2940 aut
564 2865 637 2939 aliis
663 2867 826 2959 legrmtur.
878 2866 932 2938 De
958 2865 1170 2957 dogmatibus
1203 2862 1450 2937 Ecclesiasticis
1483 2889 1568 2961 qnae

210 2981 413 3080 lliuitatem,
450 2994 506 3056 aut
537 2985 778 3056 incarnationis
810 2986 1004 3080 mysterium
1037 2991 1205 3078 spectant,
1239 3004 1346 3078 pauca
1380 2992 1568 3071 occnrnmt,

210 3104 278 3194 quia
304 3124 351 3172 ex
378 3123 444 3196 quo
472 3102 637 3172 extinctae
664 3110 739 3173 sunt
764 3098 924 3173 haereses
944 3122 1029 3194 quae
1043 3108 1216 3193 utmmque
1235 3097 1481 3194 oppugnabant,
1508 3102 1570 3170 vix

209 3216 278 3288 illae
304 3220 338 3287 in
365 3216 547 3289 Occidente
573 3216 862 3312 repullulaverunt.
914 3184 1020 3286 Unic⁰a
1047 3212 1154 3287 solum
1172 3221 1266 3284 extat
1281 3236 1367 3308 quae
1394 3217 1569 3286 etiamnum

209 3341 379 3429 naupatm
413 3336 446 3404 in
478 3331 566 3405 festo
593 3333 781 3422 TrinitatiS,
808 3331 896 3428 quod
922 3331 1000 3405 olim
1030 3353 1098 3403 non
1125 3329 1373 3423 celebrabatur,
1409 3333 1471 3404 nisi
1507 3332 1568 3405 sub

208 3454 334 3521 nomine
360 3448 557 3522 Dominicae
583 3451 710 3544 primae
741 3458 820 3545 post
851 3447 1000 3521 Octavus
1035 3446 1262 3529 Pentecostes.
1313 3447 1352 3518 In
1384 3469 1430 3529 ea,
1457 3447 1570 3520 Prae-

209 3565 330 3639 latione
369 3564 452 3638 tides
496 3566 664 3638 Trinitatis
705 3564 908 3638 enucleatius
941 3566 1146 3660 proponitur.
1202 3565 1256 3636 Dc
1289 3564 1425 3660 reliquis
1462 3587 1569 3660 pauca

209 3685 429 3778 reperiuntur,
470 3686 546 3777 quia
587 3680 789 3753 Nestoriana
824 3690 858 3752 et
890 3679 1159 3777 Monophpsitica
1193 3679 1354 3753 haereses
1389 3684 1497 3774 magis
1536 3684 1570 3753 in

210 3798 341 3871 Oriente
381 3821 478 3894 qaam
516 3802 549 3870 in
583 3796 765 3871 Occidente
790 3806 968 3891 grassatae
995 3806 1080 3869 sunt
1130 3796 1255 3868 Verum
1287 3822 1361 3869 enm
1389 3799 1422 3869 in
1454 3796 1570 3870 Aliica

209 3912 370 4011 Hispaniis
409 3916 519 3987 vicina
555 3924 590 3986 et
621 3915 654 3984 in
692 3912 808 3987 Galliis
850 3912 1031 4006 Pelagiana
1064 3913 1183 3986 multus
1215 3913 1403 4004 infecisset,
1435 3917 1469 3986 in
1504 3912 1568 3987 illis

210 4054 284 4125 qaas
312 4031 561 4123 designavimus
587 4028 792 4103 orationibus
819 4039 995 4103 occurrunt
1021 4027 1202 4125 permulta,
1230 4054 1316 4126 quae
1347 4030 1462 4104 fideles
1498 4033 1583 4105 do-'

209 4158 301 4220 ceant
327 4148 370 4220 da
396 4146 619 4220 imbecillitate
646 4168 724 4237 sua,
751 4145 793 4219 de
818 4149 1018 4219 necessitate
1045 4147 1175 4238 gratiae
1202 4145 1245 4218 ad
1270 4171 1368 4220 omne
1386 4168 1469 4244 opus
1495 4145 1565 4220 bo-

210 4287 296 4356 num,
324 4272 358 4335 et
383 4264 553 4335 doctrinae
581 4263 745 4338 adversus
763 4261 966 4355 Pelagianos
993 4272 1028 4334 ot
1045 4284 1160 4335 eorum
1177 4262 1346 4359 reliquias,
1373 4263 1566 4337 aOonciliis

209 4378 432 4476 promulgatae
459 4380 621 4476 capitibus
648 4402 806 4453 summam
834 4382 1032 4453 contineant.

307 4497 393 4571 Nihil
419 4521 521 4595 porro
556 4498 598 4571 ad
629 4500 836 4571 autoritatem
869 4500 1054 4570 orationum
1088 4494 1263 4569 Ecclesiae
1297 4496 1566 4585 confirmandam,
1596 4497 1795 4599 malatinae.
1808 4503 1885 4558 tce·

212 4616 366 4710 simulque
391 4614 617 4689 illustrandam
643 4618 785 4688 omnium
812 4614 1037 4687 Ecclesiamm
1063 4611 1266 4709 disciplinam
1287 4611 1566 4686 accommodatius
1579 4603 1608 4639 '⁰
1622 4592 1800 4643 ²⁰⁸³¹¹⁰⁰¹¹i¹¹¹¹l

215 4741 261 4801 est
282 4732 398 4805 verbis
426 4731 607 4805 Caelestini
631 4732 656 4805 Ι.
683 4731 868 4822 Pontificis,
895 4752 982 4826 quae
1007 4728 1130 4802 ideirco
1164 4728 1291 4802 referre
1323 4752 1448 4825 operae
1479 4746 1565 4824 pra-‘-
1579 4725 1678 4827 cedet
1697 4729 1746 4798 Er·
1764 4731 1800 4782 ai
1819 4730 1885 4783 Μ

214 4848 285 4920 tium
309 4852 380 4922 erit
432 4850 583 4921 Praeter
608 4848 822 4920 domnoniae
849 4854 883 4919 et
907 4845 1131 4941 Apostolicne
1145 4846 1236 4918 cedia
1250 4845 1463 4919 inviolabiles
1478 4869 1565 4918 εαη-
1577 4814 1694 4885 ’ΨΜ
1709 4816 1751 4870 ¹¹·

213 4967 351 5054 manea,
380 4965 498 5060 qnibro
523 4987 585 5037 noc
606 4966 751 5058 piissimi
776 4965 904 5036 Patres
924 4966 1094 5058 pestifero
1126 4965 1288 5035 novitatis
1320 4962 1467 5035 alatiano
1498 4964 1564 5034 de-

205 5082 305 5171 jecto,
321 5090 356 5155 et
368 5083 479 5154 bonae
492 5082 675 5154 volontatis
689 5082 845 5169 ceordic,
865 5087 899 5151 ei
914 5084 1122 5151 incrernento
1129 5078 1357 5175 probabilium
1370 5080 1563 5167 studiorum,
