4525 6034
403 605 582 684 illumin
608 605 639 683 S.
666 603 804 682 Jloosst
834 601 1005 682 EPISCOPl
1035 603 1319 699 semitonsis,
1347 618 1398 723 dc.
1524 600 1599 679 357
1701 628 1704 633 ’

224 819 285 869 sua
312 816 427 868 coram
453 798 627 887 majestate
654 804 728 881 tua,
756 802 790 864 et
816 795 927 864 emitte
953 792 1126 864 dextmam
1161 803 1250 864 tuam
1285 792 1418 890 plenam
1450 794 1599 865 misera-

223 911 387 1001 tionibus,
415 933 517 1007 super
542 919 675 983 coetum
699 908 785 981 huuc
812 908 1018 981 adorantium
1050 918 1093 980 te.
1152 907 1247 980 Mitte
1274 908 1318 981 ad
1351 931 1412 982 eos
1440 932 1486 981 ex
1512 910 1600 982 sub-

223 1029 292 1100 limi
334 1030 523 1100 sanetuario
563 1038 620 1099 tuo
664 1024 899 1097 abundantiam
932 1025 1218 1114 benedictionum,
1257 1023 1382 1097 fontem
1423 1023 1600 1115 bonorum,

225 1147 460 1236 scaturiginem
488 1145 687 1231 sanctitatis,
713 1144 866 1237 puritatis
893 1152 927 1213 et
953 1144 1113 1214 castitatis
1140 1144 1234 1214 rivos
1260 1163 1439 1237 perennes,
1465 1142 1522 1214 iae
1538 1164 1599 1214 eos
1671 1176 1674 1184 ·

224 1261 311 1334 lilios
339 1262 371 1331 et
397 1258 561 1331 haeredes
586 1261 621 1330 in
646 1280 754 1350 reguo
782 1267 838 1330 tuo
866 1258 1023 1347 coelesti,
1049 1280 1110 1354 per
1137 1279 1256 1354 pacem
1289 1256 1375 1329 hauc
1411 1281 1508 1353 quam
1540 1269 1597 1332 tuo

224 1376 390 1449 beneficio
418 1379 590 1472 suscipere
617 1400 637 1446 a
663 1386 696 1446 te
721 1379 920 1464 meruimus3
946 1385 980 1448 et
1004 1374 1190 1447 referemus
1216 1373 1276 1446 tibi
1300 1373 1441 1464 gloriam
1464 1384 1499 1447 et
1518 1373 1599 1446 lau-

226 1493 302 1566 dem
328 1493 489 1588 simulque
514 1495 685 1584 unigenito
711 1492 797 1564 Filio
824 1502 901 1580 tuo,
927 1501 962 1563 et
987 1492 1123 1588 Spiritui
1149 1501 1206 1563 tuo
1234 1500 1361 1562 sancto.

331 1609 493 1702 Populus.
546 1610 666 1683 Amen.

331 1725 515 1797 Sacerdos
568 1724 661 1796 Deus
688 1746 810 1816 magne
843 1734 877 1795 et
909 1733 1065 1812 aeterne,
1102 1745 1265 1820 superae,
1299 1724 1454 1813 excelse,
1490 1728 1599 1797 mira-

224 1841 301 1916 bilis
328 1853 363 1913 et
389 1838 604 1930 abscondite,
632 1844 687 1935 qui
712 1840 797 1913 lacis
824 1838 1083 1913 misericordiam
1110 1844 1145 1911 iu
1169 1839 1269 1911 mdlia
1296 1849 1331 1911 et
1356 1839 1473 1913 decem
1498 1839 1599 1913 millia

121 1960 128 1967 '
226 1981 342 2032 eorum
370 1959 425 2052 qui
452 1961 566 2030 timent
592 1969 642 2044 te,
668 1967 703 2029 et
729 1955 912 2030 observant
938 1967 1118 2054 praecepta
1145 1967 1216 2029 tua:
1245 1959 1300 2051 qui
1318 1958 1479 2030 revelasti
1500 1956 1599 2031 nobis

225 2097 288 2171 per
315 2074 494 2146 adventum
519 2076 679 2165 unigeniti
705 2074 780 2145 Filii
807 2078 853 2145 tui
879 2074 1012 2151 Domini
1039 2077 1145 2147 nostri
1170 2073 1253 2146 ,lesu
1288 2075 1429 2163 Christi,
1462 2086 1598 2171 myste-

226 2195 311 2263 rium
338 2189 428 2285 quod
454 2189 683 2293 absconditum
708 2189 818 2262 fuerat
844 2214 865 2261 a
892 2189 1036 2263 saeculis
1062 2201 1097 2262 et
1127 2192 1416 2283 generationibus:
1448 2194 1598 2287 praesti-

226 2310 361 2402 tistique
396 2315 431 2376 ut
464 2328 616 2380 essemus
649 2305 868 2393 mediatores,
904 2317 938 2378 et
973 2309 1114 2379 ministri
1150 2318 1433 2381 sacramentorum
1468 2319 1599 2380 urorum

227 2423 496 2497 venerandomm
523 2432 557 2494 et
583 2422 793 2495 coelestium:
820 2445 863 2494 ne
890 2427 1035 2520 aspicias
1061 2423 1223 2495 vilitatem
1248 2436 1408 2512 nostram,
1437 2425 1513 2519 quia
1539 2427 1598 2495 in-

227 2543 319 2635 digni
346 2561 459 2612 sumus
485 2538 667 2612 accedendi
692 2550 727 2611 et
752 2544 933 2636 participes
959 2541 1031 2613 fieri
1057 2562 1229 2613 munerum
1244 2550 1374 2614 tuorum
1395 2540 1599 2631 divinorum,

228 2659 290 2733 sed
315 2678 377 2754 per
403 2657 546 2748 gratiam
571 2665 659 2728 tuam
686 2667 720 2728 et
747 2679 897 2729 amorem
923 2669 1011 2730 tuum
1039 2680 1123 2750 erga
1149 2656 1316 2747 homines,
1350 2661 1450 2730 visita
1475 2679 1539 2731 nos
1564 2660 1599 2729 in

225 2772 453 2850 misericordia
481 2783 515 2844 et
540 2775 773 2862 miseratione,
800 2784 834 2845 et
858 2772 965 2847 libera
991 2796 1055 2847 nos
1083 2774 1126 2847 ab
1160 2777 1249 2847 omni
1283 2774 1359 2847 dolo
1396 2783 1430 2845 et
1462 2774 1599 2847 invidia.

225 2892 369 2984 Largire
395 2890 493 2963 nobis
520 2889 677 2986 Spiritum
702 2890 792 2962 illum
827 2901 915 2962 tuum
947 2901 1113 2979 sanctum,
1154 2890 1310 2987 Spiritum
1345 2894 1528 2986 sapientiae
1565 2899 1600 2964 et

224 3009 438 3106 prudentiae3
464 3007 623 3103 Spiritum
649 3007 809 3078 scientiae
835 3016 870 3078 et
893 3005 1106 3097 fortitudinis,
1132 3007 1291 3103 Spiritum
1317 3009 1535 3080 castimoniae
1564 3018 1599 3081 et

226 3126 430 3212 sanctitatis,
456 3123 613 3220 Spiritum
639 3124 784 3211 timoris,
811 3131 845 3194 et
869 3121 980 3195 bonae
1006 3123 1207 3215 voluntatis,
1233 3134 1269 3195 ut
1295 3126 1492 3219 aspersione
1508 3123 1597 3220 hys-

226 3246 302 3339 sopi
329 3242 374 3313 tui
401 3237 565 3330 mundati,
592 3249 630 3310 et.
652 3236 812 3329 abstersi,
839 3262 1026 3312 mereamur
1052 3240 1155 3313 corde
1180 3263 1266 3336 puro
1294 3252 1384 3315 stare
1418 3263 1533 3313 coram
1565 3251 1598 3313 te

226 3369 260 3430 et
284 3360 473 3430 ministrare
499 3353 576 3443 tibi,
604 3353 846 3451 offeramusque
873 3356 931 3429 tibi
957 3355 1155 3430 sacrificium
1181 3357 1246 3431 boc
1273 3356 1451 3430 timendum
1477 3367 1513 3429 et
1538 3359 1598 3427 in-

226 3483 407 3561 cruentum,
435 3473 479 3545 ad
504 3471 772 3567 consequendam
799 3476 932 3545 veniam
960 3473 1155 3547 delictorum
1180 3484 1383 3562 nostrorum,
1413 3485 1447 3546 et
1472 3477 1598 3546 remis·

225 3594 355 3663 sionem
391 3598 607 3686 peccatorum
646 3598 854 3660 nostrorum:
896 3589 938 3660 ad
972 3593 1166 3664 memoriam
1202 3591 1449 3681 defunctorum,
1483 3599 1520 3662 et
1555 3589 1598 3663 ad

225 3706 368 3800 gloriam
407 3718 495 3780 tuam
528 3706 621 3778 Deus
653 3707 775 3793 Pater,
814 3716 848 3776 et
880 3709 1039 3798 unigeniti
1065 3707 1162 3798 Filii,
1188 3716 1222 3780 et
1254 3708 1396 3804 Spiritus
1433 3709 1479 3779 tui
1511 3728 1598 3781 sau-

226 3826 374 3897 ctissimi.

330 3939 518 4011 Diaconos.
571 3937 705 4010 Stemus
733 3936 900 4010 decenter.

328 4055 513 4127 Sacerdos.
568 4050 699 4127 Caritas
726 4054 791 4125 Dei
816 4054 936 4126 Patris.

328 4171 513 4244 Sacerdos.
567 4170 706 4244 Sursum
734 4170 846 4243 corda.

330 4288 492 4383 Populos.
545 4286 716 4360 Habemus
743 4287 785 4358 ad
812 4288 999 4359 Dominum.

330 4405 514 4477 Sacerdos.
568 4402 700 4477 Gratias
728 4425 867 4496 agamus
895 4404 1049 4476 Domino.

329 4522 491 4615 Populos
543 4522 688 4613 Dignum
716 4530 751 4591 et
772 4524 896 4613 justum
923 4529 985 4592 est

330 4635 505 4709 Sacerdos
524 4637 722 4710 inclinatae.
775 4636 830 4711 Ad
856 4648 890 4709 te
916 4626 1009 4708 Deus
1037 4639 1183 4709 omnium
1208 4639 1368 4727 Domine,
1394 4638 1539 4710 timendo
1561 4647 1596 4709 et

225 4690 409 4841 laudande,
438 4764 472 4826 et
496 4752 626 4826 iaciens
652 4751 833 4841 mirabilia,
867 4755 968 4826 Pater
993 4757 1086 4826 vitae
1118 4763 1153 4825 et
1177 4744 1257 4827 Rex
1291 4758 1434 4827 omnium
1468 4778 1595 4829 saecu-

225 4869 351 4942 loram:
380 4869 509 4942 occulte
536 4892 601 4942 aec
626 4869 879 4963 investigabilis,
907 4869 1045 4944 excelse
1058 4892 1122 4943 nee
1138 4871 1462 4968 comprehensibilis3
1487 4894 1595 4969 prae-

226 4964 319 5058 dlare
350 4989 405 5081 qui
437 4985 527 5058 nullo
561 4986 626 5059 fine
660 4985 954 5060 circumscriberis.
1006 4987 1101 5059 Deus
1136 5010 1234 5083 quem
1268 4991 1403 5082 assequi
1436 4990 1595 5081 cogitatio

225 5122 294 5172 non
320 5110 449 5196 potest,
475 5104 577 5175 Pater
603 5116 637 5177 et
662 5107 795 5207 genitor
819 5105 953 5178 Domini
978 5108 1084 5177 nostri
1110 5103 1193 5180 lesu
1219 5102 1340 5177 Christi
1366 5104 1440 5176 Filii
1466 5108 1511 5177 tui
1539 5104 1595 5177 di-

1289 5215 1393 5297 48*
