4525 6034
1146 488 1462 626 laturario.

616 738 868 821 Genebrardus
914 745 979 821 etsi
1022 741 1223 844 linguarum
1262 739 1514 843 Orientalium,
1556 739 1755 819 Hebraicae
1792 744 1828 817 in
1870 743 1991 842 primis

518 885 522 896 '
614 880 762 979 peritus,
790 874 914 954 Ollicia
940 900 1040 954 sacra
1072 873 1302 951 Orientalium
1329 872 1424 952 nulla
1454 873 1613 952 viderat:
1645 875 1770 979 reliqui
1799 899 1846 981 ne
1870 879 1991 952 norni-

614 1014 690 1087 nari
728 1009 872 1114 quidem
904 1020 1095 1087 merentur.

344 1167 438 1220 nanos
461 1166 603 1219 ratarum
736 1142 871 1247 lllagno
902 1140 1018 1243 etiarn⁷
1051 1166 1098 1218 ne
1130 1138 1214 1244 quid
1252 1141 1401 1244 alicujus
1428 1140 1583 1218 utilitatis
1618 1140 1685 1219 hac
1717 1144 1752 1218 in
1784 1144 1991 1221 tractatione

293 1251 403 1307 (Μεθ’
421 1252 545 1305 ‘'m“
615 1288 848 1380 praestarent,
882 1275 948 1354 illis
982 1273 1235 1378 impedimento
1267 1273 1332 1352 luit
1363 1272 1514 1352 Critioes
1552 1278 1781 1353 accuratioris
1814 1273 1991 1376 deiectus,

617 1436 699 1488 curn
736 1408 782 1485 illi
813 1407 907 1510 duo,
943 1407 1028 1486 dum
1064 1406 1259 1509 Liturgiam
1300 1405 1545 1510 Apostolicam
1583 1407 1775 1512 designare
1814 1419 1991 1512 satagunt

617 1545 713 1622 falsis
740 1536 904 1620 veterum
925 1540 1189 1619 Pontificiarum
1213 1539 1453 1642 Epistularum
1480 1540 1654 1643 Dionysii,
1678 1538 1871 1619 Clementis
1898 1542 1991 1620 alio-

617 1702 772 1780 rumque
802 1677 965 1755 similium
993 1678 1208 1777 scriptorum
1237 1676 1459 1776 testimoniis⁷
1492 1679 1609 1753 omnia
1638 1700 1703 1753 sua
1734 1679 1863 1778 scripta
1895 1700 1991 1753 one-

616 1814 791 1891 raverint:
826 1812 979 1889 certiora
1006 1821 1066 1888 aut
1085 1811 1341 1913 ignoraverint
1368 1820 1428 1887 aut
1446 1809 1682 1911 neglexerint
1715 1807 1790 1886 Sed
1817 1833 1937 1915 neque
1961 1814 1992 1889 is

616 1948 677 2058 qui
696 1946 831 2049 primus
849 1939 994 2022 Graecis
1013 1942 1138 2022 ritibus
1158 1940 1375 2047 explicandis
1404 1941 1616 2020 laudabilem
1639 1967 1725 2046 prae
1747 1942 1893 2046 reliquis
1920 1945 1992 2021 im-

615 2075 738 2182 pendit
760 2101 907 2181 operarn
930 2075 1088 2157 lacobus
1112 2073 1264 2155 Goarius
1288 2101 1333 2153 ex
1354 2074 1587 2154 Dominicana
1619 2076 1758 2179 familia,
1788 2101 1834 2154 eo
1868 2100 1992 2154 errore

618 2212 747 2289 caruit:
775 2214 834 2313 qui
856 2209 1001 2315 quidem
1022 2213 1052 2289 si
1075 2234 1159 2288 cum
1185 2205 1332 2289 Graecis
1353 2213 1539 2313 negotium
1559 2212 1615 2311 sit,
1635 2212 1800 2287 innoxius
1825 2221 1892 2312 est,
1910 2234 1992 2286 nam

617 2348 830 2448 scriptorum
850 2343 990 2424 illomm
1014 2346 1182 2423 autoritas
1208 2343 1302 2446 apud
1323 2367 1388 2423 eos
1406 2346 1517 2446 viget
1548 2342 1685 2420 Vemm
1706 2341 1880 2421 adversus
1895 2340 1993 2420 Pro·
2051 2339 2055 2347 ’

616 2489 787 2559 testantes
821 2502 895 2556 non
923 2477 1089 2557 inutiliter
1120 2475 1242 2577 modo,
1273 2476 1470 2557 sedetiam
1501 2477 1704 2579 periculose
1741 2476 1868 2554 talibus
1901 2476 1993 2556 sub-

617 2612 715 2692 sidiis
745 2623 944 2715 pugnatum
977 2622 1050 2689 est:
1087 2635 1129 2688 ea
1158 2613 1251 2688 enim
1285 2623 1494 2715 argumenta
1532 2610 1635 2688 iacile
1659 2609 1880 2710 refellebant
1905 2633 1994 2717 'oum

616 2758 762 2827 veteres
798 2744 989 2849 Liturgias‚
1029 2747 1130 2848 quasi
1157 2768 1230 2823 non
1261 2743 1402 2822 aliunde
1438 2744 1580 2851 stabiliri
1612 2754 1738 2847 posset
1767 2743 1904 2821 illarum
1936 2743 1996 2820 di-

615 2882 733 2984 gnitas
766 2889 802 2956 et
833 2881 1023 2979 autoritas,
1055 2881 1146 2955 inter
1180 2880 1400 2980 supposititia
1438 2882 1568 2981 scripta
1600 2880 1699 2982 rejici
1734 2876 1869 2956 debere
1902 2901 1997 2955 con·

617 3012 815 3093 tenderent.

320 3167 439 3221 ozenam
455 3168 604 3238 aracrpnnae
738 3145 906 3226 Accessit
942 3148 1068 3247 etiam,
1115 3143 1214 3248 quod
1255 3169 1336 3222 cunr
1375 3145 1538 3248 plerique
1576 3156 1738 3223 veterem
1780 3142 1999 3245 disciplinam

296 3257 393 3307 '⁰¹⁹⁶'
411 3256 545 3324 imnum
617 3305 689 3359 non
729 3305 775 3369 ex
806 3282 986 3358 communi
1029 3278 1258 3356 saeculorum
1288 3282 1447 3356 omnium
1475 3276 1686 3379 traditione7
1715 3289 1751 3355 et
1787 3259 1998 3355 continuatis

616 3413 862 3495 Ecclesiarum
901 3412 1088 3513 exemplis,
1120 3415 1235 3489 metiri
1267 3411 1414 3512 vellent7
1449 3410 1515 3490 sed
1544 3436 1591 3489 ex
1624 3414 1679 3489 sui
1711 3413 1883 3512 temporis
1913 3434 1997 3487 mo-

617 3546 717 3625 ribus
744 3557 780 3624 et
806 3547 983 3647 institutis
1016 3556 1155 3623 temere
1194 3546 1340 3622 nimium
1371 3543 1542 3649 quidquid
1575 3570 1596 3623 a
1628 3544 1772 3623 Latinae
1810 3543 1998 3622 Ecclesiae

620 3677 879 3758 consuetudine
907 3677 967 3755 vel
1007 3680 1190 3755 minimum
1222 3676 1427 3779 recedebat,
1459 3677 1627 3756 damnare
1666 3702 1740 3755 non
1769 3679 1873 3754 veriti
1905 3688 1998 3777 sunt,

621 3838 693 3917 qua
730 3814 866 3891 ratione
900 3810 1056 3912 lactum,
1099 3822 1139 3888 ut
1176 3809 1370 3889 traditionis
1409 3823 1582 3913 perpetua
1626 3812 1810 3890 successio
1852 3809 1998 3912 abrupta

617 3944 823 4045 videretur,
866 3968 986 4047 neque
1031 3943 1141 4022 ullum
1175 3942 1349 4024 adversus
1391 3969 1601 4023 communes
1634 3943 1757 4022 bostes
1793 3953 2001 4047 superesset

618 4080 654 4155 in
693 4089 836 4157 aeterna
866 4077 958 4155 illius
983 4080 1168 4156 autoritate
1196 4077 1421 4180 praesidium.
1483 4076 1576 4157 Hinc
1603 4090 1706 4155 natae
1734 4088 1816 4158 sunt
1844 4089 1897 4156 tot
1930 4074 1999 4153 ad-

619 4236 749 4291 versus
793 4207 952 4290 Graecos
991 4214 1263 4313 accusationes,
1305 4211 1391 4289 dum
1435 4213 1497 4288 vix
1538 4209 1731 4315 quidquam
1778 4214 1815 4288 in
1859 4210 1999 4288 illorum
2060 4308 2068 4331 ⁸

621 4348 733 4425 sacris
760 4345 994 4423 caeremoniis
1026 4368 1047 4421 a
1069 4368 1221 4423 censura
1255 4343 1552 4424 inoliiciosissima
1576 4347 1743 4423 intactum
1767 4343 1999 4449 reliquerunt

623 4483 728 4556 etiam
756 4477 803 4555 illi
833 4479 894 4581 qui
929 4475 1144 4556 concordiae
1173 4477 1416 4557 conciliandae
1450 4504 1558 4559 causa
1593 4482 1630 4556 in
1662 4478 1845 4556 Orientem
1877 4479 1999 4556 mitte-

622 4611 766 4690 bantur:
809 4610 938 4715 quibus
979 4609 1181 4690 exacerbati
1222 4616 1347 4715 animi⁷
1390 4616 1426 4693 in
1469 4611 1591 4691 odium
1629 4610 1860 4713 inexpiabile,
1902 4609 1999 4713 quod

623 4745 788 4824 luctuoso
820 4744 963 4823 tandem
993 4744 1173 4825 schismati
1208 4749 1437 4826 occasionem
1468 4744 1577 4847 dedit,
1613 4755 1817 4847 eruperunt.

348 4899 433 4953 rma
456 4899 564 4952 racanas
582 4900 610 4952 n
745 4875 961 4957 Prodierunt
1000 4877 1132 4957 deinde
1179 4905 1225 4958 ex
1267 4878 1476 4959 eorumdem
1515 4878 1698 4957 bominum
1737 4881 1797 4983 qui
1839 4888 2001 4955 veterem
2053 4897 2056 4901 ’

293 4986 443 5139 {Jfflf
485 4984 610 5040 ⁰¹¹⁰¹¹¹⁸¹i
623 5009 841 5113 disciplinam
870 5011 1093 5115 ignorabant,
1117 5012 1274 5117 judiciis,
1304 5024 1401 5092 ratae
1425 5012 1836 5117 quaedamsententiae,
1862 5033 2000 5089 secun-
