<?xml version="1.0" encoding="UTF-8"?>
<!DOCTYPE html PUBLIC "-//W3C//DTD XHTML 1.0 Transitional//EN"
    "http://www.w3.org/TR/xhtml1/DTD/xhtml1-transitional.dtd">
<html xmlns="http://www.w3.org/1999/xhtml" xml:lang="en" lang="en">
 <head>
  <title>
</title>
<meta http-equiv="Content-Type" content="text/html;charset=utf-8" />
  <meta name='ocr-system' content='tesseract 3.04.00' />
  <meta name='ocr-capabilities' content='ocr_page ocr_carea ocr_par ocr_line ocrx_word'/>
</head>
<body>
  <div class='ocr_page' id='page_1' title='image "./liturgiarumorie00unkngoog/liturgiarumorie00unkngoog_0104.png"; bbox 0 0 4525 6034; ppageno 0'>
   <div class='ocr_carea' id='block_1_1' title="bbox 664 542 1579 623">
    <p class='ocr_par' dir='ltr' id='par_1_1' title="bbox 664 542 1579 623">
     <span class='ocr_line' id='line_1_1' title="bbox 664 542 1579 623; baseline -0.012 7"><span class='ocrx_word' id='word_1_1' title='bbox 664 542 794 617; x_wconf 70' lang='grc' dir='ltr'>ῙιΧΧΠ</span> <span class='ocrx_word' id='word_1_2' title='bbox 1190 543 1579 623; x_wconf 78' lang='lat' dir='ltr'><strong>bissinunuto</strong></span> 
     </span>
    </p>
   </div>
   <div class='ocr_carea' id='block_1_2' title="bbox 660 729 2047 3015">
    <p class='ocr_par' dir='ltr' id='par_1_2' title="bbox 660 729 2047 3015">
     <span class='ocr_line' id='line_1_2' title="bbox 664 729 2043 828; baseline -0.001 -21"><span class='ocrx_word' id='word_1_3' title='bbox 664 734 868 821; x_wconf 83' lang='lat' dir='ltr'><strong>inferantur,</strong></span> <span class='ocrx_word' id='word_1_4' title='bbox 896 731 986 827; x_wconf 80' lang='lat' dir='ltr'><strong>qurod</strong></span> <span class='ocrx_word' id='word_1_5' title='bbox 1010 732 1135 828; x_wconf 90' lang='lat' dir='ltr'><strong>ubique</strong></span> <span class='ocrx_word' id='word_1_6' title='bbox 1160 731 1196 803; x_wconf 89' lang='lat' dir='ltr'><strong>lit</strong></span> <span class='ocrx_word' id='word_1_7' title='bbox 1221 751 1343 823; x_wconf 86' lang='lat' dir='ltr'><strong>magna</strong></span> <span class='ocrx_word' id='word_1_8' title='bbox 1371 753 1445 802; x_wconf 92' lang='lat' dir='ltr'><strong>cum</strong></span> <span class='ocrx_word' id='word_1_9' title='bbox 1471 733 1676 820; x_wconf 87' lang='lat' dir='ltr'><strong>reverentia,</strong></span> <span class='ocrx_word' id='word_1_10' title='bbox 1702 730 1886 824; x_wconf 80' lang='lat' dir='ltr'>ritibusque</span> <span class='ocrx_word' id='word_1_11' title='bbox 1909 729 2043 806; x_wconf 85' lang='lat' dir='ltr'><strong>Graeco</strong></span> 
     </span>
     <span class='ocr_line' id='line_1_3' title="bbox 665 846 2045 940; baseline -0.003 -16"><span class='ocrx_word' id='word_1_12' title='bbox 665 850 848 925; x_wconf 79' lang='lat' dir='ltr'><strong>simillimis.</strong></span> <span class='ocrx_word' id='word_1_13' title='bbox 903 848 969 934; x_wconf 82' lang='lat' dir='ltr'><strong>oui</strong></span> <span class='ocrx_word' id='word_1_14' title='bbox 995 870 1081 920; x_wconf 89' lang='lat' dir='ltr'><strong>vero</strong></span> <span class='ocrx_word' id='word_1_15' title='bbox 1110 847 1274 919; x_wconf 90' lang='lat' dir='ltr'><strong>elementa</strong></span> <span class='ocrx_word' id='word_1_16' title='bbox 1303 855 1479 940; x_wconf 79' lang='lat' dir='ltr'><strong>antequam</strong></span> <span class='ocrx_word' id='word_1_17' title='bbox 1494 856 1695 918; x_wconf 84' lang='lat' dir='ltr'><strong>consecrata</strong></span> <span class='ocrx_word' id='word_1_18' title='bbox 1709 850 1785 936; x_wconf 83' lang='lat' dir='ltr'><strong>sint,</strong></span> <span class='ocrx_word' id='word_1_19' title='bbox 1802 854 1894 917; x_wconf 90' lang='lat' dir='ltr'><strong>tanto</strong></span> <span class='ocrx_word' id='word_1_20' title='bbox 1916 846 2045 920; x_wconf 81' lang='lat' dir='ltr'>honore</span> 
     </span>
     <span class='ocr_line' id='line_1_4' title="bbox 663 959 2046 1061; baseline 0 -26"><span class='ocrx_word' id='word_1_21' title='bbox 663 975 925 1061; x_wconf 89' lang='lat' dir='ltr'><strong>prosequuntur,</strong></span> <span class='ocrx_word' id='word_1_22' title='bbox 953 987 999 1035; x_wconf 90' lang='lat' dir='ltr'><strong>ex</strong></span> <span class='ocrx_word' id='word_1_23' title='bbox 1023 962 1135 1034; x_wconf 82' lang='lat' dir='ltr'><strong>futura</strong></span> <span class='ocrx_word' id='word_1_24' title='bbox 1161 965 1216 1033; x_wconf 91' lang='lat' dir='ltr'><strong>cui</strong></span> <span class='ocrx_word' id='word_1_25' title='bbox 1243 960 1408 1034; x_wconf 86' lang='lat' dir='ltr'><strong>destinata</strong></span> <span class='ocrx_word' id='word_1_26' title='bbox 1435 971 1511 1033; x_wconf 91' lang='lat' dir='ltr'><strong>sunt</strong></span> <span class='ocrx_word' id='word_1_27' title='bbox 1537 961 1716 1053; x_wconf 87' lang='lat' dir='ltr'><strong>dignitate,</strong></span> <span class='ocrx_word' id='word_1_28' title='bbox 1742 983 1841 1033; x_wconf 89' lang='lat' dir='ltr'><strong>nemo</strong></span> <span class='ocrx_word' id='word_1_29' title='bbox 1856 959 1956 1033; x_wconf 82' lang='lat' dir='ltr'><strong>facile</strong></span> <span class='ocrx_word' id='word_1_30' title='bbox 1981 984 2046 1035; x_wconf 88' lang='lat' dir='ltr'><strong>eos</strong></span> 
     </span>
     <span class='ocr_line' id='line_1_5' title="bbox 663 1073 2046 1173; baseline -0.001 -22"><span class='ocrx_word' id='word_1_31' title='bbox 663 1078 905 1152; x_wconf 86' lang='lat' dir='ltr'><strong>Eucharistiam</strong></span> <span class='ocrx_word' id='word_1_32' title='bbox 932 1100 1000 1150; x_wconf 94' lang='lat' dir='ltr'><strong>non</strong></span> <span class='ocrx_word' id='word_1_33' title='bbox 1028 1077 1172 1148; x_wconf 85' lang='lat' dir='ltr'><strong>adorare</strong></span> <span class='ocrx_word' id='word_1_34' title='bbox 1199 1073 1408 1149; x_wconf 74' lang='lat' dir='ltr'><strong>existimabit.</strong></span> <span class='ocrx_word' id='word_1_35' title='bbox 1460 1073 1512 1145; x_wconf 85' lang='lat' dir='ltr'><strong>Ea</strong></span> <span class='ocrx_word' id='word_1_36' title='bbox 1539 1080 1682 1147; x_wconf 89' lang='lat' dir='ltr'><strong>sanein</strong></span> <span class='ocrx_word' id='word_1_37' title='bbox 1707 1086 1911 1173; x_wconf 87' lang='lat' dir='ltr'><strong>partequae</strong></span> <span class='ocrx_word' id='word_1_38' title='bbox 1936 1100 2046 1173; x_wconf 89' lang='lat' dir='ltr'><strong>prae-</strong></span> 
     </span>
     <span class='ocr_line' id='line_1_6' title="bbox 662 1190 2044 1291; baseline -0.001 -25"><span class='ocrx_word' id='word_1_39' title='bbox 662 1197 832 1291; x_wconf 71' lang='lat' dir='ltr'><strong>paratoria</strong></span> <span class='ocrx_word' id='word_1_40' title='bbox 858 1202 981 1265; x_wconf 78' lang='lat' dir='ltr'><strong>tentum</strong></span> <span class='ocrx_word' id='word_1_41' title='bbox 1010 1202 1081 1281; x_wconf 90' lang='lat' dir='ltr'><strong>est,</strong></span> <span class='ocrx_word' id='word_1_42' title='bbox 1109 1190 1332 1264; x_wconf 79' lang='lat' dir='ltr'><strong>Orientalibus</strong></span> <span class='ocrx_word' id='word_1_43' title='bbox 1359 1213 1401 1262; x_wconf 88' lang='lat' dir='ltr'><strong>ea</strong></span> <span class='ocrx_word' id='word_1_44' title='bbox 1426 1190 1499 1262; x_wconf 89' lang='lat' dir='ltr'><strong>laus</strong></span> <span class='ocrx_word' id='word_1_45' title='bbox 1526 1190 1685 1281; x_wconf 89' lang='lat' dir='ltr'><strong>debetur,</strong></span> <span class='ocrx_word' id='word_1_46' title='bbox 1719 1190 1809 1286; x_wconf 92' lang='lat' dir='ltr'><strong>quod</strong></span> <span class='ocrx_word' id='word_1_47' title='bbox 1836 1190 2044 1265; x_wconf 88' lang='lat' dir='ltr'><strong>Occidenta-</strong></span> 
     </span>
     <span class='ocr_line' id='line_1_7' title="bbox 661 1304 2045 1402; baseline 0 -22"><span class='ocrx_word' id='word_1_48' title='bbox 661 1309 741 1382; x_wconf 89' lang='lat' dir='ltr'><strong>hum</strong></span> <span class='ocrx_word' id='word_1_49' title='bbox 768 1308 971 1399; x_wconf 85' lang='lat' dir='ltr'><strong>diligentiam</strong></span> <span class='ocrx_word' id='word_1_50' title='bbox 1003 1306 1107 1399; x_wconf 91' lang='lat' dir='ltr'><strong>longe</strong></span> <span class='ocrx_word' id='word_1_51' title='bbox 1134 1315 1302 1402; x_wconf 89' lang='lat' dir='ltr'><strong>superant.</strong></span> <span class='ocrx_word' id='word_1_52' title='bbox 1355 1304 1462 1378; x_wconf 87' lang='lat' dir='ltr'><strong>Nelas</strong></span> <span class='ocrx_word' id='word_1_53' title='bbox 1496 1308 1582 1377; x_wconf 91' lang='lat' dir='ltr'><strong>enim</strong></span> <span class='ocrx_word' id='word_1_54' title='bbox 1620 1305 1706 1401; x_wconf 89' lang='lat' dir='ltr'><strong>apud</strong></span> <span class='ocrx_word' id='word_1_55' title='bbox 1742 1305 1817 1378; x_wconf 88' lang='lat' dir='ltr'><strong>illos</strong></span> <span class='ocrx_word' id='word_1_56' title='bbox 1849 1304 2045 1398; x_wconf 87' lang='lat' dir='ltr'><strong>haberetur,</strong></span> 
     </span>
     <span class='ocr_line' id='line_1_8' title="bbox 662 1421 2044 1517; baseline 0.001 -22"><span class='ocrx_word' id='word_1_57' title='bbox 662 1424 785 1497; x_wconf 80' lang='lat' dir='ltr'><strong>offerre</strong></span> <span class='ocrx_word' id='word_1_58' title='bbox 811 1422 853 1494; x_wconf 86' lang='lat' dir='ltr'><strong>ed</strong></span> <span class='ocrx_word' id='word_1_59' title='bbox 881 1423 986 1495; x_wconf 86' lang='lat' dir='ltr'><strong>altare</strong></span> <span class='ocrx_word' id='word_1_60' title='bbox 1012 1444 1152 1517; x_wconf 88' lang='lat' dir='ltr'><strong>panem,</strong></span> <span class='ocrx_word' id='word_1_61' title='bbox 1180 1424 1235 1517; x_wconf 93' lang='lat' dir='ltr'><strong>qui</strong></span> <span class='ocrx_word' id='word_1_62' title='bbox 1262 1444 1282 1492; x_wconf 89' lang='lat' dir='ltr'><strong>a</strong></span> <span class='ocrx_word' id='word_1_63' title='bbox 1306 1421 1537 1494; x_wconf 87' lang='lat' dir='ltr'><strong>sacerdotibus</strong></span> <span class='ocrx_word' id='word_1_64' title='bbox 1550 1422 1780 1495; x_wconf 88' lang='lat' dir='ltr'><strong>velDiaconis</strong></span> <span class='ocrx_word' id='word_1_65' title='bbox 1793 1425 1827 1493; x_wconf 92' lang='lat' dir='ltr'><strong>in</strong></span> <span class='ocrx_word' id='word_1_66' title='bbox 1846 1428 2044 1513; x_wconf 87' lang='lat' dir='ltr'><strong>secretario,</strong></span> 
     </span>
     <span class='ocr_line' id='line_1_9' title="bbox 663 1535 2044 1632; baseline 0 -22"><span class='ocrx_word' id='word_1_67' title='bbox 663 1549 720 1611; x_wconf 91' lang='lat' dir='ltr'><strong>aut</strong></span> <span class='ocrx_word' id='word_1_68' title='bbox 747 1548 844 1611; x_wconf 86' lang='lat' dir='ltr'><strong>extra</strong></span> <span class='ocrx_word' id='word_1_69' title='bbox 869 1537 1058 1610; x_wconf 87' lang='lat' dir='ltr'><strong>Ecclesiam</strong></span> <span class='ocrx_word' id='word_1_70' title='bbox 1084 1560 1105 1609; x_wconf 93' lang='lat' dir='ltr'><strong>a</strong></span> <span class='ocrx_word' id='word_1_71' title='bbox 1132 1535 1287 1612; x_wconf 79' lang='lat' dir='ltr'><strong>foeminis</strong></span> <span class='ocrx_word' id='word_1_72' title='bbox 1313 1536 1502 1630; x_wconf 80' lang='lat' dir='ltr'><strong>religiosis,</strong></span> <span class='ocrx_word' id='word_1_73' title='bbox 1529 1546 1586 1608; x_wconf 87' lang='lat' dir='ltr'><strong>aut</strong></span> <span class='ocrx_word' id='word_1_74' title='bbox 1611 1538 1785 1632; x_wconf 77' lang='lat' dir='ltr'><strong>PapadiiS,</strong></span> <span class='ocrx_word' id='word_1_75' title='bbox 1819 1540 1893 1609; x_wconf 89' lang='lat' dir='ltr'><strong>sive</strong></span> <span class='ocrx_word' id='word_1_76' title='bbox 1919 1560 2044 1610; x_wconf 86' lang='lat' dir='ltr'><strong>sacer-</strong></span> 
     </span>
     <span class='ocr_line' id='line_1_10' title="bbox 663 1650 2045 1748; baseline 0.001 -24"><span class='ocrx_word' id='word_1_77' title='bbox 663 1653 775 1726; x_wconf 92' lang='lat' dir='ltr'><strong>dotum</strong></span> <span class='ocrx_word' id='word_1_78' title='bbox 800 1653 981 1740; x_wconf 73' lang='lat' dir='ltr'><strong>uxoribus,</strong></span> <span class='ocrx_word' id='word_1_79' title='bbox 1006 1662 1144 1748; x_wconf 89' lang='lat' dir='ltr'><strong>paratus</strong></span> <span class='ocrx_word' id='word_1_80' title='bbox 1170 1674 1238 1722; x_wconf 94' lang='lat' dir='ltr'><strong>non</strong></span> <span class='ocrx_word' id='word_1_81' title='bbox 1263 1650 1398 1725; x_wconf 81' lang='lat' dir='ltr'><strong>luisset:</strong></span> <span class='ocrx_word' id='word_1_82' title='bbox 1427 1662 1483 1724; x_wconf 89' lang='lat' dir='ltr'><strong>aut</strong></span> <span class='ocrx_word' id='word_1_83' title='bbox 1509 1655 1621 1724; x_wconf 89' lang='lat' dir='ltr'><strong>vinum</strong></span> <span class='ocrx_word' id='word_1_84' title='bbox 1648 1675 1696 1724; x_wconf 89' lang='lat' dir='ltr'><strong>ex</strong></span> <span class='ocrx_word' id='word_1_85' title='bbox 1717 1651 1895 1747; x_wconf 88' lang='lat' dir='ltr'><strong>oenopolio</strong></span> <span class='ocrx_word' id='word_1_86' title='bbox 1916 1664 2045 1748; x_wconf 88' lang='lat' dir='ltr'><strong>petere.</strong></span> 
     </span>
     <span class='ocr_line' id='line_1_11' title="bbox 660 1765 2047 1864; baseline -0.001 -24"><span class='ocrx_word' id='word_1_87' title='bbox 660 1768 765 1840; x_wconf 85' lang='lat' dir='ltr'><strong>blulta</strong></span> <span class='ocrx_word' id='word_1_88' title='bbox 791 1772 917 1864; x_wconf 89' lang='lat' dir='ltr'><strong>pariter</strong></span> <span class='ocrx_word' id='word_1_89' title='bbox 943 1768 987 1839; x_wconf 87' lang='lat' dir='ltr'><strong>ad</strong></span> <span class='ocrx_word' id='word_1_90' title='bbox 1013 1767 1120 1840; x_wconf 89' lang='lat' dir='ltr'><strong>solum</strong></span> <span class='ocrx_word' id='word_1_91' title='bbox 1149 1767 1306 1839; x_wconf 90' lang='lat' dir='ltr'><strong>decorem</strong></span> <span class='ocrx_word' id='word_1_92' title='bbox 1338 1771 1539 1863; x_wconf 83' lang='lat' dir='ltr'><strong>spectantia,</strong></span> <span class='ocrx_word' id='word_1_93' title='bbox 1573 1767 1669 1839; x_wconf 87' lang='lat' dir='ltr'><strong>aliter</strong></span> <span class='ocrx_word' id='word_1_94' title='bbox 1701 1789 1721 1837; x_wconf 92' lang='lat' dir='ltr'><strong>a</strong></span> <span class='ocrx_word' id='word_1_95' title='bbox 1757 1765 1917 1855; x_wconf 87' lang='lat' dir='ltr'><strong>Graecis,</strong></span> <span class='ocrx_word' id='word_1_96' title='bbox 1950 1769 2047 1840; x_wconf 87' lang='lat' dir='ltr'><strong>aliter</strong></span> 
     </span>
     <span class='ocr_line' id='line_1_12' title="bbox 662 1881 2045 1978; baseline -0.001 -21"><span class='ocrx_word' id='word_1_97' title='bbox 662 1885 704 1957; x_wconf 85' lang='lat' dir='ltr'><strong>ab</strong></span> <span class='ocrx_word' id='word_1_98' title='bbox 733 1883 805 1955; x_wconf 90' lang='lat' dir='ltr'><strong>oliis</strong></span> <span class='ocrx_word' id='word_1_99' title='bbox 833 1882 1065 1958; x_wconf 81' lang='lat' dir='ltr'><strong>observantru.</strong></span> <span class='ocrx_word' id='word_1_100' title='bbox 1121 1889 1245 1960; x_wconf 88' lang='lat' dir='ltr'><strong>Verum</strong></span> <span class='ocrx_word' id='word_1_101' title='bbox 1270 1886 1502 1978; x_wconf 88' lang='lat' dir='ltr'><strong>pronunciatio</strong></span> <span class='ocrx_word' id='word_1_102' title='bbox 1528 1883 1687 1974; x_wconf 87' lang='lat' dir='ltr'><strong>religiosa</strong></span> <span class='ocrx_word' id='word_1_103' title='bbox 1708 1881 1892 1954; x_wconf 85' lang='lat' dir='ltr'><strong>verborum</strong></span> <span class='ocrx_word' id='word_1_104' title='bbox 1910 1881 2045 1976; x_wconf 83' lang='lat' dir='ltr'><strong>Christi,</strong></span> 
     </span>
     <span class='ocr_line' id='line_1_13' title="bbox 661 1995 2044 2091; baseline -0.004 -19"><span class='ocrx_word' id='word_1_105' title='bbox 661 1999 856 2072; x_wconf 88' lang='lat' dir='ltr'><strong>acclamatio</strong></span> <span class='ocrx_word' id='word_1_106' title='bbox 869 2004 937 2072; x_wconf 82' lang='grc' dir='ltr'><strong>τοῦ</strong></span> <span class='ocrx_word' id='word_1_107' title='bbox 949 2001 1070 2087; x_wconf 81' lang='lat' dir='ltr'><strong>Amen,</strong></span> <span class='ocrx_word' id='word_1_108' title='bbox 1098 1998 1138 2070; x_wconf 91' lang='lat' dir='ltr'><strong>ad</strong></span> <span class='ocrx_word' id='word_1_109' title='bbox 1161 1999 1279 2071; x_wconf 87' lang='lat' dir='ltr'><strong>eadem</strong></span> <span class='ocrx_word' id='word_1_110' title='bbox 1295 1996 1419 2070; x_wconf 83' lang='lat' dir='ltr'><strong>verba:</strong></span> <span class='ocrx_word' id='word_1_111' title='bbox 1446 2001 1618 2071; x_wconf 87' lang='lat' dir='ltr'><strong>invocatio</strong></span> <span class='ocrx_word' id='word_1_112' title='bbox 1631 1998 1773 2091; x_wconf 85' lang='lat' dir='ltr'><strong>Spiritus</strong></span> <span class='ocrx_word' id='word_1_113' title='bbox 1789 2000 1907 2087; x_wconf 85' lang='lat' dir='ltr'><strong>sancti,</strong></span> <span class='ocrx_word' id='word_1_114' title='bbox 1924 1995 2044 2067; x_wconf 80' lang='lat' dir='ltr'><strong>fractio</strong></span> 
     </span>
     <span class='ocr_line' id='line_1_14' title="bbox 662 2111 2045 2210; baseline -0.004 -22"><span class='ocrx_word' id='word_1_115' title='bbox 662 2115 813 2205; x_wconf 89' lang='lat' dir='ltr'><strong>oblatae,</strong></span> <span class='ocrx_word' id='word_1_116' title='bbox 841 2117 920 2184; x_wconf 93' lang='lat' dir='ltr'><strong>unio</strong></span> <span class='ocrx_word' id='word_1_117' title='bbox 948 2116 1073 2210; x_wconf 87' lang='lat' dir='ltr'><strong>speciei</strong></span> <span class='ocrx_word' id='word_1_118' title='bbox 1099 2117 1286 2208; x_wconf 89' lang='lat' dir='ltr'><strong>utriusque:</strong></span> <span class='ocrx_word' id='word_1_119' title='bbox 1315 2111 1459 2185; x_wconf 91' lang='lat' dir='ltr'><strong>elevatio</strong></span> <span class='ocrx_word' id='word_1_120' title='bbox 1480 2112 1729 2201; x_wconf 76' lang='lat' dir='ltr'><strong>Eucharistiae,</strong></span> <span class='ocrx_word' id='word_1_121' title='bbox 1756 2135 1829 2184; x_wconf 91' lang='lat' dir='ltr'><strong>cum</strong></span> <span class='ocrx_word' id='word_1_122' title='bbox 1848 2111 2045 2183; x_wconf 88' lang='lat' dir='ltr'><strong>inclamatur</strong></span> 
     </span>
     <span class='ocr_line' id='line_1_15' title="bbox 661 2226 2045 2324; baseline -0.004 -23"><span class='ocrx_word' id='word_1_123' title='bbox 661 2230 795 2301; x_wconf 80' lang='lat' dir='ltr'><strong>Sancto</strong></span> <span class='ocrx_word' id='word_1_124' title='bbox 820 2229 978 2300; x_wconf 76' lang='lat' dir='ltr'><strong>Soractis:</strong></span> <span class='ocrx_word' id='word_1_125' title='bbox 1007 2227 1179 2324; x_wconf 86' lang='lat' dir='ltr'><strong>disciplina</strong></span> <span class='ocrx_word' id='word_1_126' title='bbox 1206 2227 1249 2299; x_wconf 90' lang='lat' dir='ltr'><strong>ad</strong></span> <span class='ocrx_word' id='word_1_127' title='bbox 1264 2230 1527 2299; x_wconf 87' lang='lat' dir='ltr'><strong>communionem</strong></span> <span class='ocrx_word' id='word_1_128' title='bbox 1547 2226 1815 2318; x_wconf 88' lang='lat' dir='ltr'><strong>distribuendam,</strong></span> <span class='ocrx_word' id='word_1_129' title='bbox 1842 2229 1876 2296; x_wconf 92' lang='lat' dir='ltr'><strong>in</strong></span> <span class='ocrx_word' id='word_1_130' title='bbox 1891 2226 2045 2297; x_wconf 90' lang='lat' dir='ltr'><strong>omuibus</strong></span> 
     </span>
     <span class='ocr_line' id='line_1_16' title="bbox 660 2340 2044 2439; baseline -0.002 -23"><span class='ocrx_word' id='word_1_131' title='bbox 660 2343 824 2416; x_wconf 84' lang='lat' dir='ltr'><strong>Ecclesiis</strong></span> <span class='ocrx_word' id='word_1_132' title='bbox 858 2342 986 2439; x_wconf 86' lang='lat' dir='ltr'><strong>absque</strong></span> <span class='ocrx_word' id='word_1_133' title='bbox 1019 2342 1087 2416; x_wconf 82' lang='lat' dir='ltr'><strong>rdlo</strong></span> <span class='ocrx_word' id='word_1_134' title='bbox 1121 2346 1244 2436; x_wconf 82' lang='lat' dir='ltr'><strong>insigni</strong></span> <span class='ocrx_word' id='word_1_135' title='bbox 1279 2343 1468 2415; x_wconf 88' lang='lat' dir='ltr'><strong>discrimine</strong></span> <span class='ocrx_word' id='word_1_136' title='bbox 1508 2341 1617 2416; x_wconf 90' lang='lat' dir='ltr'><strong>solent</strong></span> <span class='ocrx_word' id='word_1_137' title='bbox 1654 2341 1839 2414; x_wconf 87' lang='lat' dir='ltr'><strong>observari.</strong></span> <span class='ocrx_word' id='word_1_138' title='bbox 1901 2342 1939 2413; x_wconf 93' lang='lat' dir='ltr'><strong>lu</strong></span> <span class='ocrx_word' id='word_1_139' title='bbox 1977 2340 2044 2413; x_wconf 88' lang='lat' dir='ltr'><strong>illis</strong></span> 
     </span>
     <span class='ocr_line' id='line_1_17' title="bbox 661 2457 2044 2556; baseline -0.003 -25"><span class='ocrx_word' id='word_1_140' title='bbox 661 2481 764 2556; x_wconf 90' lang='lat' dir='ltr'><strong>porro</strong></span> <span class='ocrx_word' id='word_1_141' title='bbox 790 2458 906 2531; x_wconf 89' lang='lat' dir='ltr'><strong>ritibus</strong></span> <span class='ocrx_word' id='word_1_142' title='bbox 937 2467 972 2529; x_wconf 91' lang='lat' dir='ltr'><strong>et</strong></span> <span class='ocrx_word' id='word_1_143' title='bbox 1004 2462 1247 2548; x_wconf 88' lang='lat' dir='ltr'><strong>caeremoniis,</strong></span> <span class='ocrx_word' id='word_1_144' title='bbox 1283 2461 1382 2531; x_wconf 87' lang='lat' dir='ltr'><strong>etiam</strong></span> <span class='ocrx_word' id='word_1_145' title='bbox 1412 2458 1475 2530; x_wconf 89' lang='lat' dir='ltr'><strong>illis</strong></span> <span class='ocrx_word' id='word_1_146' title='bbox 1509 2481 1596 2553; x_wconf 90' lang='lat' dir='ltr'><strong>quae</strong></span> <span class='ocrx_word' id='word_1_147' title='bbox 1630 2457 1673 2529; x_wconf 90' lang='lat' dir='ltr'><strong>ad</strong></span> <span class='ocrx_word' id='word_1_148' title='bbox 1708 2457 1817 2530; x_wconf 86' lang='lat' dir='ltr'><strong>solum</strong></span> <span class='ocrx_word' id='word_1_149' title='bbox 1849 2457 2044 2549; x_wconf 87' lang='lat' dir='ltr'><strong>religiosum</strong></span> 
     </span>
     <span class='ocr_line' id='line_1_18' title="bbox 662 2570 2043 2671; baseline -0.003 -25"><span class='ocrx_word' id='word_1_150' title='bbox 662 2584 857 2671; x_wconf 85' lang='lat' dir='ltr'><strong>apparatum</strong></span> <span class='ocrx_word' id='word_1_151' title='bbox 899 2571 1018 2646; x_wconf 84' lang='lat' dir='ltr'><strong>referri</strong></span> <span class='ocrx_word' id='word_1_152' title='bbox 1057 2584 1216 2670; x_wconf 77' lang='lat' dir='ltr'><strong>possunt,</strong></span> <span class='ocrx_word' id='word_1_153' title='bbox 1263 2574 1343 2646; x_wconf 90' lang='lat' dir='ltr'><strong>nihil</strong></span> <span class='ocrx_word' id='word_1_154' title='bbox 1376 2576 1558 2668; x_wconf 86' lang='lat' dir='ltr'><strong>reperitur,</strong></span> <span class='ocrx_word' id='word_1_155' title='bbox 1592 2572 1680 2669; x_wconf 92' lang='lat' dir='ltr'><strong>quod</strong></span> <span class='ocrx_word' id='word_1_156' title='bbox 1712 2575 1902 2669; x_wconf 89' lang='lat' dir='ltr'><strong>opinionem</strong></span> <span class='ocrx_word' id='word_1_157' title='bbox 1939 2570 2043 2643; x_wconf 89' lang='lat' dir='ltr'><strong>realis</strong></span> 
     </span>
     <span class='ocr_line' id='line_1_19' title="bbox 661 2687 2044 2786; baseline -0.003 -24"><span class='ocrx_word' id='word_1_158' title='bbox 661 2691 901 2762; x_wconf 85' lang='lat' dir='ltr'><strong>elementorum</strong></span> <span class='ocrx_word' id='word_1_159' title='bbox 927 2692 1208 2762; x_wconf 86' lang='lat' dir='ltr'><strong>transmutationis</strong></span> <span class='ocrx_word' id='word_1_160' title='bbox 1235 2692 1412 2786; x_wconf 89' lang='lat' dir='ltr'><strong>perspicue</strong></span> <span class='ocrx_word' id='word_1_161' title='bbox 1438 2711 1506 2760; x_wconf 91' lang='lat' dir='ltr'><strong>non</strong></span> <span class='ocrx_word' id='word_1_162' title='bbox 1533 2688 1705 2780; x_wconf 85' lang='lat' dir='ltr'><strong>designet,</strong></span> <span class='ocrx_word' id='word_1_163' title='bbox 1744 2696 1800 2759; x_wconf 89' lang='lat' dir='ltr'><strong>aut</strong></span> <span class='ocrx_word' id='word_1_164' title='bbox 1826 2687 1869 2758; x_wconf 89' lang='lat' dir='ltr'><strong>ab</strong></span> <span class='ocrx_word' id='word_1_165' title='bbox 1898 2710 1940 2759; x_wconf 90' lang='lat' dir='ltr'><strong>ea</strong></span> <span class='ocrx_word' id='word_1_166' title='bbox 1974 2708 2044 2760; x_wconf 91' lang='lat' dir='ltr'><strong>uon</strong></span> 
     </span>
     <span class='ocr_line' id='line_1_20' title="bbox 661 2801 2041 2899; baseline -0.004 -23"><span class='ocrx_word' id='word_1_167' title='bbox 661 2804 761 2878; x_wconf 88' lang='lat' dir='ltr'><strong>ducat</strong></span> <span class='ocrx_word' id='word_1_168' title='bbox 794 2808 972 2897; x_wconf 90' lang='lat' dir='ltr'><strong>originem:</strong></span> <span class='ocrx_word' id='word_1_169' title='bbox 1014 2804 1102 2877; x_wconf 93' lang='lat' dir='ltr'><strong>unde</strong></span> <span class='ocrx_word' id='word_1_170' title='bbox 1140 2808 1195 2899; x_wconf 95' lang='lat' dir='ltr'><strong>qui</strong></span> <span class='ocrx_word' id='word_1_171' title='bbox 1221 2828 1295 2876; x_wconf 90' lang='lat' dir='ltr'><strong>eam</strong></span> <span class='ocrx_word' id='word_1_172' title='bbox 1321 2806 1528 2896; x_wconf 90' lang='lat' dir='ltr'><strong>rejecerunt,</strong></span> <span class='ocrx_word' id='word_1_173' title='bbox 1554 2826 1663 2898; x_wconf 91' lang='lat' dir='ltr'><strong>neque</strong></span> <span class='ocrx_word' id='word_1_174' title='bbox 1690 2801 1815 2876; x_wconf 89' lang='lat' dir='ltr'><strong>similes</strong></span> <span class='ocrx_word' id='word_1_175' title='bbox 1841 2801 1928 2873; x_wconf 92' lang='lat' dir='ltr'><strong>ullos</strong></span> <span class='ocrx_word' id='word_1_176' title='bbox 1957 2804 2041 2871; x_wconf 88' lang='lat' dir='ltr'><strong>ritos</strong></span> 
     </span>
     <span class='ocr_line' id='line_1_21' title="bbox 660 2917 2040 3015; baseline -0.001 -25"><span class='ocrx_word' id='word_1_177' title='bbox 660 2922 893 3011; x_wconf 83' lang='lat' dir='ltr'><strong>excogitasse,</strong></span> <span class='ocrx_word' id='word_1_178' title='bbox 930 2942 1041 3014; x_wconf 90' lang='lat' dir='ltr'><strong>neque</strong></span> <span class='ocrx_word' id='word_1_179' title='bbox 1074 2924 1228 3015; x_wconf 89' lang='lat' dir='ltr'><strong>antiquos</strong></span> <span class='ocrx_word' id='word_1_180' title='bbox 1262 2922 1439 2992; x_wconf 89' lang='lat' dir='ltr'><strong>retinuisse</strong></span> <span class='ocrx_word' id='word_1_181' title='bbox 1473 2919 1786 2990; x_wconf 87' lang='lat' dir='ltr'><strong>animadvertuntur.</strong></span> <span class='ocrx_word' id='word_1_182' title='bbox 1845 2917 1939 2989; x_wconf 87' lang='lat' dir='ltr'><strong>lllam</strong></span> <span class='ocrx_word' id='word_1_183' title='bbox 1969 2919 2040 3008; x_wconf 92' lang='lat' dir='ltr'><strong>igi-</strong></span> 
     </span>
    </p>
   </div>
   <div class='ocr_carea' id='block_1_3' title="bbox 337 3034 2042 3707">
    <p class='ocr_par' dir='ltr' id='par_1_3' title="bbox 337 3022 2042 3707">
     <span class='ocr_line' id='line_1_22' title="bbox 658 3034 2039 3131; baseline -0.003 -25"><span class='ocrx_word' id='word_1_184' title='bbox 658 3043 712 3106; x_wconf 81' lang='lat' dir='ltr'><strong>tru</strong></span> <span class='ocrx_word' id='word_1_185' title='bbox 739 3035 944 3131; x_wconf 86' lang='lat' dir='ltr'><strong>disciplinam</strong></span> <span class='ocrx_word' id='word_1_186' title='bbox 976 3057 1063 3128; x_wconf 91' lang='lat' dir='ltr'><strong>quae</strong></span> <span class='ocrx_word' id='word_1_187' title='bbox 1098 3056 1233 3131; x_wconf 87' lang='lat' dir='ltr'><strong>semper</strong></span> <span class='ocrx_word' id='word_1_188' title='bbox 1258 3044 1293 3107; x_wconf 93' lang='lat' dir='ltr'><strong>et</strong></span> <span class='ocrx_word' id='word_1_189' title='bbox 1318 3034 1440 3130; x_wconf 92' lang='lat' dir='ltr'><strong>ubique</strong></span> <span class='ocrx_word' id='word_1_190' title='bbox 1466 3037 1590 3126; x_wconf 89' lang='lat' dir='ltr'><strong>viguit,</strong></span> <span class='ocrx_word' id='word_1_191' title='bbox 1626 3036 1781 3130; x_wconf 90' lang='lat' dir='ltr'><strong>optimam</strong></span> <span class='ocrx_word' id='word_1_192' title='bbox 1806 3043 1850 3105; x_wconf 74' lang='lat' dir='ltr'><strong>&#39;et</strong></span> <span class='ocrx_word' id='word_1_193' title='bbox 1884 3035 2039 3104; x_wconf 86' lang='lat' dir='ltr'><strong>certissi-</strong></span> 
     </span>
     <span class='ocr_line' id='line_1_23' title="bbox 659 3146 2039 3247; baseline -0.003 -26"><span class='ocrx_word' id='word_1_194' title='bbox 659 3173 748 3221; x_wconf 89' lang='lat' dir='ltr'><strong>mam</strong></span> <span class='ocrx_word' id='word_1_195' title='bbox 781 3172 860 3223; x_wconf 88' lang='lat' dir='ltr'><strong>esse</strong></span> <span class='ocrx_word' id='word_1_196' title='bbox 893 3158 1024 3223; x_wconf 89' lang='lat' dir='ltr'><strong>constat</strong></span> <span class='ocrx_word' id='word_1_197' title='bbox 1049 3149 1221 3222; x_wconf 88' lang='lat' dir='ltr'><strong>doctrinae</strong></span> <span class='ocrx_word' id='word_1_198' title='bbox 1253 3153 1485 3247; x_wconf 90' lang='lat' dir='ltr'><strong>interpretem,</strong></span> <span class='ocrx_word' id='word_1_199' title='bbox 1519 3159 1554 3222; x_wconf 91' lang='lat' dir='ltr'><strong>et</strong></span> <span class='ocrx_word' id='word_1_200' title='bbox 1587 3173 1633 3222; x_wconf 90' lang='lat' dir='ltr'><strong>ex</strong></span> <span class='ocrx_word' id='word_1_201' title='bbox 1658 3173 1699 3221; x_wconf 87' lang='lat' dir='ltr'><strong>ea</strong></span> <span class='ocrx_word' id='word_1_202' title='bbox 1725 3149 1946 3221; x_wconf 87' lang='lat' dir='ltr'><strong>firmissimmu</strong></span> <span class='ocrx_word' id='word_1_203' title='bbox 1972 3146 2039 3218; x_wconf 89' lang='lat' dir='ltr'><strong>ad-</strong></span> 
     </span>
     <span class='ocr_line' id='line_1_24' title="bbox 660 3263 2041 3363; baseline -0.006 -24"><span class='ocrx_word' id='word_1_204' title='bbox 660 3289 782 3340; x_wconf 83' lang='lat' dir='ltr'><strong>versus</strong></span> <span class='ocrx_word' id='word_1_205' title='bbox 823 3277 961 3338; x_wconf 88' lang='lat' dir='ltr'><strong>nostrae</strong></span> <span class='ocrx_word' id='word_1_206' title='bbox 991 3264 1068 3338; x_wconf 90' lang='lat' dir='ltr'><strong>hdei</strong></span> <span class='ocrx_word' id='word_1_207' title='bbox 1099 3269 1349 3363; x_wconf 90' lang='lat' dir='ltr'><strong>impugnatores</strong></span> <span class='ocrx_word' id='word_1_208' title='bbox 1383 3274 1612 3358; x_wconf 86' lang='lat' dir='ltr'><strong>argumentum</strong></span> <span class='ocrx_word' id='word_1_209' title='bbox 1644 3263 1778 3355; x_wconf 92' lang='lat' dir='ltr'><strong>haberi,</strong></span> <span class='ocrx_word' id='word_1_210' title='bbox 1812 3286 1880 3336; x_wconf 93' lang='lat' dir='ltr'><strong>non</strong></span> <span class='ocrx_word' id='word_1_211' title='bbox 1914 3273 2041 3335; x_wconf 88' lang='lat' dir='ltr'><strong>temere</strong></span> 
     </span>
     <span class='ocr_line' id='line_1_25' title="bbox 662 3370 1628 3453; baseline 0.001 -1"><span class='ocrx_word' id='word_1_212' title='bbox 662 3381 872 3453; x_wconf 82' lang='lat' dir='ltr'><strong>affirmamus.</strong></span> <span class='ocrx_word' id='word_1_213' title='bbox 1625 3370 1628 3376; x_wconf 39' lang='lat'><strong>¹</strong></span> 
     </span>
     <span class='ocr_line' id='line_1_26' title="bbox 378 3490 2041 3592; baseline -0.004 -24"><span class='ocrx_word' id='word_1_214' title='bbox 378 3517 488 3579; x_wconf 68' lang='lat' dir='ltr'><strong>ouium</strong></span> <span class='ocrx_word' id='word_1_215' title='bbox 517 3539 596 3575; x_wconf 53' lang='lat' dir='ltr'><strong>sssss</strong></span> <span class='ocrx_word' id='word_1_216' title='bbox 597 3524 648 3576; x_wconf 61' lang='lat' dir='ltr'><strong>aa,</strong></span> <span class='ocrx_word' id='word_1_217' title='bbox 765 3496 850 3567; x_wconf 91' lang='lat' dir='ltr'><strong>Sunt</strong></span> <span class='ocrx_word' id='word_1_218' title='bbox 875 3498 973 3567; x_wconf 92' lang='lat' dir='ltr'><strong>etiam</strong></span> <span class='ocrx_word' id='word_1_219' title='bbox 999 3498 1081 3568; x_wconf 91' lang='lat' dir='ltr'><strong>ritus</strong></span> <span class='ocrx_word' id='word_1_220' title='bbox 1108 3496 1234 3592; x_wconf 86' lang='lat' dir='ltr'><strong>aliquot</strong></span> <span class='ocrx_word' id='word_1_221' title='bbox 1257 3497 1382 3568; x_wconf 89' lang='lat' dir='ltr'><strong>diversi</strong></span> <span class='ocrx_word' id='word_1_222' title='bbox 1397 3495 1568 3587; x_wconf 87' lang='lat' dir='ltr'><strong>cujusdam</strong></span> <span class='ocrx_word' id='word_1_223' title='bbox 1584 3498 1737 3589; x_wconf 88' lang='lat' dir='ltr'><strong>generis,</strong></span> <span class='ocrx_word' id='word_1_224' title='bbox 1763 3505 1800 3566; x_wconf 90' lang='lat' dir='ltr'><strong>ut</strong></span> <span class='ocrx_word' id='word_1_225' title='bbox 1819 3492 1905 3590; x_wconf 86' lang='lat' dir='ltr'><strong>apud</strong></span> <span class='ocrx_word' id='word_1_226' title='bbox 1924 3490 2041 3563; x_wconf 88' lang='lat' dir='ltr'><strong>Grae-</strong></span> 
     </span>
     <span class='ocr_line' id='line_1_27' title="bbox 337 3603 2042 3707; baseline 0 -29"><span class='ocrx_word' id='word_1_227' title='bbox 337 3603 495 3670; x_wconf 80' lang='lat' dir='ltr'><strong>introducti,</strong></span> <span class='ocrx_word' id='word_1_228' title='bbox 514 3623 563 3660; x_wconf 75' lang='lat'><strong>¹¹00</strong></span> <span class='ocrx_word' id='word_1_229' title='bbox 579 3609 646 3677; x_wconf 71' lang='lat' dir='ltr'><strong>apuu</strong></span> <span class='ocrx_word' id='word_1_230' title='bbox 660 3630 721 3681; x_wconf 90' lang='lat' dir='ltr'><strong>cos</strong></span> <span class='ocrx_word' id='word_1_231' title='bbox 748 3610 868 3682; x_wconf 87' lang='lat' dir='ltr'><strong>divisio</strong></span> <span class='ocrx_word' id='word_1_232' title='bbox 894 3612 990 3705; x_wconf 89' lang='lat' dir='ltr'><strong>panis</strong></span> <span class='ocrx_word' id='word_1_233' title='bbox 1015 3610 1254 3702; x_wconf 78' lang='lat' dir='ltr'><strong>Eucharistici,</strong></span> <span class='ocrx_word' id='word_1_234' title='bbox 1280 3616 1376 3685; x_wconf 90' lang='lat' dir='ltr'><strong>unius</strong></span> <span class='ocrx_word' id='word_1_235' title='bbox 1392 3612 1450 3685; x_wconf 89' lang='lat' dir='ltr'><strong>vel</strong></span> <span class='ocrx_word' id='word_1_236' title='bbox 1467 3612 1608 3707; x_wconf 91' lang='lat' dir='ltr'><strong>plurium</strong></span> <span class='ocrx_word' id='word_1_237' title='bbox 1625 3615 1658 3683; x_wconf 92' lang='lat' dir='ltr'><strong>in</strong></span> <span class='ocrx_word' id='word_1_238' title='bbox 1675 3612 1828 3683; x_wconf 87' lang='lat' dir='ltr'><strong>diversas</strong></span> <span class='ocrx_word' id='word_1_239' title='bbox 1848 3608 2042 3704; x_wconf 87' lang='lat' dir='ltr'><strong>particulas,</strong></span> 
     </span>
    </p>
   </div>
   <div class='ocr_carea' id='block_1_4' title="bbox 336 3693 2041 3819">
    <p class='ocr_par' dir='ltr' id='par_1_4' title="bbox 336 3693 2041 3819">
     <span class='ocr_line' id='line_1_28' title="bbox 336 3693 2041 3819; baseline 0.008 -37"><span class='ocrx_word' id='word_1_240' title='bbox 336 3703 427 3741; x_wconf 69' lang='lat'><strong>⁰¹⁰¹¹²⁸</strong></span> <span class='ocrx_word' id='word_1_241' title='bbox 443 3693 549 3758; x_wconf 49' lang='grc' dir='ltr'><strong>Μή·</strong></span> <span class='ocrx_word' id='word_1_242' title='bbox 662 3747 747 3819; x_wconf 91' lang='lat' dir='ltr'><strong>quae</strong></span> <span class='ocrx_word' id='word_1_243' title='bbox 773 3726 960 3799; x_wconf 90' lang='lat' dir='ltr'><strong>nominibus</strong></span> <span class='ocrx_word' id='word_1_244' title='bbox 985 3726 1113 3798; x_wconf 88' lang='lat' dir='ltr'><strong>Beatae</strong></span> <span class='ocrx_word' id='word_1_245' title='bbox 1140 3726 1288 3816; x_wconf 89' lang='lat' dir='ltr'><strong>Mariae,</strong></span> <span class='ocrx_word' id='word_1_246' title='bbox 1316 3737 1350 3799; x_wconf 91' lang='lat' dir='ltr'><strong>et</strong></span> <span class='ocrx_word' id='word_1_247' title='bbox 1375 3737 1565 3801; x_wconf 90' lang='lat' dir='ltr'><strong>sanctorum</strong></span> <span class='ocrx_word' id='word_1_248' title='bbox 1593 3729 1824 3819; x_wconf 88' lang='lat' dir='ltr'><strong>designantur:</strong></span> <span class='ocrx_word' id='word_1_249' title='bbox 1851 3734 1887 3796; x_wconf 92' lang='lat' dir='ltr'><strong>ut</strong></span> <span class='ocrx_word' id='word_1_250' title='bbox 1905 3728 1939 3795; x_wconf 92' lang='lat' dir='ltr'><strong>in</strong></span> <span class='ocrx_word' id='word_1_251' title='bbox 1954 3746 2041 3795; x_wconf 90' lang='lat' dir='ltr'><strong>eru-</strong></span> 
     </span>
    </p>
   </div>
   <div class='ocr_carea' id='block_1_5' title="bbox 656 3840 2040 5088">
    <p class='ocr_par' dir='ltr' id='par_1_5' title="bbox 656 3840 2040 5088">
     <span class='ocr_line' id='line_1_29' title="bbox 663 3840 2040 3938; baseline 0 -27"><span class='ocrx_word' id='word_1_252' title='bbox 663 3841 737 3911; x_wconf 93' lang='lat' dir='ltr'><strong>ditis</strong></span> <span class='ocrx_word' id='word_1_253' title='bbox 772 3843 860 3913; x_wconf 88' lang='lat' dir='ltr'><strong>notis</strong></span> <span class='ocrx_word' id='word_1_254' title='bbox 896 3840 1011 3913; x_wconf 88' lang='lat' dir='ltr'><strong>Goarii</strong></span> <span class='ocrx_word' id='word_1_255' title='bbox 1053 3841 1096 3912; x_wconf 91' lang='lat' dir='ltr'><strong>ad</strong></span> <span class='ocrx_word' id='word_1_256' title='bbox 1132 3841 1377 3935; x_wconf 83' lang='lat' dir='ltr'><strong>Euchologium</strong></span> <span class='ocrx_word' id='word_1_257' title='bbox 1416 3852 1573 3914; x_wconf 86' lang='lat' dir='ltr'><strong>accurate</strong></span> <span class='ocrx_word' id='word_1_258' title='bbox 1611 3843 1814 3938; x_wconf 86' lang='lat' dir='ltr'><strong>explicatur:</strong></span> <span class='ocrx_word' id='word_1_259' title='bbox 1856 3844 1911 3934; x_wconf 93' lang='lat' dir='ltr'><strong>qui</strong></span> <span class='ocrx_word' id='word_1_260' title='bbox 1944 3842 2040 3929; x_wconf 92' lang='lat' dir='ltr'><strong>ritus,</strong></span> 
     </span>
     <span class='ocr_line' id='line_1_30' title="bbox 662 3955 2039 4051; baseline 0 -24"><span class='ocrx_word' id='word_1_261' title='bbox 662 3958 814 4050; x_wconf 89' lang='lat' dir='ltr'><strong>quamvis</strong></span> <span class='ocrx_word' id='word_1_262' title='bbox 855 3978 930 4027; x_wconf 92' lang='lat' dir='ltr'><strong>cum</strong></span> <span class='ocrx_word' id='word_1_263' title='bbox 970 3956 1079 4051; x_wconf 89' lang='lat' dir='ltr'><strong>aliqua</strong></span> <span class='ocrx_word' id='word_1_264' title='bbox 1120 3961 1285 4030; x_wconf 90' lang='lat' dir='ltr'><strong>nominum</strong></span> <span class='ocrx_word' id='word_1_265' title='bbox 1320 3958 1530 4048; x_wconf 90' lang='lat' dir='ltr'><strong>diversitate,</strong></span> <span class='ocrx_word' id='word_1_266' title='bbox 1570 3961 1603 4029; x_wconf 91' lang='lat' dir='ltr'><strong>in</strong></span> <span class='ocrx_word' id='word_1_267' title='bbox 1637 3962 1746 4030; x_wconf 87' lang='lat' dir='ltr'><strong>veteri</strong></span> <span class='ocrx_word' id='word_1_268' title='bbox 1782 3955 1940 4045; x_wconf 85' lang='lat' dir='ltr'><strong>Gothico,</strong></span> <span class='ocrx_word' id='word_1_269' title='bbox 1976 3977 2039 4028; x_wconf 90' lang='lat' dir='ltr'><strong>seu</strong></span> 
     </span>
     <span class='ocr_line' id='line_1_31' title="bbox 659 4070 2039 4165; baseline -0.002 -22"><span class='ocrx_word' id='word_1_270' title='bbox 659 4070 875 4145; x_wconf 89' lang='lat' dir='ltr'><strong>blosarabico</strong></span> <span class='ocrx_word' id='word_1_271' title='bbox 904 4070 1116 4143; x_wconf 89' lang='lat' dir='ltr'><strong>observatur.</strong></span> <span class='ocrx_word' id='word_1_272' title='bbox 1170 4074 1220 4145; x_wconf 86' lang='lat' dir='ltr'><strong>Ita</strong></span> <span class='ocrx_word' id='word_1_273' title='bbox 1249 4071 1416 4145; x_wconf 86' lang='lat' dir='ltr'><strong>Graecia</strong></span> <span class='ocrx_word' id='word_1_274' title='bbox 1444 4074 1552 4146; x_wconf 89' lang='lat' dir='ltr'><strong>multis</strong></span> <span class='ocrx_word' id='word_1_275' title='bbox 1570 4073 1714 4147; x_wconf 89' lang='lat' dir='ltr'><strong>saeculis</strong></span> <span class='ocrx_word' id='word_1_276' title='bbox 1741 4072 1904 4144; x_wconf 87' lang='lat' dir='ltr'><strong>ferventis</strong></span> <span class='ocrx_word' id='word_1_277' title='bbox 1931 4092 2039 4165; x_wconf 87' lang='lat' dir='ltr'><strong>aquae</strong></span> 
     </span>
     <span class='ocr_line' id='line_1_32' title="bbox 658 4185 2036 4291; baseline -0.001 -34"><span class='ocrx_word' id='word_1_278' title='bbox 658 4197 769 4276; x_wconf 88' lang='lat' dir='ltr'><strong>guttas</strong></span> <span class='ocrx_word' id='word_1_279' title='bbox 798 4185 922 4279; x_wconf 86' lang='lat' dir='ltr'><strong>aliquot</strong></span> <span class='ocrx_word' id='word_1_280' title='bbox 948 4197 1025 4258; x_wconf 90' lang='lat' dir='ltr'><strong>ante</strong></span> <span class='ocrx_word' id='word_1_281' title='bbox 1052 4190 1316 4291; x_wconf 84' lang='lat' dir='ltr'><strong>communionem</strong></span> <span class='ocrx_word' id='word_1_282' title='bbox 1344 4188 1441 4261; x_wconf 91' lang='lat' dir='ltr'><strong>calici</strong></span> <span class='ocrx_word' id='word_1_283' title='bbox 1467 4188 1649 4280; x_wconf 84' lang='lat' dir='ltr'><strong>infundunt,</strong></span> <span class='ocrx_word' id='word_1_284' title='bbox 1677 4188 1765 4283; x_wconf 95' lang='lat' dir='ltr'><strong>quod</strong></span> <span class='ocrx_word' id='word_1_285' title='bbox 1791 4188 1884 4284; x_wconf 75' lang='lat' dir='ltr'><strong>Syri,</strong></span> <span class='ocrx_word' id='word_1_286' title='bbox 1911 4186 2036 4281; x_wconf 86' lang='lat' dir='ltr'><strong>Copti-</strong></span> 
     </span>
     <span class='ocr_line' id='line_1_33' title="bbox 656 4298 2035 4378; baseline 0.001 -7"><span class='ocrx_word' id='word_1_287' title='bbox 656 4311 712 4371; x_wconf 90' lang='lat' dir='ltr'><strong>tae</strong></span> <span class='ocrx_word' id='word_1_288' title='bbox 739 4310 773 4371; x_wconf 92' lang='lat' dir='ltr'><strong>et</strong></span> <span class='ocrx_word' id='word_1_289' title='bbox 800 4299 855 4372; x_wconf 90' lang='lat' dir='ltr'><strong>alii</strong></span> <span class='ocrx_word' id='word_1_290' title='bbox 881 4322 950 4373; x_wconf 93' lang='lat' dir='ltr'><strong>non</strong></span> <span class='ocrx_word' id='word_1_291' title='bbox 975 4298 1108 4373; x_wconf 83' lang='lat' dir='ltr'><strong>iaciunt.</strong></span> <span class='ocrx_word' id='word_1_292' title='bbox 1164 4301 1351 4376; x_wconf 86' lang='lat' dir='ltr'><strong>Cochlcare</strong></span> <span class='ocrx_word' id='word_1_293' title='bbox 1384 4305 1428 4377; x_wconf 90' lang='lat' dir='ltr'><strong>ad</strong></span> <span class='ocrx_word' id='word_1_294' title='bbox 1464 4309 1729 4378; x_wconf 89' lang='lat' dir='ltr'><strong>communionem</strong></span> <span class='ocrx_word' id='word_1_295' title='bbox 1762 4303 1856 4375; x_wconf 87' lang='lat' dir='ltr'><strong>laicis</strong></span> <span class='ocrx_word' id='word_1_296' title='bbox 1893 4300 2035 4373; x_wconf 89' lang='lat' dir='ltr'><strong>dandam</strong></span> 
     </span>
     <span class='ocr_line' id='line_1_34' title="bbox 658 4412 2035 4516; baseline 0.002 -31"><span class='ocrx_word' id='word_1_297' title='bbox 658 4412 781 4487; x_wconf 87' lang='lat' dir='ltr'><strong>Graeci</strong></span> <span class='ocrx_word' id='word_1_298' title='bbox 814 4426 994 4511; x_wconf 88' lang='lat' dir='ltr'><strong>usurpant,</strong></span> <span class='ocrx_word' id='word_1_299' title='bbox 1028 4422 1205 4490; x_wconf 77' lang='lat' dir='ltr'><strong>aumritatc</strong></span> <span class='ocrx_word' id='word_1_300' title='bbox 1240 4429 1275 4490; x_wconf 88' lang='lat' dir='ltr'><strong>et</strong></span> <span class='ocrx_word' id='word_1_301' title='bbox 1305 4419 1481 4516; x_wconf 87' lang='lat' dir='ltr'><strong>exemplo,</strong></span> <span class='ocrx_word' id='word_1_302' title='bbox 1516 4430 1552 4490; x_wconf 91' lang='lat' dir='ltr'><strong>ut</strong></span> <span class='ocrx_word' id='word_1_303' title='bbox 1579 4424 1681 4505; x_wconf 86' lang='lat' dir='ltr'><strong>aiunt,</strong></span> <span class='ocrx_word' id='word_1_304' title='bbox 1707 4420 1847 4491; x_wconf 87' lang='lat' dir='ltr'><strong>Joannis</strong></span> <span class='ocrx_word' id='word_1_305' title='bbox 1875 4417 2035 4513; x_wconf 68' lang='lat' dir='ltr'><strong>chryso-</strong></span> 
     </span>
     <span class='ocr_line' id='line_1_35' title="bbox 657 4529 2037 4627; baseline 0.001 -27"><span class='ocrx_word' id='word_1_306' title='bbox 657 4534 772 4619; x_wconf 82' lang='lat' dir='ltr'><strong>stomi3</strong></span> <span class='ocrx_word' id='word_1_307' title='bbox 799 4540 832 4601; x_wconf 90' lang='lat' dir='ltr'><strong>et</strong></span> <span class='ocrx_word' id='word_1_308' title='bbox 857 4529 944 4601; x_wconf 94' lang='lat' dir='ltr'><strong>illius</strong></span> <span class='ocrx_word' id='word_1_309' title='bbox 972 4553 1069 4603; x_wconf 91' lang='lat' dir='ltr'><strong>usum</strong></span> <span class='ocrx_word' id='word_1_310' title='bbox 1095 4530 1307 4627; x_wconf 82' lang='lat' dir='ltr'><strong>frequentant</strong></span> <span class='ocrx_word' id='word_1_311' title='bbox 1333 4533 1522 4606; x_wconf 86' lang='lat' dir='ltr'><strong>Orientales</strong></span> <span class='ocrx_word' id='word_1_312' title='bbox 1550 4557 1682 4606; x_wconf 90' lang='lat' dir='ltr'><strong>omnes:</strong></span> <span class='ocrx_word' id='word_1_313' title='bbox 1715 4533 1803 4605; x_wconf 89' lang='lat' dir='ltr'><strong>unde</strong></span> <span class='ocrx_word' id='word_1_314' title='bbox 1828 4532 1915 4605; x_wconf 93' lang='lat' dir='ltr'><strong>illius</strong></span> <span class='ocrx_word' id='word_1_315' title='bbox 1943 4534 2037 4603; x_wconf 89' lang='lat' dir='ltr'><strong>anti-</strong></span> 
     </span>
     <span class='ocr_line' id='line_1_36' title="bbox 658 4645 2037 4742; baseline 0.002 -28"><span class='ocrx_word' id='word_1_316' title='bbox 658 4647 765 4737; x_wconf 90' lang='lat' dir='ltr'><strong>quitas</strong></span> <span class='ocrx_word' id='word_1_317' title='bbox 801 4649 882 4719; x_wconf 82' lang='lat' dir='ltr'><strong>satis</strong></span> <span class='ocrx_word' id='word_1_318' title='bbox 917 4645 1087 4740; x_wconf 88' lang='lat' dir='ltr'><strong>probatur.</strong></span> <span class='ocrx_word' id='word_1_319' title='bbox 1150 4646 1237 4732; x_wconf 82' lang='lat' dir='ltr'><strong>out</strong></span> <span class='ocrx_word' id='word_1_320' title='bbox 1276 4647 1440 4721; x_wconf 88' lang='lat' dir='ltr'><strong>adversus</strong></span> <span class='ocrx_word' id='word_1_321' title='bbox 1475 4650 1561 4720; x_wconf 89' lang='lat' dir='ltr'><strong>hanc</strong></span> <span class='ocrx_word' id='word_1_322' title='bbox 1596 4648 1867 4722; x_wconf 89' lang='lat' dir='ltr'><strong>consuetudinem</strong></span> <span class='ocrx_word' id='word_1_323' title='bbox 1901 4669 1963 4742; x_wconf 91' lang='lat' dir='ltr'><strong>per</strong></span> <span class='ocrx_word' id='word_1_324' title='bbox 1995 4668 2037 4717; x_wconf 88' lang='lat' dir='ltr'><strong>sc</strong></span> 
     </span>
     <span class='ocr_line' id='line_1_37' title="bbox 656 4760 2036 4858; baseline 0.005 -32"><span class='ocrx_word' id='word_1_325' title='bbox 656 4761 841 4850; x_wconf 88' lang='lat' dir='ltr'><strong>innoxiam,</strong></span> <span class='ocrx_word' id='word_1_326' title='bbox 870 4765 964 4855; x_wconf 92' lang='lat' dir='ltr'><strong>quasi</strong></span> <span class='ocrx_word' id='word_1_327' title='bbox 992 4760 1034 4831; x_wconf 92' lang='lat' dir='ltr'><strong>de</strong></span> <span class='ocrx_word' id='word_1_328' title='bbox 1062 4783 1190 4834; x_wconf 88' lang='lat' dir='ltr'><strong>summa</strong></span> <span class='ocrx_word' id='word_1_329' title='bbox 1216 4761 1387 4858; x_wconf 91' lang='lat' dir='ltr'><strong>republica</strong></span> <span class='ocrx_word' id='word_1_330' title='bbox 1415 4762 1601 4838; x_wconf 84' lang='lat' dir='ltr'><strong>Christiana</strong></span> <span class='ocrx_word' id='word_1_331' title='bbox 1629 4774 1806 4856; x_wconf 90' lang='lat' dir='ltr'><strong>ageretur,</strong></span> <span class='ocrx_word' id='word_1_332' title='bbox 1832 4760 2036 4834; x_wconf 88' lang='lat' dir='ltr'><strong>Humbertus</strong></span> 
     </span>
     <span class='ocr_line' id='line_1_38' title="bbox 657 4872 2033 4973; baseline 0.002 -29"><span class='ocrx_word' id='word_1_333' title='bbox 657 4872 992 4968; x_wconf 77' lang='lat' dir='ltr'><strong>sylvae-candidae</strong></span> <span class='ocrx_word' id='word_1_334' title='bbox 1019 4881 1249 4950; x_wconf 88' lang='lat' dir='ltr'><strong>conviciorum</strong></span> <span class='ocrx_word' id='word_1_335' title='bbox 1275 4900 1343 4950; x_wconf 90' lang='lat' dir='ltr'><strong>nou</strong></span> <span class='ocrx_word' id='word_1_336' title='bbox 1370 4878 1492 4970; x_wconf 82' lang='lat' dir='ltr'><strong>effudit,</strong></span> <span class='ocrx_word' id='word_1_337' title='bbox 1518 4902 1587 4951; x_wconf 91' lang='lat' dir='ltr'><strong>nou</strong></span> <span class='ocrx_word' id='word_1_338' title='bbox 1614 4884 1720 4951; x_wconf 89' lang='lat' dir='ltr'><strong>minus</strong></span> <span class='ocrx_word' id='word_1_339' title='bbox 1742 4901 1841 4973; x_wconf 88' lang='lat' dir='ltr'><strong>quam</strong></span> <span class='ocrx_word' id='word_1_340' title='bbox 1868 4876 2033 4949; x_wconf 89' lang='lat' dir='ltr'><strong>adversus</strong></span> 
     </span>
     <span class='ocr_line' id='line_1_39' title="bbox 657 4987 2032 5088; baseline 0.002 -29"><span class='ocrx_word' id='word_1_341' title='bbox 657 4987 843 5062; x_wconf 88' lang='lat' dir='ltr'><strong>cochlearis</strong></span> <span class='ocrx_word' id='word_1_342' title='bbox 869 5012 986 5081; x_wconf 91' lang='lat' dir='ltr'><strong>usum,</strong></span> <span class='ocrx_word' id='word_1_343' title='bbox 1018 5001 1052 5063; x_wconf 90' lang='lat' dir='ltr'><strong>et</strong></span> <span class='ocrx_word' id='word_1_344' title='bbox 1084 4996 1167 5065; x_wconf 88' lang='lat' dir='ltr'><strong>ritus</strong></span> <span class='ocrx_word' id='word_1_345' title='bbox 1195 4993 1357 5088; x_wconf 87' lang='lat' dir='ltr'><strong>quosdam</strong></span> <span class='ocrx_word' id='word_1_346' title='bbox 1383 4994 1467 5069; x_wconf 88' lang='lat' dir='ltr'><strong>alios</strong></span> <span class='ocrx_word' id='word_1_347' title='bbox 1494 4994 1743 5067; x_wconf 80' lang='lat' dir='ltr'><strong>indifferentes?</strong></span> <span class='ocrx_word' id='word_1_348' title='bbox 1773 4994 1821 5066; x_wconf 84' lang='lat' dir='ltr'><strong>At</strong></span> <span class='ocrx_word' id='word_1_349' title='bbox 1853 4992 1900 5065; x_wconf 92' lang='lat' dir='ltr'><strong>illi</strong></span> <span class='ocrx_word' id='word_1_350' title='bbox 1931 4996 2032 5063; x_wconf 88' lang='lat' dir='ltr'><strong>etiam</strong></span> 
     </span>
    </p>
   </div>
   <div class='ocr_carea' id='block_1_6' title="bbox 0 0 2268 6034">
    <p class='ocr_par' dir='ltr' id='par_1_6' title="bbox 0 0 2268 6034">
     <span class='ocr_line' id='line_1_40' title="bbox 0 0 2268 6034; baseline 0 2"><span class='ocrx_word' id='word_1_351' title='bbox 0 0 2268 6034; x_wconf 95' lang='lat' dir='ltr'><strong> </strong></span> 
     </span>
    </p>
   </div>
  </div>
 </body>
</html>
