4525 6034
695 498 803 572 LVIII
1157 503 1527 581 otsstntnvto

697 687 954 780 acclamatione,
986 701 1042 765 aut
1071 714 1134 788 per
1166 694 1292 779 Antea,
1328 700 1384 763 ant
1408 689 1636 787 perbrevem
1660 688 1737 764 bdei
1762 692 2051 765 contestadoaam:

696 809 831 879 attentio
866 806 909 879 ad
938 807 1187 882 [avocationem
1214 811 1348 905 spiritus
1373 805 1506 881 Sancti:
1533 807 1679 881 elevat'o
1704 804 1948 899 Eucharistiae,
1974 829 2050 880 cum

696 923 812 996 dicitur
837 922 969 996 Soracte
986 924 1145 997 Sanctis:
1171 947 1290 1022 eaque,
1317 924 1359 998 de
1372 948 1437 1022 qua
1455 946 1537 997 mox
1550 924 1704 1016 diximus,
1723 923 1918 1000 Confessio:
1933 926 2052 1000 modus

695 1039 969 1113 administrandae
1001 1040 1249 1114 Eucharistiae:
1280 1044 1359 1113 rmio
1390 1043 1560 1137 utriusque
1596 1044 1738 1138 speciei:
1771 1064 1852 1115 cura
1889 1043 2053 1137 religiosa

694 1178 738 1228 ae
764 1154 842 1251 quId
866 1159 899 1227 in
926 1167 1048 1230 terram
1073 1157 1214 1247 decidat,
1239 1167 1297 1230 aut
1322 1157 1516 1249 emundatum,
1541 1167 1576 1230 et
1590 1157 1656 1230 alia
1682 1159 1792 1231 omnia
1805 1180 1891 1255 quae
1915 1163 1950 1232 in
1964 1162 2052 1233 notis

693 1271 736 1343 ad
761 1270 928 1366 Litargias
955 1272 1219 1370 explicabuntur,
1246 1272 1373 1370 absquo
1397 1274 1462 1348 lide
1486 1274 1588 1349 reaIIs
1613 1277 1824 1371 praesentiae
1849 1273 1959 1348 locum
1984 1275 2052 1348 ba-

691 1387 775 1461 bere
808 1411 875 1462 nou
900 1400 1048 1485 possunt.
1089 1390 1209 1487 Neque
1235 1389 1300 1462 alla
1326 1412 1428 1463 causa
1453 1389 1514 1463 brit
1539 1413 1599 1463 cur
1624 1394 1734 1465 omnia
1759 1389 1843 1463 baec
1867 1390 2053 1465 Reforma-

691 1516 783 1579 tores
809 1505 1008 1581 sustulerint

371 1639 504 1708 Ejusmodi
512 1641 576 1693 aaa
585 1641 678 1694 riou·
794 1621 879 1696 Sunt
904 1626 939 1693 in
964 1622 1114 1716 Litargia
1132 1623 1322 1717 Anglicana
1345 1627 1491 1718 vestigia
1507 1623 1668 1719 quaedam
1693 1626 1821 1697 voterit
1847 1623 2054 1719 discipliuae,

373 1727 725 1827 3‘·¹¹⁸⁶⁸⁸¹¹³¹J¹¹0‘¹¹¹¹⁸⁸¹¹³ut
749 1760 894 1832 genuum
918 1736 1040 1832 dexio,
1067 1763 1153 1836 quae
1178 1738 1413 1837 praescribitur
1439 1741 1481 1813 ad
1508 1740 1751 1836 suscipiendam
1775 1743 2053 1830 commrmionem,

369 1822 608 1883 mmmmm&
692 1866 726 1930 et
760 1854 983 1931 Orientalibus
1017 1872 1150 1954 quoque
1188 1855 1339 1931 omnibus
1373 1861 1554 1931 communis
1588 1866 1650 1932 est
1711 1855 1768 1929 Isti
1805 1859 1934 1950 signum
1966 1856 2056 1929 istud

690 1974 919 2045 venerationis
945 1976 990 2045 ita
1017 1972 1267 2069 praescribant,
1300 1983 1337 2046 ut
1365 1977 1400 2046 in
1430 1972 1529 2047 dubio
1555 1996 1622 2046 noa
1646 1972 1830 2068 reliquant,
1863 1975 1940 2068 quia
1970 1994 2057 2046 vera

689 2088 839 2161 adoratio
866 2090 1077 2182 significatum.
1130 2090 1177 2164 At
1202 2091 1236 2163 ia
1261 2090 1386 2164 Rituali
1417 2090 1607 2184 Anglicano
1632 2092 1790 2162 monitrrm
1816 2088 1984 2182 adjicitur,
2011 2111 2057 2161 ne

690 2207 862 2300 quisquam
889 2208 1073 2295 existimet,
1107 2204 1208 2279 ullam
1233 2208 1404 2280 elementis
1431 2209 1636 2282 consecratis
1663 2206 1890 2280 adorationem
1917 2204 2055 2294 delemi,

690 2325 778 2416 quin,
804 2325 962 2418 inquinat,
988 2321 1105 2395 eadem
1130 2334 1304 2397 remaneat
1328 2327 1363 2397 in
1388 2327 1524 2421 propria
1543 2348 1603 2398 sua
1629 2321 1821 2397 substantia.
1872 2321 2055 2396 Evolvam-

691 2447 745 2509 tur
770 2436 921 2512 Rituales
950 2462 1065 2513 omnes
1096 2438 1172 2511 libri
1199 2440 1405 2537 Coptitarum
1436 2448 1673 2537 syrorumque,
1698 2451 1753 2512 aut
1788 2439 1943 2525 aliorum;
1973 2439 2057 2512 nihil

690 2555 796 2629 simde
823 2557 982 2649 occurrit,
1021 2559 1087 2628 imo
1121 2557 1343 2652 procumbere
1373 2555 1527 2651 jubentur
1561 2559 1839 2629 communicantes
1872 2576 1978 2650 usque
2011 2552 2058 2625 ad

690 2680 826 2762 terram
851 2669 973 2745 fascias
1000 2675 1143 2768 capitam
1169 2673 1357 2770 deponere,
1392 2684 1427 2748 et
1458 2673 1623 2748 onustum
1655 2683 1809 2768 tanquam
1843 2679 2056 2767 praesentem

688 2790 816 2860 intueri

372 2921 531 2975 nummorum
563 2938 676 2976 comma-
795 2905 1047 3001 Antiquissima,
1074 2916 1109 2978 et
1134 2909 1169 2978 in
1196 2905 1345 2979 Concide
1371 2905 1520 2980 NIcaeuo
1546 2913 1729 2978 memorata
1754 2902 1957 2977 consuetudo
1983 2901 2059 2993 fuit,

370 3013 424 3064 ¹¹¹⁰·
689 3033 727 3095 ut
751 3021 953 3095 mortbundis
986 3023 1124 3095 ‘daretur
1152 3022 1381 3116 Eucharistia,
1411 3046 1455 3095 ne
1489 3024 1563 3117 quis
1595 3024 1668 3095 sinc
1701 3022 1896 3095 necessario
1927 3021 2057 3091 viatico

691 3162 737 3211 ex
769 3142 840 3211 vita
874 3138 1061 3211 decederet
1118 3137 1203 3212 Eam
1235 3137 1279 3212 ob
1311 3160 1446 3211 causam
1479 3136 1699 3213 servabantur
1730 3135 1930 3231 particulae,
1966 3134 2060 3230 quod

693 3255 780 3353 apud
806 3254 957 3328 Graecos
983 3254 1047 3327 buc
1072 3277 1179 3351 usque
1203 3255 1276 3328 beri
1301 3255 1399 3347 solet,
1424 3264 1460 3327 ut
1485 3264 1519 3327 et
1545 3263 1614 3327 toto
1637 3252 1782 3326 Oriente.
1834 3252 1891 3324 Ex
1915 3251 1970 3323 illa
1996 3251 2057 3322 di-

592 3394 600 3409 ·
693 3372 831 3467 sciplina
859 3381 951 3444 certo
978 3370 1126 3463 elicitur,
1161 3371 1237 3444 illos
1270 3391 1338 3443 non
1371 3374 1478 3445 minus
1511 3392 1610 3466 quam
1641 3371 1841 3465 primitivam
1866 3367 2057 3440 Ecclesiam

693 3488 887 3577 credidIsse,
912 3490 1016 3583 ipsius
1042 3488 1258 3562 sacerdotalis
1284 3489 1541 3561 consecrationis
1568 3489 1689 3561 vlrtute
1714 3483 1877 3558 elementa
1902 3485 2059 3580 panisar

693 3606 763 3676 vini
787 3604 871 3696 fieri,
897 3605 930 3677 id
957 3606 1045 3699 quod
1069 3609 1160 3702 prius
1186 3628 1254 3678 nou
1281 3615 1394 3697 erant,
1426 3627 1535 3700 neque
1561 3601 1695 3676 insola
1721 3623 1783 3675 usu
1809 3610 1843 3674 et
1868 3599 2057 3672 manduca-

693 3722 782 3792 tione
814 3723 919 3817 recipi
953 3743 1075 3818 corpus
1108 3722 1245 3796 Christi:
1284 3721 1372 3794 illam
1412 3723 1509 3793 etiam
1543 3715 1812 3792 cousuetudinem
1846 3716 2057 3790 Reformatio

693 3837 830 3910 sustulit.

391 3979 550 4032 sucaranae
565 3978 680 4033 ataenu-
795 3953 1018 4027 Delerebatur
1044 3953 1120 4028 oIIm
1137 3955 1190 4028 ad
1216 3953 1371 4027 absentes
1397 3952 1617 4026 EucharistIa:
1654 3973 1700 4024 ex
1726 3972 1791 4046 qua
1817 3949 2057 4022 consuetudine

370 4067 514 4121 maara.
693 4070 811 4144 eadem
836 4070 919 4145 fides
944 4070 1120 4166 probatur:
1154 4082 1189 4144 et
1221 4071 1255 4144 id
1287 4093 1417 4167 quoqne
1448 4073 1483 4142 in
1515 4067 1764 4141 Reformationc
1800 4068 1956 4138 omissum
1989 4076 2058 4160 est,

694 4192 756 4262 etsi
784 4209 866 4262 suae
891 4190 1008 4260 aetatm
1034 4192 1128 4262 testIs
1163 4190 1309 4263 lustinus
1334 4188 1485 4284 Martvr,
1517 4182 1761 4258 consuetudinis
1787 4182 1873 4255 illins
1898 4185 2056 4257 meminit

692 4305 744 4377 Ea
769 4307 798 4378 si
823 4307 858 4376 in
884 4302 1064 4377 Occidente
1080 4304 1199 4379 dudam
1226 4304 1402 4396 obsolevit,
1429 4304 1564 4376 diversa
1588 4320 1727 4397 prorsus
1753 4321 1855 4371 causa
1880 4296 1950 4389 luit,
1977 4322 2056 4373 curn

693 4432 887 4497 reservetur
920 4420 962 4493 ad
994 4424 1150 4494 naricam
1184 4424 1407 4511 morientium,
1440 4419 1528 4514 quod
1554 4415 1776 4491 Orientalibus
1806 4417 1840 4486 ia
1865 4435 1928 4487 usu
1954 4424 2008 4486 est
2034 4438 2057 4486 a

693 4540 800 4612 multis
826 4538 980 4611 saeculis.
1032 4537 1182 4610 Dabatur
1207 4541 1241 4610 ln
1266 4559 1381 4611 manus
1407 4534 1568 4629 fidelihus,
1594 4542 1629 4605 ut
1655 4532 1785 4605 dommn
1813 4530 1992 4618 deferrent,
2019 4539 2057 4603 et

694 4654 850 4751 quotidie,
877 4664 933 4727 aut
958 4654 1089 4751 quando
1115 4658 1300 4730 necessitas
1326 4652 1478 4747 urgebat,
1505 4653 1800 4724 communicarent:
1831 4668 1940 4742 neque
1970 4645 2056 4717 bere

692 4772 726 4843 id
751 4781 891 4867 poterat,
915 4773 978 4844 nisi
1005 4769 1092 4867 apud
1117 4794 1179 4846 eos
1206 4773 1260 4867 qui
1285 4772 1470 4844 mumanae
1502 4768 1697 4858 crederent,
1727 4769 1827 4839 mam
1857 4772 1955 4837 exoa
1986 4762 2053 4834 Li-

693 4890 848 4982 turgiam,
874 4886 1114 4962 Eucharistiam
1140 4909 1219 4963 esse
1245 4907 1366 4983 corpus
1383 4884 1515 4978 Christ,
1541 4895 1576 4958 et
1600 4882 1687 4979 quod
1701 4881 1806 4957 semel
1830 4879 1953 4953 factum
1980 4886 2056 4950 erat

693 5006 972 5082 transmutationis
997 5004 1200 5099 miraculum,
1225 5025 1422 5102 permanens
1448 5023 1544 5097 esse,
1568 5022 1678 5098 neque
1705 4997 1812 5075 solum
1841 4993 2054 5071 cmcenbdut
