4525 6034
463 586 717 664 ALEXANDRlNl
743 585 1008 665 JACOBITARUM
1033 584 1303 664 PATRIARCHAE.
1387 581 1396 596 ‘
1485 586 1567 708 '459

210 782 240 844 et
270 777 322 844 cui
354 795 485 846 sursum
517 778 673 846 mittimus
698 772 830 846 landem
865 784 900 847 et
925 774 1066 867 gloriam
1098 796 1161 846 nos
1195 782 1229 845 et
1261 775 1367 846 omnis
1400 770 1568 868 plenitudo

208 887 393 961 Cadrolicae
419 901 453 962 et
468 889 689 987 Apostobcae
700 889 876 963 Ecclesiae
892 890 970 981 Dei,
996 900 1031 963 et
1056 911 1173 962 omnes
1201 888 1387 962 Ortbodoxi
1414 911 1566 983 congre-

206 991 289 1097 gati,
321 1008 520 1078 sanctissimi
554 1005 734 1102 Episcopi,
769 1006 864 1079 simul
895 1029 970 1079 cum
1003 1006 1233 1102 Presbyteris:
1259 1007 1399 1078 Diaconi
1425 1009 1568 1078 nniver-

205 1143 321 1216 susqne
346 1120 501 1217 populus,
529 1118 694 1196 Christum
721 1125 861 1195 amantis
886 1123 979 1195 urbis
992 1121 1221 1195 Alexandriae
1247 1130 1282 1192 et
1302 1124 1400 1194 totins
1418 1124 1568 1213 regionis

205 1239 356 1333 Aegypti

166 1383 171 1387 ·
303 1351 388 1425 Cum
414 1358 647 1449 supervenerit
672 1352 770 1427 nobis
803 1353 973 1427 calamitas
1001 1355 1170 1442 orbitatis,
1205 1364 1239 1426 et
1274 1353 1371 1427 dolor
1403 1357 1568 1428 maximus

194 1469 248 1540 ‘ex
278 1491 320 1541 eo
356 1470 445 1564 quod
477 1493 609 1543 cursum
636 1474 728 1543 vitae
760 1470 855 1563 bnjus
889 1470 1070 1566 complevit
1105 1470 1223 1543 beatus
1254 1472 1355 1543 Pater
1387 1482 1503 1545 noster
1536 1479 1570 1543 et

132 1569 134 1580 ¹
205 1588 426 1657 sanctissimus
451 1586 735 1684 Arcbiepiscopus
760 1586 862 1659 Abba
889 1587 930 1658 N.
963 1597 997 1659 et
1029 1585 1111 1659 obiit
1142 1585 1260 1681 plenus
1293 1587 1485 1676 virtutibus,
1514 1592 1569 1683 qui

207 1711 333 1774 sanctas
370 1725 486 1775 omnes
518 1708 759 1799 promissiones
793 1707 962 1800 percepit,
995 1702 1083 1776 bonu
1110 1708 1162 1775 sui
1187 1703 1302 1775 relicta
1329 1708 1501 1793 memoria,
1536 1714 1569 1777 et

205 1817 243 1889 ad
273 1818 383 1890 Deum
419 1842 515 1914 quem
549 1818 682 1892 amabat
713 1821 889 1912 migravit,
923 1819 1113 1915 audivitque
1146 1817 1188 1892 ub
1222 1822 1296 1914 ipso
1327 1842 1449 1892 vocem
1483 1820 1568 1893 banc
1660 1821 1664 1840 ¹

205 1935 310 2029 gaudii
336 1935 481 2033 plenam.
533 1936 631 2029 Euge
659 1959 761 2010 serve
788 1935 877 2011 bone
912 1948 946 2009 et
971 1937 1099 2027 lidelis,
1129 1941 1216 2009 intra
1248 1939 1281 2007 in
1308 1936 1463 2028 gaudium
1489 1939 1568 2012 Do-

206 2055 279 2124 mini
306 2055 362 2124 tui.

300 2170 442 2241 Itanos
469 2167 609 2265 orpbuni
635 2167 715 2240 lacti
742 2191 875 2256 sumus,
911 2179 945 2240 et
979 2167 1157 2242 Ecclesiae
1188 2179 1325 2243 sanctae
1351 2171 1417 2242 Dei
1442 2171 1571 2243 vidua-

205 2294 255 2358 tae
280 2288 479 2381 paternitate
506 2288 595 2377 ejus,
630 2306 714 2379 quas
741 2284 890 2357 doctrina
923 2307 983 2357 sua
1015 2285 1191 2379 pascebat,
1227 2297 1261 2359 et
1294 2287 1420 2360 idcirco
1446 2310 1569 2381 magno

205 2401 306 2473 studio
332 2412 367 2472 et
393 2400 554 2488 ferventi,
583 2422 699 2472 omnes
725 2402 834 2473 Deum
860 2404 986 2497 precati
1022 2424 1154 2492 sumus,
1187 2414 1223 2475 ut
1248 2404 1474 2479 manifestaret
1500 2427 1569 2477 no-

204 2515 262 2606 bis,
289 2520 422 2614 quinam
449 2516 505 2589 illo
533 2538 660 2589 summo
687 2518 883 2591 Pontificatn
918 2517 1036 2610 dignus
1067 2517 1175 2611 foret,
1208 2519 1252 2593 ad
1277 2523 1480 2615 pascendum
1507 2543 1570 2593 nos

204 2637 316 2707 inviu
349 2633 485 2707 Domini
522 2656 652 2729 nosque
691 2634 884 2726 dirigendos
923 2634 965 2706 ud
1010 2645 1141 2732 portum
1180 2635 1364 2710 Ecclesiae.
1419 2639 1569 2733 Cumque

204 2760 410 2847 perspectum
427 2749 624 2823 buberemns
641 2773 787 2823 amorem
816 2773 898 2843 erga
925 2762 1039 2846 putres
1067 2774 1159 2839 suos,
1188 2752 1279 2826 urbis
1307 2758 1448 2826 amantis
1464 2751 1568 2824 Chri-

204 2878 284 2939 stum
308 2868 560 2957 Alexandriae,
591 2871 747 2963 piumque
776 2867 928 2940 affectum
962 2872 1085 2942 civium
1111 2869 1215 2957 illius,
1250 2870 1403 2966 quodque
1430 2869 1569 2966 orpbani

204 3004 374 3056 remanere
408 2983 528 3056 diudus
559 2983 701 3072 nollent,
737 2995 917 3080 eapropter
949 2984 1047 3059 nobis
1073 2988 1182 3058 visum
1210 2997 1262 3058 est
1294 2988 1457 3082 perlicere
1484 3008 1569 3084 opus

203 3096 272 3171 Dei.
297 3101 534 3175 Invocavimus
561 3103 659 3193 igitur
686 3101 882 3173 Trinitatem
907 3101 1163 3192 immaculatam,
1188 3112 1224 3173 ut
1250 3102 1349 3176 nobis
1365 3103 1568 3196 designaret,

205 3218 273 3308 quis
292 3216 387 3290 leret
413 3216 555 3292 idoneus
583 3216 625 3287 ad
651 3216 738 3289 banc
763 3216 1015 3306 mediationem,
1048 3228 1082 3289 nt
1107 3217 1198 3290 illum
1223 3240 1500 3313 promoveremus
1527 3220 1570 3291 ad

204 3331 338 3421 gradum
365 3331 498 3405 Ordinis
524 3335 618 3405 istius
644 3331 863 3406 Pontificabs:
899 3343 932 3405 et
965 3356 1011 3405 ex
1045 3355 1189 3429 superna
1218 3333 1393 3425 electione,
1420 3345 1454 3408 et
1479 3358 1569 3432 ope·
1693 3431 1699 3444 .

203 3451 326 3520 ratione
353 3449 495 3544 Spiritus
523 3427 628 3521 sancti
655 3471 888 3544 consensuque
924 3453 1066 3522 omnium
1094 3461 1261 3542 nostrum,
1294 3451 1459 3549 plenaque
1486 3476 1569 3526 cer-

204 3562 348 3656 titudine,
375 3565 565 3658 designavit
588 3564 687 3637 nobis
706 3565 799 3638 Deus
825 3577 860 3638 ut
886 3568 1128 3662 respiceremus
1156 3566 1198 3637 ad
1215 3566 1256 3639 N.
1283 3568 1569 3662 religiosissimum

203 3677 438 3776 Presbyterum
465 3691 499 3753 et
523 3681 735 3770 blonacbum,
762 3681 905 3754 celebris
931 3681 1128 3755 Monasterii
1159 3681 1202 3755 N.
1230 3692 1264 3755 et
1297 3685 1458 3778 elegimus
1494 3710 1569 3759 eum

204 3795 496 3893 Arcbiepiscopum
522 3821 623 3893 snper
650 3797 801 3870 thronum
832 3798 1066 3894 Apostobcum
1099 3799 1301 3874 admirabilis
1334 3802 1442 3876 blanci
1474 3802 1568 3875 divi-

204 3914 287 3984 nitus
312 3912 413 3986 locuti
440 3924 474 3986 et
493 3912 746 4007 Evangebstae,
773 3918 829 4009 qni
855 3925 907 3988 est
933 3938 1076 4008 maguae
1101 3915 1194 3989 urbis
1219 3917 1462 4011 Alexandriae,
1489 3923 1569 3991 nni-

205 4047 388 4123 versueqne
417 4031 566 4121 regionis
597 4031 747 4126 Aegypti
781 4043 815 4104 et
847 4031 957 4104 linium
999 4037 1081 4125 ejus.
1141 4033 1204 4107 Est
1245 4039 1332 4107 enim
1367 4039 1421 4108 vir
1456 4037 1568 4108 divino

205 4142 300 4214 cultui
325 4143 485 4232 addictus,
512 4155 647 4219 ornatus
674 4145 856 4243 prudentia,
883 4153 1138 4243 peregrinorum
1166 4173 1294 4240 amans,
1322 4151 1451 4242 doctus,
1478 4163 1568 4225 tem-

205 4279 332 4352 perans,
360 4264 511 4334 veritatis
536 4261 716 4354 Evangelii
742 4264 926 4337 studiosus:
961 4274 994 4336 et
1027 4269 1255 4339 constituimus
1289 4291 1364 4339 eum
1398 4276 1567 4363 pastorum

134 4370 140 4376 ’
205 4375 392 4471 principem,
418 4387 453 4449 ct
477 4377 794 4475 Arcbiepiscopum,
830 4379 871 4451 ad
907 4380 1190 4455 confirmationem
1224 4393 1257 4454 et
1289 4382 1503 4456 directionem
1536 4394 1570 4455 et

205 4487 467 4564 reformationem
485 4505 672 4567 sanctarum
687 4496 751 4576 Dei
770 4495 997 4570 Ecclesiarnm
1017 4499 1222 4594 salutemque
1249 4502 1446 4572 enimenim:
1468 4510 1569 4595 utque

205 4617 317 4699 pascat
349 4630 413 4681 uos
446 4632 520 4682 cum
548 4615 637 4683 omni
658 4613 910 4685 mansuetudine
936 4623 971 4687 et
995 4614 1212 4707 benignitate,
1238 4626 1275 4688 ut
1301 4614 1485 4689 referamus
1512 4613 1570 4686 tibi

206 4719 315 4796 laudes
353 4728 535 4816 gratiarum
571 4731 732 4816 actionis,
774 4741 808 4801 et
849 4729 1035 4804 exaltemus
1071 4755 1146 4805 eum
1183 4736 1237 4828 qni
1270 4730 1436 4805 benefecit
1471 4729 1569 4804 nobis

207 4837 403 4913 salvatorem
441 4853 590 4916 nostrum
632 4845 748 4918 lesum
775 4843 940 4920 Christum
967 4853 1000 4919 in
1027 4848 1172 4921 saecula.
1224 4850 1343 4920 Amen.

302 4955 375 5030 Nos
415 4980 499 5030 vero
533 4958 692 5056 Episcopi
727 4967 925 5055 congregati
964 4962 1050 5036 hanc
1082 4963 1298 5052 electionem,
1339 4962 1567 5061 Psephismate

207 5081 400 5165 contentam,
427 5097 594 5148 consensu
621 5087 655 5149 et
681 5081 867 5153 testimonio
894 5075 1009 5153 nostro
1046 5081 1278 5177 probavimus,
1313 5103 1388 5153 cum
1414 5078 1565 5153 omnibns

241 5210 326 5254 Tonas
339 5213 355 5256 t.
1310 5198 1359 5272 74
