4525 6034
688 603 766 677 476
975 602 1768 683 uluotottoonuuuts

795 792 953 885 Populos.
979 792 1024 864 Et
1050 815 1125 864 cum
1153 795 1268 888 spiritu
1294 802 1363 865 tuo.

791 908 918 980 lteram
944 910 1132 981 Diocoooc.
1160 908 1296 1001 Surgite
1323 907 1365 980 ad
1392 912 1586 983 orationem

791 1023 975 1097 Sacerdos.
1028 1027 1104 1101 Pax
1130 1022 1230 1097 vohis
1258 1025 1421 1098 omnihus.

790 1141 951 1235 Populos.
978 1143 1121 1214 Domine
1148 1143 1310 1213 miserere
1336 1144 1451 1214 nostri.
1507 1140 1590 1215 Cum
1618 1145 1734 1237 spiritu
1760 1151 1826 1214 tuo.

915 1416 1090 1488 Sacerdos
1116 1419 1202 1487 dicit
1229 1417 1426 1489 Orationem
1451 1422 1643 1511 protiorom
1669 1422 1828 1489 actionis.
1903 1391 1909 1405 ⁸

792 1623 927 1696 Gratias
970 1644 1107 1714 agamus
1140 1621 1347 1696 benefactori
1381 1635 1497 1697 nosne
1530 1625 1673 1698 Domino
1707 1624 1934 1715 misericordi,
1971 1625 2053 1698 Patn'

686 1743 819 1814 Domini
845 1742 910 1814 Dei
937 1749 970 1811 et
996 1739 1175 1813 salvatoris
1202 1744 1307 1813 nostri
1333 1740 1415 1812 lesu
1442 1739 1581 1830 Christi,
1607 1744 1684 1836 quia
1710 1746 1858 1836 protexit
1883 1766 1967 1833 nos,
1996 1747 2052 1837 ju·

685 1860 752 1944 vit,
780 1867 814 1930 et
840 1857 1034 1947 custodivit,
1061 1870 1095 1930 et
1120 1862 1275 1930 misertus
1303 1867 1355 1931 est
1380 1861 1504 1930 nostri:
1532 1857 1575 1928 ad
1600 1880 1639 1930 so
1666 1857 1831 1931 accedere
1861 1857 1952 1947 iecit,
1978 1883 2052 1933 sus·

678 1976 774 2070 >cepit
810 1996 892 2062 nos,
924 1973 1118 2064 roboravit,
1154 1986 1188 2046 et
1228 1971 1457 2070 multiplicavit
1491 1995 1554 2046 nos
1595 1997 1702 2069 usque
1738 1974 1779 2045 ad
1811 1974 1896 2046 hanc
1931 1974 2051 2048 horam:

683 2111 842 2182 rogemus
870 2112 954 2182 ergo
980 2090 1071 2162 illum
1098 2095 1234 2179 iterum,
1260 2100 1297 2162 ut
1312 2088 1477 2163 custodiat
1494 2111 1566 2162 -nos
1593 2092 1627 2160 in
1640 2089 1704 2161 hac
1722 2090 1776 2162 die
1791 2104 1920 2182 sancta,
1947 2094 2051 2165 omni-

683 2204 812 2305 busque
839 2206 955 2279 diehus
981 2211 1073 2278 vitae
1099 2217 1237 2279 nostrae
1263 2210 1295 2277 in
1324 2228 1408 2302 pace
1435 2210 1645 2302 omnipotens
1671 2207 1833 2281 Dominus
1864 2207 1958 2281 Deus
1989 2230 2050 2280 no-
2200 2232 2202 2323 q

684 2332 764 2394 ster·
788 2322 972 2498 Sgcrgrtdor.
1007 2427 1151 2499 Domine
1185 2427 1328 2499 Domine
1366 2428 1592 2521 omnipotens,
1624 2426 1725 2498 Pater
1759 2427 1894 2499 Domini
1928 2428 1989 2499 Dei
2019 2435 2047 2497 et

683 2542 865 2615 salvatoris
892 2545 996 2614 nostri
1022 2542 1104 2615 lesu
1131 2541 1273 2631 Christi,
1300 2544 1428 2634 gratias
1456 2545 1586 2634 agimus
1618 2541 1678 2614 tihi
1712 2541 1755 2613 de
1790 2540 1962 2632 omnihus,
1992 2565 2045 2638 pro

683 2656 836 2731 omnihus
863 2667 897 2729 et
923 2661 955 2729 in
983 2658 1153 2748 omnihus,
1181 2661 1256 2753 quia
1289 2661 1467 2754 protexisti
1501 2680 1585 2748 nos,
1617 2659 1733 2749 juvisti
1767 2679 1851 2746 nos,
1887 2655 2047 2729 custodisti

682 2798 765 2863 nos,
792 2784 825 2847 et
851 2777 1005 2849 misertus
1032 2798 1070 2847 es
1096 2777 1219 2863 nostri,
1246 2777 1440 2872 suscepisti,
1474 2773 1641 2847 roborasti
1674 2785 1708 2846 et
1739 2773 1961 2870 multiplicasti
1991 2793 2045 2844 nos

683 2915 789 2987 usque
817 2889 859 2962 ad
886 2889 971 2963 hanc
997 2891 1123 2965 horam.

787 3007 975 3078 Diaconos.
1002 3007 1108 3079 Petite
1134 3015 1168 3078 et
1193 3017 1313 3100 rogate
1339 3019 1374 3080 ut
1399 3010 1597 3079 misereatur
1622 3010 1728 3080 nostri
1740 3008 1903 3079 Dominus
1926 3017 1959 3078 et
1971 3026 2044 3099 par-

684 3135 738 3196 cat
763 3123 880 3198 nobis:
908 3126 1133 3219 suscipiatque
1160 3128 1344 3196 orationem
1372 3134 1406 3196 et
1431 3124 1702 3219 deprecationem
1729 3145 1815 3217 quae
1841 3123 1877 3195 ht
1902 3143 1963 3217 pro
1986 3141 2045 3191 no·

681 3241 734 3314 his
762 3265 782 3312 a
808 3243 933 3315 sanctis
960 3243 1041 3328 suis,
1068 3249 1103 3311 ιιι
1129 3237 1293 3332 benignus
1320 3262 1403 3332 erga
1429 3262 1492 3314 nos
1511 3261 1663 3334 semper,
1689 3238 1808 3311 efficiat
1828 3259 1893 3310 nos
1920 3237 2044 3329 dignos,

587 3432 593 3439 ,
682 3369 719 3429 ut
744 3360 980 3454 suscipiamus,
1007 3357 1254 3451 participesque
1290 3359 1392 3429 simus
1425 3357 1665 3428 communionis
1698 3358 1847 3450 mysterii
1883 3352 2045 3439 benedicti,

682 3483 718 3543 ot
744 3471 882 3543 dimittat
907 3470 1004 3544 nohis
1030 3480 1170 3567 peccata
1195 3481 1321 3544 nostra.

787 3585 958 3681 Dicetqoe
984 3590 1091 3658 omnia
1113 3587 1261 3681 populna
1287 3594 1350 3659 ter.
1404 3586 1509 3683 llyrie
1536 3585 1674 3660 eleison.

787 3700 972 3774 Sacerdos.
999 3700 1043 3776 Ut
1071 3702 1230 3776 ducamus
1256 3702 1343 3775 hunc
1370 3703 1457 3775 diem
1484 3713 1634 3775 sanctum
1661 3711 1695 3773 et
1721 3724 1837 3775 omnes
1870 3700 1941 3772 dics
1966 3700 2042 3770 viae
2132 3738 2136 3749 ι

682 3828 819 3889 nostrae
851 3821 883 3888 in
915 3843 1000 3916 pace
1033 3841 1107 3890 cum
1143 3821 1261 3892 timore
1294 3828 1367 3891 tuo:
1395 3841 1527 3892 omnem
1559 3817 1731 3903 invidiam
1772 3839 1903 3889 omnem
1936 3811 2041 3899 dolum,

683 3955 882 4029 omnemque
909 3937 1138 4030 operationem
1164 3946 1323 4022 satanae,
1350 3958 1480 4007 omnem
1507 3930 1783 4006 machinationem
1797 3930 1961 4005 hominum
1984 3931 2041 3998 in-

682 4049 883 4147 proborum,
920 4050 1230 4146 insdtatioaemque
1263 4054 1384 4123 inimici
1420 4060 1585 4137 secretam
1613 4060 1647 4122 et
1684 4046 1910 4138 manifestam,
1940 4039 2041 4141 procul

680 4167 737 4239 iac
765 4177 799 4239 et
824 4167 955 4263 depelle
981 4189 1000 4238 a
1027 4191 1098 4258 me,
1126 4177 1160 4240 et
1185 4166 1227 4241 ah
1255 4170 1344 4241 omni
1370 4166 1494 4263 populo
1522 4177 1597 4256 tuo,
1624 4175 1658 4237 et
1684 4164 1726 4236 ah
1753 4163 1914 4237 hocloco
1940 4168 2040 4233 sancto

681 4293 756 4373 tuo;
784 4306 1012 4379 quaecumque
1037 4283 1146 4375 hona,
1175 4306 1402 4380 quaecumque
1428 4287 1650 4380 praestantia,
1682 4280 1836 4354 mandato
1870 4291 1925 4352 tro
1950 4296 2040 4373 prae·

682 4408 733 4473 sta
760 4398 875 4471 nohis:
904 4404 979 4495 quia
1007 4410 1040 4470 tu
1067 4424 1105 4473 es
1132 4403 1187 4495 qui
1216 4400 1333 4473 dedisti
1360 4400 1458 4473 nohis
1485 4410 1685 4496 potestatem
1713 4396 1863 4471 calcandi
1885 4402 2039 4492 serpentes

682 4527 716 4587 et
742 4517 959 4609 scorpiones,
986 4537 1185 4610 omnemque
1210 4519 1366 4587 virtutem
1392 4518 1524 4587 inimici.
1578 4500 1623 4587 Et
1649 4536 1691 4585 ne
1718 4535 1781 4585 nos
1815 4511 1949 4584 inducas
1972 4510 2037 4581 Do-

681 4634 770 4702 mine
795 4632 830 4700 in
855 4631 1086 4702 tentationem:
1113 4631 1174 4704 sed
1201 4630 1306 4704 lihera
1333 4643 1367 4704 et
1393 4635 1488 4728 eripe
1513 4654 1576 4705 nos
1598 4629 1640 4702 ah
1657 4631 1746 4703 omni
1764 4627 1869 4718 malo;
1894 4649 1952 4724 per
1964 4645 2036 4717 gra-

682 4749 781 4835 tiam,
807 4745 1087 4836 misericordiam,
1114 4759 1148 4819 ct
1175 4771 1323 4821 amorem
1350 4769 1433 4841 erga
1459 4746 1610 4821 homines
1625 4745 1699 4819 Filii
1715 4748 1761 4819 tui
1782 4747 1947 4837 unigeniti,
1970 4739 2035 4810 Do·

680 4865 760 4932 mini
787 4863 867 4949 Dei,
895 4873 928 4935 et
955 4862 1134 4936 salvatoris
1161 4866 1266 4937 nostri
1291 4864 1373 4939 lesu
1401 4863 1541 4938 Christi:
1573 4885 1770 4962 perquem,
1800 4884 1875 4934 cum
1904 4882 1979 4955 quo,
2008 4860 2034 4923 tl

683 5000 759 5049 cum
784 4976 906 5072 Spiritu
934 4989 989 5051 tuo
1018 4990 1157 5070 sancto,
1183 4988 1216 5051 te
1244 4978 1340 5054 decet
1366 4979 1475 5073 gloria
1501 4991 1536 5052 et
1561 4982 1752 5077 imperium,
1788 5002 1874 5052 nunc
1899 4986 1931 5049 et
1954 4992 2032 5059 sen·

683 5116 764 5189 per,
791 5102 825 5165 et
850 5095 883 5163 in
910 5094 1045 5168 saecula
1072 5094 1294 5170 saeculorum.
1320 5094 1440 5170 Amen.
