<?xml version="1.0" encoding="UTF-8"?>
<!DOCTYPE html PUBLIC "-//W3C//DTD XHTML 1.0 Transitional//EN"
    "http://www.w3.org/TR/xhtml1/DTD/xhtml1-transitional.dtd">
<html xmlns="http://www.w3.org/1999/xhtml" xml:lang="en" lang="en">
 <head>
  <title>
</title>
<meta http-equiv="Content-Type" content="text/html;charset=utf-8" />
  <meta name='ocr-system' content='tesseract 3.04.00' />
  <meta name='ocr-capabilities' content='ocr_page ocr_carea ocr_par ocr_line ocrx_word'/>
</head>
<body>
  <div class='ocr_page' id='page_1' title='image "./liturgiarumorie00unkngoog/liturgiarumorie00unkngoog_0981.png"; bbox 0 0 4525 6034; ppageno 0'>
   <div class='ocr_carea' id='block_1_1' title="bbox 590 502 1595 606">
    <p class='ocr_par' dir='ltr' id='par_1_1' title="bbox 590 502 1595 606">
     <span class='ocr_line' id='line_1_1' title="bbox 590 502 1595 606; baseline -0.008 0"><span class='ocrx_word' id='word_1_1' title='bbox 590 531 638 606; x_wconf 86' lang='lat' dir='ltr'><strong>m</strong></span> <span class='ocrx_word' id='word_1_2' title='bbox 670 528 925 606; x_wconf 80' lang='lat' dir='ltr'><strong>urrunnun</strong></span> <span class='ocrx_word' id='word_1_3' title='bbox 957 528 988 604; x_wconf 88' lang='lat' dir='ltr'><strong>s.</strong></span> <span class='ocrx_word' id='word_1_4' title='bbox 1020 526 1245 603; x_wconf 74' lang='lat' dir='ltr'><strong>aaronis.</strong></span> <span class='ocrx_word' id='word_1_5' title='bbox 1314 502 1324 520; x_wconf 87' lang='lat'>&#39;</span> <span class='ocrx_word' id='word_1_6' title='bbox 1523 527 1595 599; x_wconf 76' lang='lat'><strong>271</strong></span> 
     </span>
    </p>
   </div>
   <div class='ocr_carea' id='block_1_2' title="bbox 168 710 1916 3455">
    <p class='ocr_par' dir='ltr' id='par_1_2' title="bbox 168 710 1916 2572">
     <span class='ocr_line' id='line_1_2' title="bbox 226 710 1599 798; baseline -0.007 -19"><span class='ocrx_word' id='word_1_7' title='bbox 226 714 429 798; x_wconf 85' lang='lat' dir='ltr'><strong>Episcopatus</strong></span> <span class='ocrx_word' id='word_1_8' title='bbox 440 711 512 776; x_wconf 81' lang='lat' dir='ltr'><strong>&#39;nou</strong></span> <span class='ocrx_word' id='word_1_9' title='bbox 535 715 698 796; x_wconf 84' lang='lat' dir='ltr'><strong>assignata,</strong></span> <span class='ocrx_word' id='word_1_10' title='bbox 722 729 920 792; x_wconf 85' lang='lat' dir='ltr'><strong>magnamque</strong></span> <span class='ocrx_word' id='word_1_11' title='bbox 945 713 975 773; x_wconf 90' lang='lat' dir='ltr'><strong>in</strong></span> <span class='ocrx_word' id='word_1_12' title='bbox 998 729 1034 773; x_wconf 84' lang='lat' dir='ltr'><strong>ea</strong></span> <span class='ocrx_word' id='word_1_13' title='bbox 1058 710 1216 792; x_wconf 88' lang='lat' dir='ltr'><strong>provincia</strong></span> <span class='ocrx_word' id='word_1_14' title='bbox 1238 711 1427 773; x_wconf 71' lang='lat' dir='ltr'><strong>autoritatem</strong></span> <span class='ocrx_word' id='word_1_15' title='bbox 1450 710 1599 784; x_wconf 90' lang='lat' dir='ltr'><strong>habuerit,</strong></span> 
     </span>
     <span class='ocr_line' id='line_1_3' title="bbox 228 807 1602 893; baseline -0.006 -15"><span class='ocrx_word' id='word_1_16' title='bbox 228 813 446 893; x_wconf 88' lang='lat' dir='ltr'><strong>Ecclesiasque</strong></span> <span class='ocrx_word' id='word_1_17' title='bbox 469 811 602 875; x_wconf 84' lang='lat' dir='ltr'><strong>Persidis</strong></span> <span class='ocrx_word' id='word_1_18' title='bbox 625 811 821 887; x_wconf 78' lang='lat' dir='ltr'><strong>ordinaverit,</strong></span> <span class='ocrx_word' id='word_1_19' title='bbox 846 810 926 889; x_wconf 95' lang='lat' dir='ltr'><strong>quod</strong></span> <span class='ocrx_word' id='word_1_20' title='bbox 956 818 1125 892; x_wconf 86' lang='lat' dir='ltr'><strong>agnoscunt</strong></span> <span class='ocrx_word' id='word_1_21' title='bbox 1153 818 1212 871; x_wconf 91' lang='lat' dir='ltr'><strong>tam</strong></span> <span class='ocrx_word' id='word_1_22' title='bbox 1234 807 1389 871; x_wconf 86' lang='lat' dir='ltr'><strong>Jacobitae</strong></span> <span class='ocrx_word' id='word_1_23' title='bbox 1419 826 1506 890; x_wconf 88' lang='lat' dir='ltr'><strong>quarn</strong></span> <span class='ocrx_word' id='word_1_24' title='bbox 1536 808 1602 870; x_wconf 89' lang='lat' dir='ltr'><strong>Ne-</strong></span> 
     </span>
     <span class='ocr_line' id='line_1_4' title="bbox 229 906 1602 991; baseline -0.004 -16"><span class='ocrx_word' id='word_1_25' title='bbox 229 914 370 986; x_wconf 88' lang='lat' dir='ltr'><strong>storiani;</strong></span> <span class='ocrx_word' id='word_1_26' title='bbox 401 910 489 973; x_wconf 82' lang='lat' dir='ltr'><strong>facile</strong></span> <span class='ocrx_word' id='word_1_27' title='bbox 520 910 575 973; x_wconf 86' lang='lat' dir='ltr'><strong>luit</strong></span> <span class='ocrx_word' id='word_1_28' title='bbox 601 918 634 972; x_wconf 93' lang='lat' dir='ltr'><strong>ut</strong></span> <span class='ocrx_word' id='word_1_29' title='bbox 664 909 735 991; x_wconf 90' lang='lat' dir='ltr'><strong>Syri</strong></span> <span class='ocrx_word' id='word_1_30' title='bbox 762 907 942 988; x_wconf 89' lang='lat' dir='ltr'><strong>posterioris</strong></span> <span class='ocrx_word' id='word_1_31' title='bbox 972 909 1095 984; x_wconf 87' lang='lat' dir='ltr'><strong>aetatis,</strong></span> <span class='ocrx_word' id='word_1_32' title='bbox 1126 907 1313 987; x_wconf 87' lang='lat' dir='ltr'><strong>antiquarum</strong></span> <span class='ocrx_word' id='word_1_33' title='bbox 1345 908 1495 990; x_wconf 89' lang='lat' dir='ltr'><strong>originum</strong></span> <span class='ocrx_word' id='word_1_34' title='bbox 1523 906 1602 969; x_wconf 87' lang='lat' dir='ltr'><strong>haud</strong></span> 
     </span>
     <span class='ocr_line' id='line_1_5' title="bbox 229 1003 1601 1090; baseline -0.003 -17"><span class='ocrx_word' id='word_1_35' title='bbox 229 1013 305 1073; x_wconf 88' lang='lat' dir='ltr'><strong>satis</strong></span> <span class='ocrx_word' id='word_1_36' title='bbox 327 1010 425 1090; x_wconf 88' lang='lat' dir='ltr'><strong>periti,</strong></span> <span class='ocrx_word' id='word_1_37' title='bbox 449 1029 485 1072; x_wconf 89' lang='lat' dir='ltr'><strong>ea</strong></span> <span class='ocrx_word' id='word_1_38' title='bbox 509 1008 671 1072; x_wconf 78' lang='lat' dir='ltr'><strong>occasione</strong></span> <span class='ocrx_word' id='word_1_39' title='bbox 695 1005 881 1069; x_wconf 83' lang='lat' dir='ltr'><strong>Catltolieum</strong></span> <span class='ocrx_word' id='word_1_40' title='bbox 911 1005 991 1067; x_wconf 88' lang='lat' dir='ltr'><strong>illurn</strong></span> <span class='ocrx_word' id='word_1_41' title='bbox 1014 1003 1148 1068; x_wconf 74' lang='lat' dir='ltr'><strong>Orientis</strong></span> <span class='ocrx_word' id='word_1_42' title='bbox 1174 1006 1408 1086; x_wconf 82' lang='lat' dir='ltr'><strong>appellaverint,</strong></span> <span class='ocrx_word' id='word_1_43' title='bbox 1444 1008 1512 1087; x_wconf 90' lang='lat' dir='ltr'><strong>quia</strong></span> <span class='ocrx_word' id='word_1_44' title='bbox 1541 1026 1601 1088; x_wconf 93' lang='lat' dir='ltr'><strong>quo</strong></span> 
     </span>
     <span class='ocr_line' id='line_1_6' title="bbox 226 1103 1601 1190; baseline -0.004 -19"><span class='ocrx_word' id='word_1_45' title='bbox 226 1109 298 1190; x_wconf 82' lang='lat' dir='ltr'><strong>jure</strong></span> <span class='ocrx_word' id='word_1_46' title='bbox 320 1106 509 1189; x_wconf 87' lang='lat' dir='ltr'><strong>postmodum</strong></span> <span class='ocrx_word' id='word_1_47' title='bbox 532 1108 579 1169; x_wconf 92' lang='lat' dir='ltr'><strong>usi</strong></span> <span class='ocrx_word' id='word_1_48' title='bbox 605 1115 675 1169; x_wconf 93' lang='lat' dir='ltr'><strong>sunt</strong></span> <span class='ocrx_word' id='word_1_49' title='bbox 704 1105 785 1167; x_wconf 92' lang='lat' dir='ltr'><strong>inter</strong></span> <span class='ocrx_word' id='word_1_50' title='bbox 812 1103 985 1179; x_wconf 87' lang='lat' dir='ltr'><strong>Jacobitus,</strong></span> <span class='ocrx_word' id='word_1_51' title='bbox 1018 1106 1069 1185; x_wconf 91' lang='lat' dir='ltr'><strong>qui</strong></span> <span class='ocrx_word' id='word_1_52' title='bbox 1101 1103 1248 1167; x_wconf 86' lang='lat' dir='ltr'><strong>Catholici</strong></span> <span class='ocrx_word' id='word_1_53' title='bbox 1275 1105 1392 1167; x_wconf 88' lang='lat' dir='ltr'><strong>titulum</strong></span> <span class='ocrx_word' id='word_1_54' title='bbox 1422 1105 1601 1182; x_wconf 86' lang='lat' dir='ltr'><strong>habuerunt,</strong></span> 
     </span>
     <span class='ocr_line' id='line_1_7' title="bbox 229 1202 1602 1284; baseline -0.004 -14"><span class='ocrx_word' id='word_1_55' title='bbox 229 1207 302 1270; x_wconf 91' lang='lat' dir='ltr'><strong>illud</strong></span> <span class='ocrx_word' id='word_1_56' title='bbox 332 1226 349 1269; x_wconf 88' lang='lat' dir='ltr'><strong>a</strong></span> <span class='ocrx_word' id='word_1_57' title='bbox 379 1205 495 1268; x_wconf 88' lang='lat' dir='ltr'><strong>Maruta</strong></span> <span class='ocrx_word' id='word_1_58' title='bbox 523 1208 553 1267; x_wconf 91' lang='lat' dir='ltr'><strong>in</strong></span> <span class='ocrx_word' id='word_1_59' title='bbox 580 1205 798 1283; x_wconf 82' lang='lat' dir='ltr'><strong>Mesopotamia</strong></span> <span class='ocrx_word' id='word_1_60' title='bbox 834 1210 864 1265; x_wconf 89' lang='lat' dir='ltr'><strong>ot</strong></span> <span class='ocrx_word' id='word_1_61' title='bbox 902 1202 1026 1265; x_wconf 86' lang='lat' dir='ltr'><strong>Perside</strong></span> <span class='ocrx_word' id='word_1_62' title='bbox 1061 1203 1229 1265; x_wconf 86' lang='lat' dir='ltr'><strong>exercitum</strong></span> <span class='ocrx_word' id='word_1_63' title='bbox 1264 1202 1413 1266; x_wconf 91' lang='lat' dir='ltr'><strong>viderunt.</strong></span> <span class='ocrx_word' id='word_1_64' title='bbox 1467 1203 1602 1284; x_wconf 88' lang='lat' dir='ltr'><strong>Cumque</strong></span> 
     </span>
     <span class='ocr_line' id='line_1_8' title="bbox 228 1300 1603 1383; baseline -0.001 -16"><span class='ocrx_word' id='word_1_65' title='bbox 228 1304 452 1368; x_wconf 88' lang='lat' dir='ltr'><strong>Catholicorum</strong></span> <span class='ocrx_word' id='word_1_66' title='bbox 474 1303 552 1383; x_wconf 89' lang='lat' dir='ltr'><strong>apud</strong></span> <span class='ocrx_word' id='word_1_67' title='bbox 575 1302 728 1366; x_wconf 86' lang='lat' dir='ltr'><strong>Jacobitas</strong></span> <span class='ocrx_word' id='word_1_68' title='bbox 756 1300 848 1364; x_wconf 89' lang='lat' dir='ltr'><strong>sedes</strong></span> <span class='ocrx_word' id='word_1_69' title='bbox 871 1300 1013 1363; x_wconf 74' lang='lat' dir='ltr'><strong>Paleritae</strong></span> <span class='ocrx_word' id='word_1_70' title='bbox 1036 1300 1155 1363; x_wconf 90' lang='lat' dir='ltr'><strong>demum</strong></span> <span class='ocrx_word' id='word_1_71' title='bbox 1177 1309 1288 1363; x_wconf 90' lang='lat' dir='ltr'><strong>statuta</strong></span> <span class='ocrx_word' id='word_1_72' title='bbox 1311 1300 1415 1365; x_wconf 87' lang='lat' dir='ltr'><strong>luerit:</strong></span> <span class='ocrx_word' id='word_1_73' title='bbox 1439 1302 1603 1368; x_wconf 83' lang='lat' dir='ltr'><strong>Takriten-</strong></span> 
     </span>
     <span class='ocr_line' id='line_1_9' title="bbox 228 1399 1602 1484; baseline -0.004 -18"><span class='ocrx_word' id='word_1_74' title='bbox 228 1421 294 1467; x_wconf 85' lang='lat' dir='ltr'><strong>seur</strong></span> <span class='ocrx_word' id='word_1_75' title='bbox 322 1403 543 1484; x_wconf 86' lang='lat' dir='ltr'><strong>Metropolitum</strong></span> <span class='ocrx_word' id='word_1_76' title='bbox 571 1422 640 1465; x_wconf 91' lang='lat' dir='ltr'><strong>eum</strong></span> <span class='ocrx_word' id='word_1_77' title='bbox 674 1406 870 1465; x_wconf 90' lang='lat' dir='ltr'><strong>vocaverunt.</strong></span> <span class='ocrx_word' id='word_1_78' title='bbox 927 1399 1035 1461; x_wconf 88' lang='lat' dir='ltr'><strong>Melius</strong></span> <span class='ocrx_word' id='word_1_79' title='bbox 1069 1401 1191 1463; x_wconf 88' lang='lat' dir='ltr'><strong>omuino</strong></span> <span class='ocrx_word' id='word_1_80' title='bbox 1222 1401 1272 1480; x_wconf 93' lang='lat' dir='ltr'><strong>qui</strong></span> <span class='ocrx_word' id='word_1_81' title='bbox 1303 1399 1385 1463; x_wconf 87' lang='lat' dir='ltr'><strong>illurn</strong></span> <span class='ocrx_word' id='word_1_82' title='bbox 1418 1401 1602 1482; x_wconf 87' lang='lat' dir='ltr'><strong>Episcopum</strong></span> 
     </span>
     <span class='ocr_line' id='line_1_10' title="bbox 227 1498 1602 1580; baseline -0.004 -16"><span class='ocrx_word' id='word_1_83' title='bbox 227 1501 445 1565; x_wconf 85' lang='lat' dir='ltr'><strong>Miaiarelrinae</strong></span> <span class='ocrx_word' id='word_1_84' title='bbox 466 1510 586 1564; x_wconf 77' lang='lat' dir='ltr'><strong>vocant.</strong></span> <span class='ocrx_word' id='word_1_85' title='bbox 631 1502 706 1563; x_wconf 90' lang='lat' dir='ltr'><strong>Nam</strong></span> <span class='ocrx_word' id='word_1_86' title='bbox 729 1502 759 1563; x_wconf 91' lang='lat' dir='ltr'><strong>in</strong></span> <span class='ocrx_word' id='word_1_87' title='bbox 781 1500 832 1562; x_wconf 89' lang='lat' dir='ltr'><strong>illa</strong></span> <span class='ocrx_word' id='word_1_88' title='bbox 854 1499 930 1561; x_wconf 89' lang='lat' dir='ltr'><strong>urbe</strong></span> <span class='ocrx_word' id='word_1_89' title='bbox 953 1499 1132 1579; x_wconf 88' lang='lat' dir='ltr'><strong>deposuisse</strong></span> <span class='ocrx_word' id='word_1_90' title='bbox 1155 1498 1238 1560; x_wconf 85' lang='lat' dir='ltr'><strong>illurn</strong></span> <span class='ocrx_word' id='word_1_91' title='bbox 1262 1499 1403 1579; x_wconf 87' lang='lat' dir='ltr'><strong>reliquias</strong></span> <span class='ocrx_word' id='word_1_92' title='bbox 1426 1500 1602 1580; x_wconf 81' lang='lat' dir='ltr'><strong>Martyrum,</strong></span> 
     </span>
     <span class='ocr_line' id='line_1_11' title="bbox 228 1597 1602 1678; baseline -0.003 -16"><span class='ocrx_word' id='word_1_93' title='bbox 228 1600 308 1663; x_wconf 90' lang='lat' dir='ltr'><strong>unde</strong></span> <span class='ocrx_word' id='word_1_94' title='bbox 333 1600 406 1663; x_wconf 90' lang='lat' dir='ltr'><strong>urbs</strong></span> <span class='ocrx_word' id='word_1_95' title='bbox 429 1618 539 1663; x_wconf 89' lang='lat' dir='ltr'><strong>nornen</strong></span> <span class='ocrx_word' id='word_1_96' title='bbox 562 1608 727 1663; x_wconf 89' lang='lat' dir='ltr'><strong>consecuta</strong></span> <span class='ocrx_word' id='word_1_97' title='bbox 758 1607 818 1676; x_wconf 91' lang='lat' dir='ltr'><strong>est,</strong></span> <span class='ocrx_word' id='word_1_98' title='bbox 847 1615 951 1660; x_wconf 87' lang='lat' dir='ltr'><strong>ornnes</strong></span> <span class='ocrx_word' id='word_1_99' title='bbox 983 1604 1140 1658; x_wconf 88' lang='lat' dir='ltr'><strong>testantur.</strong></span> <span class='ocrx_word' id='word_1_100' title='bbox 1194 1597 1412 1678; x_wconf 80' lang='lat' dir='ltr'><strong>Antiquissima</strong></span> <span class='ocrx_word' id='word_1_101' title='bbox 1441 1597 1502 1661; x_wconf 89' lang='lat' dir='ltr'><strong>illic</strong></span> <span class='ocrx_word' id='word_1_102' title='bbox 1531 1614 1602 1660; x_wconf 89' lang='lat' dir='ltr'><strong>esso</strong></span> 
     </span>
     <span class='ocr_line' id='line_1_12' title="bbox 228 1695 1601 1781; baseline -0.004 -20"><span class='ocrx_word' id='word_1_103' title='bbox 228 1697 390 1761; x_wconf 83' lang='lat' dir='ltr'><strong>Christiani</strong></span> <span class='ocrx_word' id='word_1_104' title='bbox 413 1698 510 1761; x_wconf 90' lang='lat' dir='ltr'><strong>cultus</strong></span> <span class='ocrx_word' id='word_1_105' title='bbox 533 1697 662 1781; x_wconf 89' lang='lat' dir='ltr'><strong>vestigia</strong></span> <span class='ocrx_word' id='word_1_106' title='bbox 683 1697 893 1760; x_wconf 86' lang='lat' dir='ltr'><strong>Muhamedani</strong></span> <span class='ocrx_word' id='word_1_107' title='bbox 917 1697 974 1776; x_wconf 92' lang='lat' dir='ltr'><strong>ipsi</strong></span> <span class='ocrx_word' id='word_1_108' title='bbox 1002 1713 1058 1757; x_wconf 94' lang='lat' dir='ltr'><strong>nos</strong></span> <span class='ocrx_word' id='word_1_109' title='bbox 1089 1695 1211 1772; x_wconf 85' lang='lat' dir='ltr'><strong>docent,</strong></span> <span class='ocrx_word' id='word_1_110' title='bbox 1235 1704 1326 1776; x_wconf 87' lang='lat' dir='ltr'><strong>atque</strong></span> <span class='ocrx_word' id='word_1_111' title='bbox 1354 1698 1433 1758; x_wconf 91' lang='lat' dir='ltr'><strong>inter</strong></span> <span class='ocrx_word' id='word_1_112' title='bbox 1460 1715 1516 1759; x_wconf 89' lang='lat' dir='ltr'><strong>eos</strong></span> <span class='ocrx_word' id='word_1_113' title='bbox 1539 1697 1601 1757; x_wconf 82' lang='lat' dir='ltr'><strong>la-</strong></span> 
     </span>
     <span class='ocr_line' id='line_1_13' title="bbox 227 1793 1602 1877; baseline -0.001 -21"><span class='ocrx_word' id='word_1_114' title='bbox 227 1804 315 1857; x_wconf 91' lang='lat' dir='ltr'><strong>cutus</strong></span> <span class='ocrx_word' id='word_1_115' title='bbox 337 1797 535 1860; x_wconf 88' lang='lat' dir='ltr'><strong>Hamathaeus</strong></span> <span class='ocrx_word' id='word_1_116' title='bbox 560 1798 611 1877; x_wconf 93' lang='lat' dir='ltr'><strong>qui</strong></span> <span class='ocrx_word' id='word_1_117' title='bbox 635 1796 759 1859; x_wconf 89' lang='lat' dir='ltr'><strong>duarum</strong></span> <span class='ocrx_word' id='word_1_118' title='bbox 783 1793 1013 1857; x_wconf 86' lang='lat' dir='ltr'><strong>aMiaiarelrina</strong></span> <span class='ocrx_word' id='word_1_119' title='bbox 1036 1811 1273 1875; x_wconf 89' lang='lat' dir='ltr'><strong>parasangarum</strong></span> <span class='ocrx_word' id='word_1_120' title='bbox 1296 1795 1414 1871; x_wconf 85' lang='lat' dir='ltr'><strong>itinere,</strong></span> <span class='ocrx_word' id='word_1_121' title='bbox 1438 1795 1509 1857; x_wconf 91' lang='lat' dir='ltr'><strong>dicit</strong></span> <span class='ocrx_word' id='word_1_122' title='bbox 1532 1811 1602 1857; x_wconf 84' lang='lat' dir='ltr'><strong>esse</strong></span> 
     </span>
     <span class='ocr_line' id='line_1_14' title="bbox 226 1892 1601 1973; baseline 0 -17"><span class='ocrx_word' id='word_1_123' title='bbox 226 1893 443 1958; x_wconf 88' lang='lat' dir='ltr'><strong>Monasterium</strong></span> <span class='ocrx_word' id='word_1_124' title='bbox 470 1899 535 1959; x_wconf 91' lang='lat' dir='ltr'><strong>sive</strong></span> <span class='ocrx_word' id='word_1_125' title='bbox 563 1895 747 1973; x_wconf 87' lang='lat' dir='ltr'><strong>Ecclesiam,</strong></span> <span class='ocrx_word' id='word_1_126' title='bbox 778 1894 898 1957; x_wconf 90' lang='lat' dir='ltr'><strong>nomine</strong></span> <span class='ocrx_word' id='word_1_127' title='bbox 932 1893 1141 1968; x_wconf 73' lang='lat' dir='ltr'><strong>Diu-Tuane,</strong></span> <span class='ocrx_word' id='word_1_128' title='bbox 1169 1892 1199 1954; x_wconf 91' lang='lat' dir='ltr'><strong>id</strong></span> <span class='ocrx_word' id='word_1_129' title='bbox 1229 1901 1293 1971; x_wconf 90' lang='lat' dir='ltr'><strong>est,</strong></span> <span class='ocrx_word' id='word_1_130' title='bbox 1324 1893 1540 1956; x_wconf 87' lang='lat' dir='ltr'><strong>Monasterium</strong></span> <span class='ocrx_word' id='word_1_131' title='bbox 1562 1893 1601 1957; x_wconf 87' lang='lat' dir='ltr'><strong>D.</strong></span> 
     </span>
     <span class='ocr_line' id='line_1_15' title="bbox 228 1991 1601 2075; baseline -0.001 -19"><span class='ocrx_word' id='word_1_132' title='bbox 228 1991 373 2070; x_wconf 75' lang='lat' dir='ltr'><strong>monne,</strong></span> <span class='ocrx_word' id='word_1_133' title='bbox 401 1995 439 2056; x_wconf 89' lang='lat' dir='ltr'><strong>ad</strong></span> <span class='ocrx_word' id='word_1_134' title='bbox 466 1995 548 2075; x_wconf 94' lang='lat' dir='ltr'><strong>quod</strong></span> <span class='ocrx_word' id='word_1_135' title='bbox 578 1996 723 2056; x_wconf 82' lang='lat' dir='ltr'><strong>maximus</strong></span> <span class='ocrx_word' id='word_1_136' title='bbox 757 1993 845 2055; x_wconf 90' lang='lat' dir='ltr'><strong>lieret</strong></span> <span class='ocrx_word' id='word_1_137' title='bbox 878 1992 1030 2054; x_wconf 89' lang='lat' dir='ltr'><strong>homiuum</strong></span> <span class='ocrx_word' id='word_1_138' title='bbox 1065 2009 1231 2054; x_wconf 91' lang='lat' dir='ltr'><strong>concursus</strong></span> <span class='ocrx_word' id='word_1_139' title='bbox 1262 2000 1293 2054; x_wconf 91' lang='lat' dir='ltr'><strong>et</strong></span> <span class='ocrx_word' id='word_1_140' title='bbox 1321 2001 1391 2056; x_wconf 90' lang='lat' dir='ltr'><strong>vota</strong></span> <span class='ocrx_word' id='word_1_141' title='bbox 1421 1992 1601 2074; x_wconf 77' lang='lat' dir='ltr'><strong>frequentia.</strong></span> 
     </span>
     <span class='ocr_line' id='line_1_16' title="bbox 226 2090 1602 2173; baseline 0 -20"><span class='ocrx_word' id='word_1_142' title='bbox 226 2091 379 2155; x_wconf 85' lang='lat' dir='ltr'><strong>Laudatur</strong></span> <span class='ocrx_word' id='word_1_143' title='bbox 401 2094 510 2155; x_wconf 87' lang='lat' dir='ltr'><strong>eximie</strong></span> <span class='ocrx_word' id='word_1_144' title='bbox 532 2094 660 2170; x_wconf 87' lang='lat' dir='ltr'><strong>Maruta,</strong></span> <span class='ocrx_word' id='word_1_145' title='bbox 684 2092 766 2173; x_wconf 94' lang='lat' dir='ltr'><strong>quod</strong></span> <span class='ocrx_word' id='word_1_146' title='bbox 794 2093 1042 2171; x_wconf 87' lang='lat' dir='ltr'><strong>superstitionem</strong></span> <span class='ocrx_word' id='word_1_147' title='bbox 1064 2091 1213 2173; x_wconf 87' lang='lat' dir='ltr'><strong>Magicam</strong></span> <span class='ocrx_word' id='word_1_148' title='bbox 1236 2090 1434 2172; x_wconf 88' lang='lat' dir='ltr'><strong>ignicolarum</strong></span> <span class='ocrx_word' id='word_1_149' title='bbox 1457 2091 1602 2155; x_wconf 86' lang='lat' dir='ltr'><strong>audacter</strong></span> 
     </span>
     <span class='ocr_line' id='line_1_17' title="bbox 225 2190 1601 2271; baseline 0.001 -20"><span class='ocrx_word' id='word_1_150' title='bbox 225 2191 468 2271; x_wconf 89' lang='lat' dir='ltr'><strong>reprehenderit,</strong></span> <span class='ocrx_word' id='word_1_151' title='bbox 492 2200 523 2254; x_wconf 90' lang='lat' dir='ltr'><strong>et</strong></span> <span class='ocrx_word' id='word_1_152' title='bbox 546 2193 583 2255; x_wconf 88' lang='lat' dir='ltr'><strong>ab</strong></span> <span class='ocrx_word' id='word_1_153' title='bbox 607 2210 644 2254; x_wconf 88' lang='lat' dir='ltr'><strong>ea</strong></span> <span class='ocrx_word' id='word_1_154' title='bbox 667 2191 775 2254; x_wconf 89' lang='lat' dir='ltr'><strong>multos</strong></span> <span class='ocrx_word' id='word_1_155' title='bbox 798 2191 987 2252; x_wconf 82' lang='lat' dir='ltr'><strong>avocaverit:</strong></span> <span class='ocrx_word' id='word_1_156' title='bbox 1011 2197 1125 2251; x_wconf 92' lang='lat' dir='ltr'><strong>temere</strong></span> <span class='ocrx_word' id='word_1_157' title='bbox 1146 2208 1283 2269; x_wconf 88' lang='lat' dir='ltr'><strong>prorsus,</strong></span> <span class='ocrx_word' id='word_1_158' title='bbox 1307 2190 1335 2252; x_wconf 91' lang='lat' dir='ltr'><strong>si</strong></span> <span class='ocrx_word' id='word_1_159' title='bbox 1358 2190 1491 2253; x_wconf 78' lang='lat' dir='ltr'><strong>&#39;l&#39;lromae</strong></span> <span class='ocrx_word' id='word_1_160' title='bbox 1504 2191 1601 2271; x_wconf 84' lang='lat' dir='ltr'><strong>Hyde,</strong></span> 
     </span>
     <span class='ocr_line' id='line_1_18' title="bbox 227 2288 1601 2374; baseline 0.001 -23"><span class='ocrx_word' id='word_1_161' title='bbox 227 2291 278 2370; x_wconf 92' lang='lat' dir='ltr'><strong>qui</strong></span> <span class='ocrx_word' id='word_1_162' title='bbox 302 2290 341 2352; x_wconf 91' lang='lat' dir='ltr'><strong>de</strong></span> <span class='ocrx_word' id='word_1_163' title='bbox 363 2290 523 2374; x_wconf 86' lang='lat' dir='ltr'><strong>lleligioue</strong></span> <span class='ocrx_word' id='word_1_164' title='bbox 546 2298 682 2354; x_wconf 92' lang='lat' dir='ltr'><strong>veterum</strong></span> <span class='ocrx_word' id='word_1_165' title='bbox 705 2292 864 2352; x_wconf 88' lang='lat' dir='ltr'><strong>Persarum</strong></span> <span class='ocrx_word' id='word_1_166' title='bbox 890 2289 1013 2369; x_wconf 88' lang='lat' dir='ltr'><strong>scripsit</strong></span> <span class='ocrx_word' id='word_1_167' title='bbox 1041 2288 1225 2351; x_wconf 89' lang='lat' dir='ltr'><strong>credendum</strong></span> <span class='ocrx_word' id='word_1_168' title='bbox 1255 2290 1412 2370; x_wconf 87' lang='lat' dir='ltr'><strong>quisquam</strong></span> <span class='ocrx_word' id='word_1_169' title='bbox 1440 2290 1601 2352; x_wconf 88' lang='lat' dir='ltr'><strong>existimet.</strong></span> 
     </span>
     <span class='ocr_line' id='line_1_19' title="bbox 224 2378 1916 2466; baseline -0.002 -16"><span class='ocrx_word' id='word_1_170' title='bbox 224 2388 254 2451; x_wconf 88' lang='lat' dir='ltr'><strong>ls</strong></span> <span class='ocrx_word' id='word_1_171' title='bbox 278 2390 356 2451; x_wconf 91' lang='lat' dir='ltr'><strong>enim</strong></span> <span class='ocrx_word' id='word_1_172' title='bbox 379 2389 619 2466; x_wconf 78' lang='lat' dir='ltr'><strong>Ortltodociam,</strong></span> <span class='ocrx_word' id='word_1_173' title='bbox 650 2389 876 2464; x_wconf 83' lang='lat' dir='ltr'><strong>Hierarcltiam,</strong></span> <span class='ocrx_word' id='word_1_174' title='bbox 906 2388 1115 2449; x_wconf 73' lang='lat' dir='ltr'><strong>Sacerdotium</strong></span> <span class='ocrx_word' id='word_1_175' title='bbox 1137 2386 1270 2449; x_wconf 70' lang='lat' dir='ltr'><strong>ludaico</strong></span> <span class='ocrx_word' id='word_1_176' title='bbox 1292 2390 1438 2450; x_wconf 67' lang='lat' dir='ltr'><strong>cennius</strong></span> <span class='ocrx_word' id='word_1_177' title='bbox 1459 2397 1489 2451; x_wconf 90' lang='lat' dir='ltr'><strong>et</strong></span> <span class='ocrx_word' id='word_1_178' title='bbox 1515 2391 1601 2450; x_wconf 90' lang='lat' dir='ltr'><strong>anti·</strong></span> <span class='ocrx_word' id='word_1_179' title='bbox 1649 2379 1720 2448; x_wconf 72' lang='lat' dir='ltr'><strong>ligae</strong></span> <span class='ocrx_word' id='word_1_180' title='bbox 1737 2378 1856 2447; x_wconf 56' lang='lat' dir='ltr'><strong>&amp;We</strong></span> <span class='ocrx_word' id='word_1_181' title='bbox 1870 2386 1916 2431; x_wconf 48' lang='grc' dir='ltr'><strong>’ἃ</strong></span> 
     </span>
     <span class='ocr_line' id='line_1_20' title="bbox 168 2465 1683 2572; baseline 0.001 -24"><span class='ocrx_word' id='word_1_182' title='bbox 168 2499 172 2506; x_wconf 87' lang='grc'><em>·</em></span> <span class='ocrx_word' id='word_1_183' title='bbox 224 2489 323 2567; x_wconf 66' lang='lat' dir='ltr'><strong>quous,</strong></span> <span class='ocrx_word' id='word_1_184' title='bbox 344 2491 413 2550; x_wconf 78' lang='lat' dir='ltr'><strong>ceri</strong></span> <span class='ocrx_word' id='word_1_185' title='bbox 423 2488 483 2550; x_wconf 87' lang='lat' dir='ltr'><strong>Dei</strong></span> <span class='ocrx_word' id='word_1_186' title='bbox 504 2490 702 2569; x_wconf 73' lang='lat' dir='ltr'><strong>caputionun</strong></span> <span class='ocrx_word' id='word_1_187' title='bbox 724 2494 947 2565; x_wconf 71' lang='lat' dir='ltr'><strong>caumatum,</strong></span> <span class='ocrx_word' id='word_1_188' title='bbox 971 2487 1080 2548; x_wconf 75' lang='lat' dir='ltr'><strong>maan</strong></span> <span class='ocrx_word' id='word_1_189' title='bbox 1101 2487 1182 2566; x_wconf 78' lang='lat' dir='ltr'><strong>ignis</strong></span> <span class='ocrx_word' id='word_1_190' title='bbox 1203 2487 1268 2548; x_wconf 86' lang='lat' dir='ltr'><strong>sice</strong></span> <span class='ocrx_word' id='word_1_191' title='bbox 1288 2482 1507 2572; x_wconf 78' lang='lat' dir='ltr'><strong>nvpodoollorv</strong></span> <span class='ocrx_word' id='word_1_192' title='bbox 1530 2489 1598 2550; x_wconf 87' lang='lat' dir='ltr'><strong>licto</strong></span> <span class='ocrx_word' id='word_1_193' title='bbox 1611 2465 1683 2518; x_wconf 73' lang='lat' dir='ltr'><strong>Pers.</strong></span> 
     </span>
    </p>

    <p class='ocr_par' dir='ltr' id='par_1_3' title="bbox 218 2584 1600 3455">
     <span class='ocr_line' id='line_1_21' title="bbox 224 2584 1599 2670; baseline 0.001 -23"><span class='ocrx_word' id='word_1_194' title='bbox 224 2585 387 2664; x_wconf 86' lang='lat' dir='ltr'><strong>vocabulo,</strong></span> <span class='ocrx_word' id='word_1_195' title='bbox 411 2604 471 2648; x_wconf 94' lang='lat' dir='ltr'><strong>non</strong></span> <span class='ocrx_word' id='word_1_196' title='bbox 493 2587 573 2670; x_wconf 85' lang='lat' dir='ltr'><strong>ignis</strong></span> <span class='ocrx_word' id='word_1_197' title='bbox 597 2586 819 2664; x_wconf 87' lang='lat' dir='ltr'><strong>adorationem,</strong></span> <span class='ocrx_word' id='word_1_198' title='bbox 852 2586 978 2667; x_wconf 82' lang='lat' dir='ltr'><strong>agnosci</strong></span> <span class='ocrx_word' id='word_1_199' title='bbox 1005 2586 1084 2647; x_wconf 91' lang='lat' dir='ltr'><strong>inter</strong></span> <span class='ocrx_word' id='word_1_200' title='bbox 1105 2584 1213 2666; x_wconf 87' lang='lat' dir='ltr'><strong>Magos</strong></span> <span class='ocrx_word' id='word_1_201' title='bbox 1235 2585 1328 2665; x_wconf 80' lang='lat' dir='ltr'><strong>jubet.</strong></span> <span class='ocrx_word' id='word_1_202' title='bbox 1374 2586 1525 2668; x_wconf 77' lang='lat' dir='ltr'><strong>Martyres</strong></span> <span class='ocrx_word' id='word_1_203' title='bbox 1549 2587 1599 2648; x_wconf 92' lang='lat' dir='ltr'><strong>iu-</strong></span> 
     </span>
     <span class='ocr_line' id='line_1_22' title="bbox 224 2683 1599 2767; baseline 0.001 -22"><span class='ocrx_word' id='word_1_204' title='bbox 224 2701 368 2747; x_wconf 90' lang='lat' dir='ltr'><strong>numeros</strong></span> <span class='ocrx_word' id='word_1_205' title='bbox 391 2692 532 2766; x_wconf 88' lang='lat' dir='ltr'><strong>tanquam</strong></span> <span class='ocrx_word' id='word_1_206' title='bbox 555 2683 690 2748; x_wconf 88' lang='lat' dir='ltr'><strong>homines</strong></span> <span class='ocrx_word' id='word_1_207' title='bbox 712 2704 814 2747; x_wconf 89' lang='lat' dir='ltr'><strong>rerum</strong></span> <span class='ocrx_word' id='word_1_208' title='bbox 844 2686 1006 2765; x_wconf 89' lang='lat' dir='ltr'><strong>patriarum</strong></span> <span class='ocrx_word' id='word_1_209' title='bbox 1029 2685 1154 2767; x_wconf 89' lang='lat' dir='ltr'><strong>ignaros</strong></span> <span class='ocrx_word' id='word_1_210' title='bbox 1176 2683 1268 2762; x_wconf 89' lang='lat' dir='ltr'><strong>ridet,</strong></span> <span class='ocrx_word' id='word_1_211' title='bbox 1298 2702 1408 2765; x_wconf 89' lang='lat' dir='ltr'><strong>nempe</strong></span> <span class='ocrx_word' id='word_1_212' title='bbox 1430 2687 1502 2765; x_wconf 86' lang='lat' dir='ltr'><strong>quia</strong></span> <span class='ocrx_word' id='word_1_213' title='bbox 1519 2705 1599 2765; x_wconf 86' lang='lat' dir='ltr'><strong>per-</strong></span> 
     </span>
     <span class='ocr_line' id='line_1_23' title="bbox 218 2781 1599 2862; baseline 0.001 -18"><span class='ocrx_word' id='word_1_214' title='bbox 218 2800 331 2862; x_wconf 84' lang='lat' dir='ltr'><strong>peram</strong></span> <span class='ocrx_word' id='word_1_215' title='bbox 359 2784 576 2845; x_wconf 77' lang='lat' dir='ltr'><strong>esistimodant</strong></span> <span class='ocrx_word' id='word_1_216' title='bbox 603 2783 719 2845; x_wconf 86' lang='lat' dir='ltr'><strong>Persas</strong></span> <span class='ocrx_word' id='word_1_217' title='bbox 748 2784 883 2846; x_wconf 80' lang='lat' dir='ltr'><strong>adorare</strong></span> <span class='ocrx_word' id='word_1_218' title='bbox 910 2784 1017 2858; x_wconf 67' lang='lat' dir='ltr'><strong>soum,</strong></span> <span class='ocrx_word' id='word_1_219' title='bbox 1054 2791 1144 2862; x_wconf 90' lang='lat' dir='ltr'><strong>atque</strong></span> <span class='ocrx_word' id='word_1_220' title='bbox 1182 2781 1259 2844; x_wconf 90' lang='lat' dir='ltr'><strong>adeo</strong></span> <span class='ocrx_word' id='word_1_221' title='bbox 1290 2781 1347 2859; x_wconf 93' lang='lat' dir='ltr'><strong>illi,</strong></span> <span class='ocrx_word' id='word_1_222' title='bbox 1376 2785 1517 2846; x_wconf 82' lang='lat' dir='ltr'><strong>oidmtur</strong></span> <span class='ocrx_word' id='word_1_223' title='bbox 1543 2803 1599 2846; x_wconf 87' lang='lat' dir='ltr'><strong>sno</strong></span> 
     </span>
     <span class='ocr_line' id='line_1_24' title="bbox 223 2881 1600 2965; baseline -0.001 -21"><span class='ocrx_word' id='word_1_224' title='bbox 223 2881 346 2944; x_wconf 69' lang='lat' dir='ltr'><strong>tonora·</strong></span> <span class='ocrx_word' id='word_1_225' title='bbox 365 2889 396 2943; x_wconf 88' lang='lat' dir='ltr'><strong>et</strong></span> <span class='ocrx_word' id='word_1_226' title='bbox 411 2885 562 2962; x_wconf 86' lang='lat' dir='ltr'><strong>propriae</strong></span> <span class='ocrx_word' id='word_1_227' title='bbox 578 2884 770 2961; x_wconf 80' lang='lat' dir='ltr'><strong>pertinaciae</strong></span> <span class='ocrx_word' id='word_1_228' title='bbox 797 2884 954 2963; x_wconf 84' lang='lat' dir='ltr'><strong>plnsqrmm</strong></span> <span class='ocrx_word' id='word_1_229' title='bbox 975 2900 1068 2943; x_wconf 84' lang='lat' dir='ltr'><strong>aerae</strong></span> <span class='ocrx_word' id='word_1_230' title='bbox 1090 2882 1294 2943; x_wconf 75' lang='lat' dir='ltr'><strong>emacientiae</strong></span> <span class='ocrx_word' id='word_1_231' title='bbox 1315 2882 1438 2945; x_wconf 82' lang='lat' dir='ltr'><strong>litasse:</strong></span> <span class='ocrx_word' id='word_1_232' title='bbox 1469 2882 1600 2965; x_wconf 88' lang='lat' dir='ltr'><strong>elegan-</strong></span> 
     </span>
     <span class='ocr_line' id='line_1_25' title="bbox 223 2979 1598 3061; baseline 0.001 -19"><span class='ocrx_word' id='word_1_233' title='bbox 223 2981 294 3042; x_wconf 91' lang='lat' dir='ltr'><strong>tiam</strong></span> <span class='ocrx_word' id='word_1_234' title='bbox 324 2981 450 3043; x_wconf 89' lang='lat' dir='ltr'><strong>istorum</strong></span> <span class='ocrx_word' id='word_1_235' title='bbox 480 2981 642 3043; x_wconf 90' lang='lat' dir='ltr'><strong>verborum</strong></span> <span class='ocrx_word' id='word_1_236' title='bbox 673 2980 814 3042; x_wconf 88' lang='lat' dir='ltr'><strong>deterere</strong></span> <span class='ocrx_word' id='word_1_237' title='bbox 842 2980 991 3061; x_wconf 86' lang='lat' dir='ltr'><strong>piaculum</strong></span> <span class='ocrx_word' id='word_1_238' title='bbox 1020 2979 1108 3043; x_wconf 81' lang='lat' dir='ltr'><strong>soret.</strong></span> <span class='ocrx_word' id='word_1_239' title='bbox 1160 2979 1249 3041; x_wconf 79' lang='lat' dir='ltr'><strong>Absit</strong></span> <span class='ocrx_word' id='word_1_240' title='bbox 1279 2987 1311 3042; x_wconf 99' lang='lat' dir='ltr'><strong>ut</strong></span> <span class='ocrx_word' id='word_1_241' title='bbox 1345 2981 1383 3043; x_wconf 88' lang='lat' dir='ltr'><strong>de</strong></span> <span class='ocrx_word' id='word_1_242' title='bbox 1412 2988 1456 3042; x_wconf 87' lang='lat' dir='ltr'><strong>tot</strong></span> <span class='ocrx_word' id='word_1_243' title='bbox 1486 2984 1598 3044; x_wconf 87' lang='lat' dir='ltr'><strong>sanctis</strong></span> 
     </span>
     <span class='ocr_line' id='line_1_26' title="bbox 225 3077 1597 3163; baseline 0.001 -22"><span class='ocrx_word' id='word_1_244' title='bbox 225 3077 427 3161; x_wconf 88' lang='lat' dir='ltr'><strong>Martyribus,</strong></span> <span class='ocrx_word' id='word_1_245' title='bbox 458 3078 557 3160; x_wconf 89' lang='lat' dir='ltr'><strong>deque</strong></span> <span class='ocrx_word' id='word_1_246' title='bbox 588 3098 626 3141; x_wconf 90' lang='lat' dir='ltr'><strong>eo</strong></span> <span class='ocrx_word' id='word_1_247' title='bbox 655 3080 707 3160; x_wconf 92' lang='lat' dir='ltr'><strong>qui</strong></span> <span class='ocrx_word' id='word_1_248' title='bbox 734 3078 879 3159; x_wconf 88' lang='lat' dir='ltr'><strong>reliquias</strong></span> <span class='ocrx_word' id='word_1_249' title='bbox 910 3077 1028 3141; x_wconf 91' lang='lat' dir='ltr'><strong>illorum</strong></span> <span class='ocrx_word' id='word_1_250' title='bbox 1058 3078 1204 3161; x_wconf 88' lang='lat' dir='ltr'><strong>religiose</strong></span> <span class='ocrx_word' id='word_1_251' title='bbox 1233 3078 1374 3160; x_wconf 81' lang='lat' dir='ltr'><strong>collegit,</strong></span> <span class='ocrx_word' id='word_1_252' title='bbox 1402 3082 1597 3163; x_wconf 87' lang='lat' dir='ltr'><strong>eamdemque</strong></span> 
     </span>
     <span class='ocr_line' id='line_1_27' title="bbox 224 3175 1598 3260; baseline 0.001 -21"><span class='ocrx_word' id='word_1_253' title='bbox 224 3175 314 3239; x_wconf 85' lang='lat' dir='ltr'><strong>fidem</strong></span> <span class='ocrx_word' id='word_1_254' title='bbox 337 3180 553 3260; x_wconf 82' lang='lat' dir='ltr'><strong>propugnavit,</strong></span> <span class='ocrx_word' id='word_1_255' title='bbox 577 3185 637 3240; x_wconf 89' lang='lat' dir='ltr'><strong>tam</strong></span> <span class='ocrx_word' id='word_1_256' title='bbox 660 3177 801 3256; x_wconf 89' lang='lat' dir='ltr'><strong>absurde,</strong></span> <span class='ocrx_word' id='word_1_257' title='bbox 824 3197 864 3239; x_wconf 88' lang='lat' dir='ltr'><strong>ne</strong></span> <span class='ocrx_word' id='word_1_258' title='bbox 893 3177 989 3240; x_wconf 91' lang='lat' dir='ltr'><strong>dicam</strong></span> <span class='ocrx_word' id='word_1_259' title='bbox 1016 3178 1123 3257; x_wconf 88' lang='lat' dir='ltr'><strong>iurpic,</strong></span> <span class='ocrx_word' id='word_1_260' title='bbox 1150 3176 1322 3257; x_wconf 88' lang='lat' dir='ltr'><strong>judicetur,</strong></span> <span class='ocrx_word' id='word_1_261' title='bbox 1351 3182 1529 3259; x_wconf 88' lang='lat' dir='ltr'><strong>praesertim</strong></span> <span class='ocrx_word' id='word_1_262' title='bbox 1558 3200 1598 3243; x_wconf 85' lang='lat' dir='ltr'><strong>ex</strong></span> 
     </span>
     <span class='ocr_line' id='line_1_28' title="bbox 225 3275 1597 3364; baseline 0.001 -26"><span class='ocrx_word' id='word_1_263' title='bbox 225 3285 333 3339; x_wconf 89' lang='lat' dir='ltr'><strong>autore</strong></span> <span class='ocrx_word' id='word_1_264' title='bbox 374 3277 581 3340; x_wconf 89' lang='lat' dir='ltr'><strong>sordidissimo</strong></span> <span class='ocrx_word' id='word_1_265' title='bbox 620 3278 768 3364; x_wconf 75' lang='lat' dir='ltr'><strong>Poematis</strong></span> <span class='ocrx_word' id='word_1_266' title='bbox 799 3275 923 3339; x_wconf 83' lang='lat' dir='ltr'><strong>Centum</strong></span> <span class='ocrx_word' id='word_1_267' title='bbox 958 3275 1142 3353; x_wconf 80' lang='lat' dir='ltr'><strong>Portomrn,</strong></span> <span class='ocrx_word' id='word_1_268' title='bbox 1173 3293 1261 3355; x_wconf 91' lang='lat' dir='ltr'><strong>quem</strong></span> <span class='ocrx_word' id='word_1_269' title='bbox 1291 3284 1322 3338; x_wconf 89' lang='lat' dir='ltr'><strong>et</strong></span> <span class='ocrx_word' id='word_1_270' title='bbox 1349 3277 1597 3340; x_wconf 90' lang='lat' dir='ltr'><strong>Muhamedanum</strong></span> 
     </span>
     <span class='ocr_line' id='line_1_29' title="bbox 223 3374 1275 3455; baseline -0.003 -17"><span class='ocrx_word' id='word_1_271' title='bbox 223 3374 318 3440; x_wconf 87' lang='lat' dir='ltr'><strong>luisse</strong></span> <span class='ocrx_word' id='word_1_272' title='bbox 342 3385 469 3454; x_wconf 88' lang='lat' dir='ltr'><strong>constat,</strong></span> <span class='ocrx_word' id='word_1_273' title='bbox 493 3385 524 3439; x_wconf 91' lang='lat' dir='ltr'><strong>et</strong></span> <span class='ocrx_word' id='word_1_274' title='bbox 546 3385 615 3440; x_wconf 89' lang='lat' dir='ltr'><strong>ante</strong></span> <span class='ocrx_word' id='word_1_275' title='bbox 636 3378 783 3440; x_wconf 88' lang='lat' dir='ltr'><strong>ducentas</strong></span> <span class='ocrx_word' id='word_1_276' title='bbox 806 3374 963 3439; x_wconf 90' lang='lat' dir='ltr'><strong>admodum</strong></span> <span class='ocrx_word' id='word_1_277' title='bbox 985 3391 1080 3436; x_wconf 89' lang='lat' dir='ltr'><strong>annos</strong></span> <span class='ocrx_word' id='word_1_278' title='bbox 1102 3375 1275 3455; x_wconf 85' lang='lat' dir='ltr'><strong>scripsisse.</strong></span> 
     </span>
    </p>
   </div>
   <div class='ocr_carea' id='block_1_3' title="bbox 221 3486 1890 5050">
    <p class='ocr_par' dir='ltr' id='par_1_4' title="bbox 221 3486 1890 5050">
     <span class='ocr_line' id='line_1_30' title="bbox 313 3486 1597 3571; baseline -0.002 -21"><span class='ocrx_word' id='word_1_279' title='bbox 313 3487 546 3551; x_wconf 87' lang='lat' dir='ltr'><strong>Commendatur</strong></span> <span class='ocrx_word' id='word_1_280' title='bbox 567 3497 727 3571; x_wconf 87' lang='lat' dir='ltr'><strong>praeterea</strong></span> <span class='ocrx_word' id='word_1_281' title='bbox 749 3489 893 3565; x_wconf 87' lang='lat' dir='ltr'><strong>Marutas,</strong></span> <span class='ocrx_word' id='word_1_282' title='bbox 917 3486 1093 3549; x_wconf 89' lang='lat' dir='ltr'><strong>aJaaobitis</strong></span> <span class='ocrx_word' id='word_1_283' title='bbox 1109 3487 1140 3549; x_wconf 92' lang='lat' dir='ltr'><strong>in</strong></span> <span class='ocrx_word' id='word_1_284' title='bbox 1155 3486 1336 3568; x_wconf 87' lang='lat' dir='ltr'><strong>amplissima</strong></span> <span class='ocrx_word' id='word_1_285' title='bbox 1349 3495 1380 3550; x_wconf 91' lang='lat' dir='ltr'><strong>et</strong></span> <span class='ocrx_word' id='word_1_286' title='bbox 1395 3488 1597 3550; x_wconf 90' lang='lat' dir='ltr'><strong>vetustissima</strong></span> 
     </span>
     <span class='ocr_line' id='line_1_31' title="bbox 225 3584 1598 3668; baseline -0.001 -19"><span class='ocrx_word' id='word_1_287' title='bbox 225 3584 381 3649; x_wconf 86' lang='lat' dir='ltr'><strong>Cononum</strong></span> <span class='ocrx_word' id='word_1_288' title='bbox 404 3586 591 3650; x_wconf 90' lang='lat' dir='ltr'><strong>Collectione</strong></span> <span class='ocrx_word' id='word_1_289' title='bbox 615 3586 757 3668; x_wconf 90' lang='lat' dir='ltr'><strong>Syriaca,</strong></span> <span class='ocrx_word' id='word_1_290' title='bbox 785 3584 867 3665; x_wconf 94' lang='lat' dir='ltr'><strong>quod</strong></span> <span class='ocrx_word' id='word_1_291' title='bbox 889 3584 1065 3666; x_wconf 89' lang='lat' dir='ltr'><strong>discipliuae</strong></span> <span class='ocrx_word' id='word_1_292' title='bbox 1088 3584 1324 3648; x_wconf 78' lang='lat' dir='ltr'><strong>Ecclesiasticus</strong></span> <span class='ocrx_word' id='word_1_293' title='bbox 1351 3593 1410 3647; x_wconf 91' lang='lat' dir='ltr'><strong>tam</strong></span> <span class='ocrx_word' id='word_1_294' title='bbox 1438 3587 1468 3648; x_wconf 91' lang='lat' dir='ltr'><strong>in</strong></span> <span class='ocrx_word' id='word_1_295' title='bbox 1490 3585 1598 3648; x_wconf 92' lang='lat' dir='ltr'><strong>Meso·</strong></span> 
     </span>
     <span class='ocr_line' id='line_1_32' title="bbox 223 3684 1597 3768; baseline -0.001 -20"><span class='ocrx_word' id='word_1_296' title='bbox 223 3688 354 3765; x_wconf 89' lang='lat' dir='ltr'><strong>potamia</strong></span> <span class='ocrx_word' id='word_1_297' title='bbox 377 3704 465 3768; x_wconf 90' lang='lat' dir='ltr'><strong>quam</strong></span> <span class='ocrx_word' id='word_1_298' title='bbox 488 3688 518 3748; x_wconf 89' lang='lat' dir='ltr'><strong>iu</strong></span> <span class='ocrx_word' id='word_1_299' title='bbox 541 3685 664 3749; x_wconf 87' lang='lat' dir='ltr'><strong>Perside</strong></span> <span class='ocrx_word' id='word_1_300' title='bbox 686 3684 902 3762; x_wconf 89' lang='lat' dir='ltr'><strong>restituendae,</strong></span> <span class='ocrx_word' id='word_1_301' title='bbox 932 3685 1082 3764; x_wconf 81' lang='lat' dir='ltr'><strong>insignem</strong></span> <span class='ocrx_word' id='word_1_302' title='bbox 1104 3700 1229 3764; x_wconf 90' lang='lat' dir='ltr'><strong>operam</strong></span> <span class='ocrx_word' id='word_1_303' title='bbox 1251 3686 1416 3747; x_wconf 89' lang='lat' dir='ltr'><strong>uavaverit.</strong></span> <span class='ocrx_word' id='word_1_304' title='bbox 1444 3684 1536 3747; x_wconf 88' lang='lat' dir='ltr'><strong>Extat</strong></span> <span class='ocrx_word' id='word_1_305' title='bbox 1558 3685 1597 3746; x_wconf 89' lang='lat' dir='ltr'><strong>de</strong></span> 
     </span>
     <span class='ocr_line' id='line_1_33' title="bbox 222 3781 1890 3867; baseline -0.001 -20"><span class='ocrx_word' id='word_1_306' title='bbox 222 3782 283 3847; x_wconf 88' lang='lat' dir='ltr'><strong>hoc</strong></span> <span class='ocrx_word' id='word_1_307' title='bbox 306 3794 483 3866; x_wconf 88' lang='lat' dir='ltr'><strong>argumento</strong></span> <span class='ocrx_word' id='word_1_308' title='bbox 507 3784 670 3867; x_wconf 78' lang='lat' dir='ltr'><strong>syntagma</strong></span> <span class='ocrx_word' id='word_1_309' title='bbox 695 3783 849 3846; x_wconf 90' lang='lat' dir='ltr'><strong>Canonum</strong></span> <span class='ocrx_word' id='word_1_310' title='bbox 879 3783 1004 3864; x_wconf 83' lang='lat' dir='ltr'><strong>Syriaca</strong></span> <span class='ocrx_word' id='word_1_311' title='bbox 1027 3781 1085 3844; x_wconf 90' lang='lat' dir='ltr'><strong>hoc</strong></span> <span class='ocrx_word' id='word_1_312' title='bbox 1107 3783 1204 3847; x_wconf 91' lang='lat' dir='ltr'><strong>titulo.</strong></span> <span class='ocrx_word' id='word_1_313' title='bbox 1262 3781 1402 3845; x_wconf 86' lang='lat' dir='ltr'><strong>Canones</strong></span> <span class='ocrx_word' id='word_1_314' title='bbox 1424 3790 1454 3845; x_wconf 88' lang='lat' dir='ltr'><strong>et</strong></span> <span class='ocrx_word' id='word_1_315' title='bbox 1474 3785 1598 3864; x_wconf 76' lang='lat' dir='ltr'><strong>regulae</strong></span> <span class='ocrx_word' id='word_1_316' title='bbox 1643 3786 1691 3838; x_wconf 75' lang='lat' dir='ltr'><strong>Mr-</strong></span> <span class='ocrx_word' id='word_1_317' title='bbox 1708 3787 1765 3854; x_wconf 72' lang='lat' dir='ltr'><strong>Syr·</strong></span> <span class='ocrx_word' id='word_1_318' title='bbox 1782 3784 1890 3835; x_wconf 64' lang='lat' dir='ltr'><strong>marma</strong></span> 
     </span>
     <span class='ocr_line' id='line_1_34' title="bbox 222 3881 1598 3966; baseline -0.001 -21"><span class='ocrx_word' id='word_1_319' title='bbox 222 3886 403 3946; x_wconf 83' lang='lat' dir='ltr'><strong>constitutae</strong></span> <span class='ocrx_word' id='word_1_320' title='bbox 425 3902 446 3945; x_wconf 92' lang='lat' dir='ltr'><strong>a</strong></span> <span class='ocrx_word' id='word_1_321' title='bbox 467 3882 591 3966; x_wconf 77' lang='lat' dir='ltr'><strong>Syncda</strong></span> <span class='ocrx_word' id='word_1_322' title='bbox 612 3883 832 3963; x_wconf 85' lang='lat' dir='ltr'><strong>Episcoporum</strong></span> <span class='ocrx_word' id='word_1_323' title='bbox 860 3881 1027 3943; x_wconf 87' lang='lat' dir='ltr'><strong>Persarum</strong></span> <span class='ocrx_word' id='word_1_324' title='bbox 1047 3881 1155 3943; x_wconf 76' lang='lat' dir='ltr'><strong>talita</strong></span> <span class='ocrx_word' id='word_1_325' title='bbox 1180 3883 1213 3943; x_wconf 90' lang='lat' dir='ltr'><strong>in</strong></span> <span class='ocrx_word' id='word_1_326' title='bbox 1240 3882 1414 3945; x_wconf 82' lang='lat' dir='ltr'><strong>civitatibus</strong></span> <span class='ocrx_word' id='word_1_327' title='bbox 1441 3881 1598 3944; x_wconf 83' lang='lat' dir='ltr'><strong>Seleuciae</strong></span> 
     </span>
     <span class='ocr_line' id='line_1_35' title="bbox 221 3979 1599 4062; baseline -0.001 -20"><span class='ocrx_word' id='word_1_328' title='bbox 221 3987 254 4042; x_wconf 89' lang='lat' dir='ltr'><strong>et</strong></span> <span class='ocrx_word' id='word_1_329' title='bbox 275 3980 491 4061; x_wconf 75' lang='lat' dir='ltr'><strong>Ctesiphontis,</strong></span> <span class='ocrx_word' id='word_1_330' title='bbox 520 3984 674 4044; x_wconf 81' lang='lat' dir='ltr'><strong>ciuitatum</strong></span> <span class='ocrx_word' id='word_1_331' title='bbox 704 3983 791 4062; x_wconf 82' lang='lat' dir='ltr'><strong>repni</strong></span> <span class='ocrx_word' id='word_1_332' title='bbox 818 3980 966 4056; x_wconf 84' lang='lat' dir='ltr'><strong>Persidis,</strong></span> <span class='ocrx_word' id='word_1_333' title='bbox 988 3981 1020 4041; x_wconf 90' lang='lat' dir='ltr'><strong>in</strong></span> <span class='ocrx_word' id='word_1_334' title='bbox 1042 3979 1208 4060; x_wconf 75' lang='lat' dir='ltr'><strong>Legatione</strong></span> <span class='ocrx_word' id='word_1_335' title='bbox 1229 3980 1268 4044; x_wconf 88' lang='lat' dir='ltr'><strong>D.</strong></span> <span class='ocrx_word' id='word_1_336' title='bbox 1292 3981 1431 4043; x_wconf 74' lang='lat' dir='ltr'><strong>Manciae</strong></span> <span class='ocrx_word' id='word_1_337' title='bbox 1452 3980 1599 4061; x_wconf 86' lang='lat' dir='ltr'><strong>Episcopi</strong></span> 
     </span>
     <span class='ocr_line' id='line_1_36' title="bbox 221 4078 1598 4161; baseline 0 -20"><span class='ocrx_word' id='word_1_338' title='bbox 221 4078 418 4158; x_wconf 72' lang='lat' dir='ltr'><strong>Miafarelrin,</strong></span> <span class='ocrx_word' id='word_1_339' title='bbox 441 4082 484 4142; x_wconf 82' lang='lat' dir='ltr'><strong>ari</strong></span> <span class='ocrx_word' id='word_1_340' title='bbox 504 4080 697 4161; x_wconf 81' lang='lat' dir='ltr'><strong>isdegerdem</strong></span> <span class='ocrx_word' id='word_1_341' title='bbox 719 4081 831 4161; x_wconf 75' lang='lat' dir='ltr'><strong>Regem</strong></span> <span class='ocrx_word' id='word_1_342' title='bbox 850 4078 949 4158; x_wconf 79' lang='lat' dir='ltr'><strong>[ilium</strong></span> <span class='ocrx_word' id='word_1_343' title='bbox 971 4079 1102 4159; x_wconf 83' lang='lat' dir='ltr'><strong>Saporis</strong></span> <span class='ocrx_word' id='word_1_344' title='bbox 1124 4097 1205 4140; x_wconf 90' lang='lat' dir='ltr'><strong>anno</strong></span> <span class='ocrx_word' id='word_1_345' title='bbox 1226 4078 1266 4140; x_wconf 88' lang='lat' dir='ltr'><strong>ll.</strong></span> <span class='ocrx_word' id='word_1_346' title='bbox 1290 4083 1378 4160; x_wconf 81' lang='lat' dir='ltr'><strong>repni</strong></span> <span class='ocrx_word' id='word_1_347' title='bbox 1398 4081 1470 4158; x_wconf 59' lang='lat' dir='ltr'><strong>Mas.</strong></span> <span class='ocrx_word' id='word_1_348' title='bbox 1512 4079 1598 4142; x_wconf 90' lang='lat' dir='ltr'><strong>Con-</strong></span> 
     </span>
     <span class='ocr_line' id='line_1_37' title="bbox 221 4176 1597 4263; baseline 0.001 -24"><span class='ocrx_word' id='word_1_349' title='bbox 221 4179 356 4241; x_wconf 90' lang='lat' dir='ltr'><strong>tinentur</strong></span> <span class='ocrx_word' id='word_1_350' title='bbox 382 4181 414 4240; x_wconf 92' lang='lat' dir='ltr'><strong>iu</strong></span> <span class='ocrx_word' id='word_1_351' title='bbox 441 4196 479 4241; x_wconf 88' lang='lat' dir='ltr'><strong>co</strong></span> <span class='ocrx_word' id='word_1_352' title='bbox 510 4178 705 4263; x_wconf 79' lang='lat' dir='ltr'><strong>syntagmate</strong></span> <span class='ocrx_word' id='word_1_353' title='bbox 740 4176 881 4241; x_wconf 88' lang='lat' dir='ltr'><strong>Canones</strong></span> <span class='ocrx_word' id='word_1_354' title='bbox 909 4178 1016 4259; x_wconf 87' lang='lat' dir='ltr'><strong>viginti</strong></span> <span class='ocrx_word' id='word_1_355' title='bbox 1044 4195 1117 4255; x_wconf 81' lang='lat' dir='ltr'><strong>sex,</strong></span> <span class='ocrx_word' id='word_1_356' title='bbox 1153 4194 1257 4239; x_wconf 88' lang='lat' dir='ltr'><strong>omncs</strong></span> <span class='ocrx_word' id='word_1_357' title='bbox 1287 4185 1410 4257; x_wconf 89' lang='lat' dir='ltr'><strong>praeter</strong></span> <span class='ocrx_word' id='word_1_358' title='bbox 1440 4194 1530 4239; x_wconf 89' lang='lat' dir='ltr'><strong>unum</strong></span> <span class='ocrx_word' id='word_1_359' title='bbox 1559 4178 1597 4240; x_wconf 91' lang='lat' dir='ltr'><strong>de</strong></span> 
     </span>
     <span class='ocr_line' id='line_1_38' title="bbox 223 4274 1596 4357; baseline 0.001 -20"><span class='ocrx_word' id='word_1_360' title='bbox 223 4276 381 4357; x_wconf 87' lang='lat' dir='ltr'><strong>disciplina</strong></span> <span class='ocrx_word' id='word_1_361' title='bbox 403 4277 630 4356; x_wconf 87' lang='lat' dir='ltr'><strong>Ecclesiastica,</strong></span> <span class='ocrx_word' id='word_1_362' title='bbox 653 4279 735 4340; x_wconf 89' lang='lat' dir='ltr'><strong>missi</strong></span> <span class='ocrx_word' id='word_1_363' title='bbox 758 4285 789 4340; x_wconf 95' lang='lat' dir='ltr'><strong>ut</strong></span> <span class='ocrx_word' id='word_1_364' title='bbox 811 4277 893 4338; x_wconf 89' lang='lat' dir='ltr'><strong>aiunt</strong></span> <span class='ocrx_word' id='word_1_365' title='bbox 923 4275 959 4337; x_wconf 86' lang='lat' dir='ltr'><strong>ab</strong></span> <span class='ocrx_word' id='word_1_366' title='bbox 981 4275 1142 4356; x_wconf 92' lang='lat' dir='ltr'><strong>Episcopis</strong></span> <span class='ocrx_word' id='word_1_367' title='bbox 1164 4274 1355 4354; x_wconf 88' lang='lat' dir='ltr'><strong>Occidentis,</strong></span> <span class='ocrx_word' id='word_1_368' title='bbox 1387 4293 1447 4357; x_wconf 93' lang='lat' dir='ltr'><strong>quo</strong></span> <span class='ocrx_word' id='word_1_369' title='bbox 1477 4277 1596 4338; x_wconf 87' lang='lat' dir='ltr'><strong>nornine</strong></span> 
     </span>
     <span class='ocr_line' id='line_1_39' title="bbox 223 4373 1597 4457; baseline 0 -20"><span class='ocrx_word' id='word_1_370' title='bbox 223 4375 334 4437; x_wconf 90' lang='lat' dir='ltr'><strong>Graeci</strong></span> <span class='ocrx_word' id='word_1_371' title='bbox 357 4375 545 4457; x_wconf 90' lang='lat' dir='ltr'><strong>intelligendi</strong></span> <span class='ocrx_word' id='word_1_372' title='bbox 567 4385 648 4454; x_wconf 90' lang='lat' dir='ltr'><strong>sunt,</strong></span> <span class='ocrx_word' id='word_1_373' title='bbox 671 4377 722 4457; x_wconf 92' lang='lat' dir='ltr'><strong>qui</strong></span> <span class='ocrx_word' id='word_1_374' title='bbox 745 4395 784 4439; x_wconf 84' lang='lat' dir='ltr'><strong>ex</strong></span> <span class='ocrx_word' id='word_1_375' title='bbox 808 4375 931 4456; x_wconf 87' lang='lat' dir='ltr'><strong>Synodo</strong></span> <span class='ocrx_word' id='word_1_376' title='bbox 961 4376 991 4436; x_wconf 91' lang='lat' dir='ltr'><strong>iu</strong></span> <span class='ocrx_word' id='word_1_377' title='bbox 1015 4374 1142 4437; x_wconf 85' lang='lat' dir='ltr'><strong>Graecia</strong></span> <span class='ocrx_word' id='word_1_378' title='bbox 1165 4374 1277 4454; x_wconf 88' lang='lat' dir='ltr'><strong>habita,</strong></span> <span class='ocrx_word' id='word_1_379' title='bbox 1300 4382 1333 4437; x_wconf 95' lang='lat' dir='ltr'><strong>ut</strong></span> <span class='ocrx_word' id='word_1_380' title='bbox 1356 4376 1386 4437; x_wconf 91' lang='lat' dir='ltr'><strong>in</strong></span> <span class='ocrx_word' id='word_1_381' title='bbox 1409 4373 1597 4437; x_wconf 87' lang='lat' dir='ltr'><strong>Praelationc</strong></span> 
     </span>
     <span class='ocr_line' id='line_1_40' title="bbox 222 4472 1598 4557; baseline -0.001 -22"><span class='ocrx_word' id='word_1_382' title='bbox 222 4480 355 4552; x_wconf 87' lang='lat' dir='ltr'><strong>notatur,</strong></span> <span class='ocrx_word' id='word_1_383' title='bbox 378 4474 416 4535; x_wconf 92' lang='lat' dir='ltr'><strong>ad</strong></span> <span class='ocrx_word' id='word_1_384' title='bbox 440 4474 610 4537; x_wconf 89' lang='lat' dir='ltr'><strong>Orientales</strong></span> <span class='ocrx_word' id='word_1_385' title='bbox 633 4477 832 4555; x_wconf 90' lang='lat' dir='ltr'><strong>scripserunt.</strong></span> <span class='ocrx_word' id='word_1_386' title='bbox 885 4472 1023 4537; x_wconf 90' lang='lat' dir='ltr'><strong>Canones</strong></span> <span class='ocrx_word' id='word_1_387' title='bbox 1052 4482 1082 4536; x_wconf 89' lang='lat' dir='ltr'><strong>et</strong></span> <span class='ocrx_word' id='word_1_388' title='bbox 1108 4472 1275 4552; x_wconf 87' lang='lat' dir='ltr'><strong>Epistulam</strong></span> <span class='ocrx_word' id='word_1_389' title='bbox 1305 4474 1508 4557; x_wconf 91' lang='lat' dir='ltr'><strong>promulgavit</strong></span> <span class='ocrx_word' id='word_1_390' title='bbox 1529 4473 1598 4535; x_wconf 87' lang='lat' dir='ltr'><strong>Ma-</strong></span> 
     </span>
     <span class='ocr_line' id='line_1_41' title="bbox 223 4570 1596 4657; baseline -0.001 -22"><span class='ocrx_word' id='word_1_391' title='bbox 223 4581 302 4652; x_wconf 85' lang='lat' dir='ltr'><strong>ruta,</strong></span> <span class='ocrx_word' id='word_1_392' title='bbox 325 4574 356 4634; x_wconf 92' lang='lat' dir='ltr'><strong>in</strong></span> <span class='ocrx_word' id='word_1_393' title='bbox 379 4574 516 4636; x_wconf 92' lang='lat' dir='ltr'><strong>Concilio</strong></span> <span class='ocrx_word' id='word_1_394' title='bbox 540 4573 738 4657; x_wconf 85' lang='lat' dir='ltr'><strong>quadraginta</strong></span> <span class='ocrx_word' id='word_1_395' title='bbox 761 4572 981 4654; x_wconf 89' lang='lat' dir='ltr'><strong>Episcoporum</strong></span> <span class='ocrx_word' id='word_1_396' title='bbox 1011 4572 1169 4636; x_wconf 87' lang='lat' dir='ltr'><strong>Seleuciae</strong></span> <span class='ocrx_word' id='word_1_397' title='bbox 1200 4582 1230 4635; x_wconf 90' lang='lat' dir='ltr'><strong>et</strong></span> <span class='ocrx_word' id='word_1_398' title='bbox 1258 4571 1454 4654; x_wconf 87' lang='lat' dir='ltr'><strong>Ctesiphonte</strong></span> <span class='ocrx_word' id='word_1_399' title='bbox 1483 4570 1596 4657; x_wconf 83' lang='lat' dir='ltr'><strong>habito,</strong></span> 
     </span>
     <span class='ocr_line' id='line_1_42' title="bbox 223 4670 1598 4753; baseline -0.001 -19"><span class='ocrx_word' id='word_1_400' title='bbox 223 4673 274 4734; x_wconf 91' lang='lat' dir='ltr'><strong>cui</strong></span> <span class='ocrx_word' id='word_1_401' title='bbox 296 4672 452 4753; x_wconf 90' lang='lat' dir='ltr'><strong>praesedit</strong></span> <span class='ocrx_word' id='word_1_402' title='bbox 474 4672 561 4734; x_wconf 91' lang='lat' dir='ltr'><strong>simul</strong></span> <span class='ocrx_word' id='word_1_403' title='bbox 584 4690 650 4734; x_wconf 92' lang='lat' dir='ltr'><strong>cum</strong></span> <span class='ocrx_word' id='word_1_404' title='bbox 673 4690 711 4735; x_wconf 92' lang='lat' dir='ltr'><strong>ea</strong></span> <span class='ocrx_word' id='word_1_405' title='bbox 733 4670 818 4734; x_wconf 85' lang='lat' dir='ltr'><strong>Isaac</strong></span> <span class='ocrx_word' id='word_1_406' title='bbox 838 4671 1021 4750; x_wconf 87' lang='lat' dir='ltr'><strong>Catholicus,</strong></span> <span class='ocrx_word' id='word_1_407' title='bbox 1045 4689 1134 4752; x_wconf 86' lang='lat' dir='ltr'><strong>quem</strong></span> <span class='ocrx_word' id='word_1_408' title='bbox 1156 4672 1251 4753; x_wconf 90' lang='lat' dir='ltr'><strong>ipsius</strong></span> <span class='ocrx_word' id='word_1_409' title='bbox 1274 4671 1398 4735; x_wconf 78' lang='lat' dir='ltr'><strong>fratrem</strong></span> <span class='ocrx_word' id='word_1_410' title='bbox 1420 4670 1515 4734; x_wconf 89' lang='lat' dir='ltr'><strong>luisse</strong></span> <span class='ocrx_word' id='word_1_411' title='bbox 1537 4670 1598 4732; x_wconf 55' lang='lat' dir='ltr'><strong>doa</strong></span> 
     </span>
     <span class='ocr_line' id='line_1_43' title="bbox 223 4770 1597 4852; baseline -0.001 -20"><span class='ocrx_word' id='word_1_412' title='bbox 223 4778 273 4833; x_wconf 90' lang='lat' dir='ltr'><strong>cet</strong></span> <span class='ocrx_word' id='word_1_413' title='bbox 303 4770 408 4833; x_wconf 88' lang='lat' dir='ltr'><strong>eadem</strong></span> <span class='ocrx_word' id='word_1_414' title='bbox 438 4770 606 4849; x_wconf 88' lang='lat' dir='ltr'><strong>Praelatio,</strong></span> <span class='ocrx_word' id='word_1_415' title='bbox 642 4771 681 4833; x_wconf 89' lang='lat' dir='ltr'><strong>de</strong></span> <span class='ocrx_word' id='word_1_416' title='bbox 712 4789 773 4852; x_wconf 94' lang='lat' dir='ltr'><strong>quo</strong></span> <span class='ocrx_word' id='word_1_417' title='bbox 802 4771 891 4833; x_wconf 89' lang='lat' dir='ltr'><strong>silent</strong></span> <span class='ocrx_word' id='word_1_418' title='bbox 919 4770 1103 4836; x_wconf 89' lang='lat' dir='ltr'><strong>Nestoriani.</strong></span> <span class='ocrx_word' id='word_1_419' title='bbox 1156 4772 1297 4834; x_wconf 90' lang='lat' dir='ltr'><strong>Cananes</strong></span> <span class='ocrx_word' id='word_1_420' title='bbox 1324 4771 1442 4852; x_wconf 80' lang='lat' dir='ltr'><strong>accepti</strong></span> <span class='ocrx_word' id='word_1_421' title='bbox 1468 4778 1538 4833; x_wconf 89' lang='lat' dir='ltr'><strong>sunt</strong></span> <span class='ocrx_word' id='word_1_422' title='bbox 1566 4776 1597 4831; x_wconf 91' lang='lat' dir='ltr'><strong>et</strong></span> 
     </span>
     <span class='ocr_line' id='line_1_44' title="bbox 223 4869 1595 4952; baseline -0.001 -19"><span class='ocrx_word' id='word_1_423' title='bbox 223 4869 367 4950; x_wconf 87' lang='lat' dir='ltr'><strong>Synodali</strong></span> <span class='ocrx_word' id='word_1_424' title='bbox 390 4873 550 4933; x_wconf 86' lang='lat' dir='ltr'><strong>autoritate</strong></span> <span class='ocrx_word' id='word_1_425' title='bbox 573 4870 748 4933; x_wconf 85' lang='lat' dir='ltr'><strong>confirmati.</strong></span> <span class='ocrx_word' id='word_1_426' title='bbox 783 4869 940 4934; x_wconf 87' lang='lat' dir='ltr'><strong>Secundus</strong></span> <span class='ocrx_word' id='word_1_427' title='bbox 963 4871 1097 4933; x_wconf 88' lang='lat' dir='ltr'><strong>continet</strong></span> <span class='ocrx_word' id='word_1_428' title='bbox 1118 4871 1348 4952; x_wconf 84' lang='lat' dir='ltr'><strong>Expositiouem</strong></span> <span class='ocrx_word' id='word_1_429' title='bbox 1370 4870 1452 4949; x_wconf 90' lang='lat' dir='ltr'><strong>lidei,</strong></span> <span class='ocrx_word' id='word_1_430' title='bbox 1473 4871 1503 4932; x_wconf 91' lang='lat' dir='ltr'><strong>in</strong></span> <span class='ocrx_word' id='word_1_431' title='bbox 1526 4888 1595 4949; x_wconf 91' lang='lat' dir='ltr'><strong>qua,</strong></span> 
     </span>
     <span class='ocr_line' id='line_1_45' title="bbox 224 4968 1594 5050; baseline 0.001 -20"><span class='ocrx_word' id='word_1_432' title='bbox 224 4986 292 5030; x_wconf 88' lang='lat' dir='ltr'><strong>cum</strong></span> <span class='ocrx_word' id='word_1_433' title='bbox 315 4968 428 5031; x_wconf 92' lang='lat' dir='ltr'><strong>nullum</strong></span> <span class='ocrx_word' id='word_1_434' title='bbox 450 4969 649 5033; x_wconf 86' lang='lat' dir='ltr'><strong>Nestoriauae</strong></span> <span class='ocrx_word' id='word_1_435' title='bbox 673 4977 725 5033; x_wconf 91' lang='lat' dir='ltr'><strong>aut</strong></span> <span class='ocrx_word' id='word_1_436' title='bbox 746 4968 931 5032; x_wconf 87' lang='lat' dir='ltr'><strong>Jacobiticae</strong></span> <span class='ocrx_word' id='word_1_437' title='bbox 960 4968 1118 5032; x_wconf 90' lang='lat' dir='ltr'><strong>doctrinae</strong></span> <span class='ocrx_word' id='word_1_438' title='bbox 1148 4970 1311 5050; x_wconf 87' lang='lat' dir='ltr'><strong>vestigium</strong></span> <span class='ocrx_word' id='word_1_439' title='bbox 1331 4968 1594 5047; x_wconf 84' lang='lat' dir='ltr'><strong>animadvertatur,</strong></span> 
     </span>
    </p>
   </div>
   <div class='ocr_carea' id='block_1_4' title="bbox 0 0 2268 6034">
    <p class='ocr_par' dir='ltr' id='par_1_5' title="bbox 0 0 2268 6034">
     <span class='ocr_line' id='line_1_46' title="bbox 0 0 2268 6034; baseline 0 2"><span class='ocrx_word' id='word_1_440' title='bbox 0 0 2268 6034; x_wconf 95' lang='lat' dir='ltr'><strong> </strong></span> 
     </span>
    </p>
   </div>
  </div>
 </body>
</html>
