4525 6034
716 564 793 640 608
1286 564 1518 643 totta

715 750 826 813 utenda
855 749 1028 831 relinquere
1055 749 1260 832 periculosam
1289 753 1386 814 vuum
1415 748 1485 832 huit,
1520 759 1551 814 at
1579 751 1696 816 serrari
1726 750 1824 833 aliqua
1852 754 1990 835 oportebat
2011 756 2039 819 ad

717 850 908 914 traditionem
932 848 1126 912 Orientalium
1148 850 1402 932 perspiciendam.

832 1145 894 1217 20.
933 1145 1078 1240 Canaque
1104 1148 1199 1217 canit
1223 1145 1402 1219 Diacoaus
1428 1145 1475 1216 ad
1495 1147 1702 1241 portandum
1728 1147 1880 1238 calicem,
1905 1154 1961 1219 etc.

810 1353 933 1433 Ouarna
960 1365 1164 1448 praecedens:
1198 1366 1280 1429 Unus
1301 1366 1558 1445 Poterimus,
1580 1376 1636 1433 etc.
1666 1367 1776 1432 dicitur
1803 1387 1842 1432 eo
1869 1371 1931 1450 ipso
1953 1369 2047 1432 lacsir

718 1472 855 1533 omnihus
879 1468 1080 1532 Orientalibus
1102 1470 1258 1552 Litargiis,
1280 1469 1366 1552 quasi
1389 1477 1507 1535 tessera
1530 1470 1718 1534 Christianae
1739 1469 1809 1533 fidei
1831 1472 1910 1534 circa
1928 1471 2047 1535 Trinitatis

717 1570 902 1652 mysterium.
933 1568 1088 1632 Canuntur
1103 1567 1550 1652 intereallespousoria„quae
1573 1571 1611 1633 ad
1633 1569 1722 1634 iidem
1744 1570 1783 1633 de
1798 1569 1974 1634 Eucharistia
1991 1589 2048 1635 con-

717 1668 884 1731 testandum
906 1669 1074 1748 pertinent,
1103 1676 1271 1750 praeeunte
1294 1668 1439 1732 Diacono.
1482 1669 1524 1732 At
1551 1670 1753 1752 singularem,
1780 1678 1814 1732 ut
1844 1671 1919 1751 apud
1945 1670 2049 1752 Coptitss

718 1770 800 1831 circa
822 1766 895 1831 illud
918 1769 1092 1849 mysterium
1115 1766 1339 1832 confessionem
1360 1767 1436 1847 heri,
1459 1768 1540 1831 nulia
1561 1768 1694 1853 legitima
1716 1771 1875 1858 saturitate
1896 1777 2007 1848 comat,
2022 1788 2051 1832 er

717 1866 861 1929 librorum
890 1866 1028 1944 deiectu,
1059 1885 1160 1947 neque
1186 1867 1318 1948 reliquas
1349 1869 1555 1931 caeremonias
1584 1887 1662 1949 quae
1684 1866 1722 1930 ad
1743 1868 1955 1932 Eucharistiam
1973 1869 2051 1931 distri-

717 1965 866 2029 huendam
890 1966 1026 2029 adhiberi
1048 1966 1159 2029 debent
1174 1968 1294 2030 ιοίιιιιιε.
1337 1966 1403 2030 lloc
1425 1965 1494 2030 loco
1515 1967 1613 2031 solum
1635 1967 1665 2028 id
1687 1966 1843 2044 habemus,
1864 1968 1942 2050 quod
1960 1988 1994 2031 en
2011 1987 2052 2030 ne·

717 2067 777 2130 teri
799 2065 956 2148 disciplina
978 2065 1058 2129 calix
1079 2065 1214 2129 Diacono
1237 2065 1439 2144 committitur,
1461 2073 1522 2130 tum
1543 2075 1577 2130 ut
1590 2067 1804 2132 Sacerdotibus
1828 2076 1858 2131 et
1880 2068 1951 2146 aliis,
1971 2069 2052 2149 quihus

716 2166 866 2230 bibendus
896 2165 985 2229 datur
1013 2184 1081 2228 eum
1111 2166 1312 2229 administret:
1341 2174 1402 2228 tum
1432 2173 1464 2229 ut
1486 2167 1585 2230 Laicis
1612 2174 1644 2230 et
1665 2167 1840 2230 mulieribus
1863 2170 1913 2250 qui
1931 2166 2055 2229 latinam

716 2264 894 2344 particulam
915 2264 1067 2329 cochleari
1088 2266 1227 2347 praebito
1249 2267 1411 2348 accipiunt,
1434 2267 1670 2331 communionem
1693 2267 1862 2331 distribuat.
1893 2267 1962 2330 Cum
1980 2273 2055 2327 auten

716 2364 769 2426 illa
792 2366 979 2429 cousuetudo
1001 2366 1032 2426 in
1053 2364 1193 2428 Ecclesia
1217 2365 1333 2428 Graeca
1355 2373 1453 2429 ortum
1475 2365 1628 2446 habuerit,
1660 2374 1691 2429 et
1719 2366 1756 2428 ad
1785 2366 1953 2430 Orientales
1977 2380 2056 2426 omncs

717 2466 909 2546 pervenerit,
937 2464 1124 2528 Nestorianis
1155 2482 1276 2546 quoque
1305 2464 1480 2530 familiarem
1501 2465 1595 2530 luisse
1618 2466 1777 2529 verisimile
1801 2468 1921 2528 omnino
1941 2474 1989 2527 cst
2023 2462 2057 2523 lla

718 2564 926 2626 communione
953 2564 1009 2627 sub
1036 2571 1165 2644 utraque
1194 2565 1299 2645 specie
1322 2563 1460 2628 dubitare
1481 2583 1543 2629 uon
1565 2567 1666 2628 sinunt
1686 2582 1742 2627 nos
1766 2565 1958 2645 quorumdam
1977 2562 2058 2626 Thea-

717 2662 858 2744 logorum
880 2680 898 2725 a
919 2663 1112 2726 hlissionibus
1134 2664 1320 2740 testimonia,
1349 2664 1402 2745 qui
1423 2681 1491 2727 eam
1512 2665 1711 2747 disciplinam,
1741 2664 1826 2727 velut
1856 2682 1984 2727 emonem
2001 2680 2058 2744 grs-

718 2764 872 2826 vissimum
900 2762 958 2825 illis
986 2762 1146 2845 objiciunt,
1176 2763 1312 2845 quamvis
1341 2780 1403 2826 non
1432 2765 1594 2847 antiquitus
1624 2764 1712 2827 modo
1743 2764 1909 2827 communis
1935 2779 2000 2825 usus
2020 2760 2058 2822 illa

717 2861 810 2926 luerit
838 2862 917 2943 apud
949 2881 1054 2925 omnes
1083 2862 1256 2942 Ecclesias,
1285 2881 1391 2926 verum
1420 2865 1509 2927 etiam
1531 2882 1738 2946 quaecumque
1761 2862 1799 2925 ad
1822 2864 1961 2925 unitatem
1978 2862 2059 2923 redie-
2146 2893 2152 2910 ·

718 2969 804 3042 runt,
835 2961 949 3042 libere,
980 2980 1079 3044 nequo
1109 2962 1340 3026 reclamantibus
1374 2962 1583 3042 Pontificibus,
1617 2963 1699 3026 illum
1727 2963 1918 3026 retinuerint
1959 2958 2061 3033 Ouada

718 3062 870 3125 nonnullis
900 3070 1014 3126 temero
1045 3062 1156 3126 dictum
1184 3071 1247 3143 est,
1277 3069 1310 3126 ut
1337 3080 1355 3124 a
1384 3063 1501 3126 loanne
1528 3063 1683 3148 Ragusino
1710 3064 1740 3126 in
1764 3062 1903 3127 Concilio
1924 3057 2060 3122 Basileemi

717 3161 916 3225 Nestorianos
943 3161 999 3224 sub
1026 3170 1155 3244 utraque
1183 3162 1289 3244 specie
1315 3163 1554 3226 communionem
1584 3163 1656 3226 dare
1685 3162 1755 3226 olim
1790 3162 1972 3236 instituisse,
1999 3154 2060 3238 quad
2101 3153 2108 3168 '

718 3261 884 3343 subponis
906 3261 1010 3343 specie
1033 3261 1129 3324 solum
1153 3279 1265 3344 corpus
1289 3260 1399 3324 Christi
1422 3281 1491 3327 esse
1515 3262 1691 3341 crederent,
1720 3263 1777 3325 suh
1806 3263 1870 3324 viui
1898 3261 1989 3325 solum
2006 3273 2061 3319 sar-

718 3363 854 3444 guinem,
876 3359 986 3424 dudum
1008 3378 1026 3422 a
1048 3360 1212 3444 Theologis
1234 3360 1392 3442 explosum
1414 3368 1472 3440 est,
1494 3363 1629 3443 quamms
1653 3361 1874 3424 aCensoribm
1890 3361 2061 3440 Diamperea-

718 3460 803 3525 sibus
825 3461 904 3524 idem
926 3479 1048 3544 quoque
1069 3459 1163 3524 fuerit
1184 3460 1364 3524 affirmatum.
1393 3459 1511 3523 Nullam
1532 3461 1644 3525 hahent
1664 3461 1714 3524 uel
1736 3455 2061 3524 habueruntNestoriati

720 3559 907 3642 disciplinam
936 3561 992 3624 hac
1021 3562 1053 3623 in
1081 3568 1170 3642 parta
1197 3559 1398 3645 singularem,
1429 3559 1484 3622 sed
1514 3560 1649 3624 eamdem
1678 3577 1765 3641 quam
1793 3560 1907 3641 reliqui
1934 3556 2060 3621 omneis

720 3659 844 3723 Oriente
867 3661 1044 3739 Christiani,
1072 3678 1151 3742 quac
1179 3679 1249 3724 cum
1270 3660 1340 3724 alibi
1362 3660 1428 3724 fuse
1450 3660 1577 3725 anobis
1600 3659 1749 3742 explicata
1771 3663 1827 3739 sit,
1859 3654 2063 3741 praesentium

721 3757 950 3824 Commentariis
973 3762 1010 3825 ad
1033 3760 1187 3843 Copticas,
1210 3761 1411 3842 Syriacasque
1432 3760 1636 3824 lacohitarum
1657 3761 1826 3843 liturgias,
1849 3761 1937 3842 plura
1957 3775 2010 3820 non
2027 3755 2063 3816 di-

722 3871 835 3925 cemus.

884 4140 947 4212 21.
988 4143 1136 4214 Fratres
1160 4143 1324 4234 mscipite
1350 4162 1476 4234 carpito
1502 4138 1588 4210 Filii
1613 4136 1739 4208 mmai
1764 4136 1939 4209 Ecclesia

821 4366 998 4446 Oenones
1019 4380 1090 4443 illae
1112 4398 1192 4463 quae
1213 4378 1361 4443 dicendae
1382 4386 1452 4442 sunt
1473 4395 1540 4442 cum
1563 4376 1749 4439 distribuitur
1762 4375 1962 4457 Eucharistia¹
1980 4372 2007 4435 in
2022 4385 2064 4431 aa

723 4492 810 4547 erant
831 4484 911 4566 apud
932 4484 1129 4548 Nestorianos
1155 4483 1342 4562 hlalabares,
1372 4490 1406 4546 ut
1433 4481 1513 4564 apud
1539 4481 1821 4561 Mesopotamenos,
1855 4479 1939 4560 quod
1966 4480 2066 4539 isam

721 4585 815 4648 hlissa
836 4603 854 4646 a
877 4585 1026 4647 Lusitanis
1048 4584 1155 4648 Latine
1177 4583 1265 4647 edita
1310 4583 1423 4647 Verum
1444 4583 1476 4645 in
1497 4589 1693 4662 utrorumque
1715 4578 1874 4642 codicibus
1896 4594 2004 4661 paucae
2021 4589 2065 4637 et·

722 4683 842 4762 tabant,
872 4692 904 4748 et
933 4686 1052 4765 aliquae
1081 4702 1142 4748 non
1165 4692 1254 4750 erant
1275 4685 1430 4768 integrae,
1459 4700 1528 4745 cum
1548 4680 1690 4762 proprius
1711 4680 1830 4743 illarum
1853 4678 1941 4741 lacus
1961 4671 2065 4739 rorata

722 4783 807 4847 libris
820 4803 946 4866 precum
964 4784 1214 4867 quotidianarum,
1236 4784 1317 4848 undo
1338 4783 1402 4866 peti
1424 4781 1570 4847 solebant
1592 4778 1682 4844 Tales
1694 4779 1726 4841 in
1741 4778 1856 4860 aliquot
1872 4768 2065 4860 exempturus
2148 4864 2151 4869 Ι

723 4891 838 4965 entant,
862 4892 922 4947 tam
943 4885 1106 4967 perspicua
1129 4883 1167 4948 de
1189 4885 1318 4947 veritate
1340 4884 1478 4965 corporis
1501 4888 1532 4944 et
1552 4880 1709 4964 sangarius
1722 4878 1835 4943 Christi
1851 4880 1886 4942 in
1908 4873 2065 4943 sacrtttatalu

723 4985 894 5049 testimonia
923 4985 1129 5066 continentes,
1159 4983 1233 5048 nhil
1259 4990 1294 5047 ut
1323 4983 1421 5066 possit
1448 5000 1520 5047 esse
1551 4981 1670 5045 clarius.
1714 4978 1791 5043 Nam
1813 4978 2006 5054 descensum,
2025 4979 2067 5032 Μ
