4525 6034
607 569 638 648 S.
674 567 866 645 JOblllllS
904 562 1240 643 Plttllttdttln.
1528 563 1604 639 473

338 760 526 842 Diaconos.
579 756 647 828 Det
672 758 897 852 unusquisque
923 777 1052 850 pacem.

339 877 501 971 Populus.
555 874 692 947 Omnes.

338 994 526 1065 Diaconos.
580 993 672 1064 Post.

338 1110 501 1204 Populos.
556 1106 679 1182 Coram
706 1118 749 1180 te.

339 1226 523 1299 Sacerdos.
575 1225 722 1297 Petimus
750 1248 770 1296 a
796 1234 829 1296 te
855 1225 998 1296 Domine
1031 1222 1137 1311 bono,
1170 1223 1362 1296 misericors
1397 1230 1432 1293 et
1464 1221 1606 1313 largitor

234 1343 417 1432 bonorum,
445 1344 577 1417 demitte
605 1341 779 1414 dexteram
805 1351 893 1412 mam
919 1338 1051 1437 plenam
1078 1338 1361 1428 miserationibus,
1388 1360 1489 1435 super
1516 1360 1606 1411 con-

233 1463 468 1554 gregationem
495 1459 703 1533 adorantium
730 1467 785 1547 te,
817 1460 873 1552 qui
906 1454 1103 1528 inclinantur
1134 1477 1249 1528 coram
1282 1465 1335 1545 to;
1368 1452 1510 1527 benedic
1542 1478 1606 1530 nos

235 1574 521 1649 benedictionibus
549 1574 759 1671 amplissimis
787 1595 873 1668 quae
900 1583 980 1644 ate
1007 1580 1102 1661 sunt,
1128 1594 1192 1644 nac
1219 1574 1361 1668 aspicias
1378 1572 1496 1646 odiosa
1517 1572 1608 1646 lacta

237 1716 323 1789 quae
349 1694 636 1789 perpetravimus3
662 1713 706 1763 ne
731 1688 860 1782 judices
887 1711 951 1763 uos
977 1711 1038 1785 per
1060 1688 1209 1782 judicum
1226 1699 1314 1760 tuum
1328 1692 1471 1782 justum,
1498 1712 1607 1787 neque

237 1810 416 1882 secundum
449 1811 612 1904 nequitias
645 1818 778 1880 nostras
814 1806 979 1878 retribuas
1012 1805 1125 1878 uobis:
1160 1804 1219 1878 sed
1251 1829 1313 1901 per
1343 1807 1607 1883 misericordiam

236 1924 449 2018 benignitatis
477 1936 570 2015 tuae,
597 1923 702 1997 libera
728 1946 792 1995 uos
819 1921 972 1995 amalo:
999 1931 1033 1993 et
1059 1921 1189 1996 custodi
1214 1944 1277 1996 nos
1304 1921 1366 1998 sub
1394 1922 1456 1995 alis
1477 1929 1607 2016 gratiae

236 2053 322 2115 tuae.
375 2044 482 2139 Aperi
507 2044 651 2114 Domine
680 2043 817 2133 januam
850 2041 1098 2110 miserationum
1131 2050 1259 2111 tuarum
1291 2040 1503 2135 petitionibus
1535 2065 1606 2116 no-

236 2163 334 2246 stris,
362 2162 497 2255 suscipe
524 2157 777 2253 deprecationes
805 2167 839 2227 et
863 2155 1032 2251 lacrymas
1057 2167 1213 2244 nostras,
1239 2156 1339 2252 imple
1364 2178 1427 2230 uos
1453 2164 1605 2232 muneri-

122 2299 125 2310 ·
236 2272 299 2346 bus
325 2281 455 2368 gratiae
482 2285 576 2363 tuae,
603 2285 637 2346 et
662 2273 718 2345 lac
743 2295 807 2345 uos
826 2271 913 2346 lilios
938 2271 1151 2345 baereditatis
1172 2282 1259 2345 tuae.
1311 2272 1447 2347 Dimitte
1466 2287 1606 2370 peccata

234 2403 370 2477 nostra,
397 2391 566 2464 sanctifica
593 2393 720 2463 animas
748 2400 782 2463 et
807 2412 952 2486 corpora
978 2401 1105 2479 nostra,
1132 2398 1313 2485 etpraesta
1330 2389 1605 2483 ut·gloriIicemus

236 2519 269 2580 ta
296 2519 431 2599 sancte,
459 2506 611 2582 omnibus
638 2505 754 2580 diebus
780 2510 871 2579 vitae
896 2518 1044 2598 nostrae,
1071 2518 1115 2580 et>
1129 2509 1333 2600 unigenitum
1359 2508 1477 2582 Filium
1504 2520 1605 2600 tuum,

238 2637 273 2698 et
299 2625 453 2721 Spiritum
480 2636 569 2698 taum
596 2626 848 2697 sanctissimum.

341 2743 503 2836 Populos.
556 2743 675 2838 Amen.

343 2858 527 2930 Sacerdos.
581 2857 772 2930 Thesaurus
800 2856 1000 2929 auisiliorum
1025 2866 1061 2928 et
1084 2856 1162 2932 lons
1179 2855 1354 2949 bonorum,⁴
1380 2859 1473 2932 Deus
1491 2862 1603 2950 Pater,

239 2981 294 3073 qui
327 3000 388 3072 per
421 2978 563 3068 gratiam
593 2985 682 3047 tuam
714 2983 749 3045 et
781 2995 927 3046 amorem
962 2994 1044 3065 erga
1077 2995 1141 3047 nos
1172 2974 1321 3052 homines
1352 2987 1460 3066 tuum,
1487 2980 1604 3051 misisti

236 3094 356 3167 Filium
389 3102 478 3164 tuum
512 3090 665 3163 dilectum
698 3094 732 3161 in
767 3088 940 3179 mundum,
975 3092 1031 3184 'qui
1064 3089 1172 3165 lactus
1208 3102 1262 3166 est
1290 3090 1390 3166 bomo
1418 3098 1602 3186 siculum,

236 3209 458 3303 liberavitque
485 3206 676 3303 despectum
703 3228 810 3299 genus
836 3214 985 3277 nostrum
1012 3230 1032 3278 a
1058 3217 1213 3302 peccato,
1240 3219 1274 3282 at
1300 3211 1341 3282 ad
1367 3215 1506 3306 patriam
1532 3235 1603 3285 no-

237 3339 338 3400 stram
365 3328 537 3421 pristinam
563 3323 696 3396 reduxit
722 3346 800 3396 nos:
828 3323 880 3394 Tu
907 3333 1022 3395 sancte
1050 3333 1083 3395 at
1108 3324 1220 3415 beate,
1245 3330 1379 3422 suscipe
1406 3327 1602 3400 sacrificium

237 3444 312 3532 boc,
346 3463 459 3514 coram
490 3438 588 3513 nobis
621 3442 784 3535 positum:
817 3462 920 3535 parce
957 3450 990 3510 et
1022 3439 1146 3513 dimitte
1177 3439 1276 3514 nobis
1310 3453 1449 3539 peccata
1475 3453 1602 3530 nostra,

235 3562 398 3657 propitius
425 3568 510 3646 esto,
538 3568 572 3630 et
598 3561 759 3628 miserere
784 3556 883 3629 uobis
910 3556 1072 3646 omnibus,
1099 3568 1134 3630 et
1152 3559 1319 3633 sanctifica
1346 3582 1410 3634 nos
1437 3582 1498 3655 per
1525 3560 1600 3632 cle-

235 3678 390 3746 mentiam
422 3683 521 3747 tuam.
573 3672 739 3746 Miserere
771 3671 887 3761 nobis,
926 3695 988 3768 per
1021 3697 1169 3748 amorem
1202 3699 1286 3770 erga
1318 3676 1467 3751 homines
1500 3659 1602 3766 tuum

123 3833 128 3850 ι
237 3800 272 3862 at
296 3789 403 3862 bbere
429 3811 491 3862 uos
519 3813 538 3861 a
565 3788 822 3882 cogitationibus
849 3787 1041 3882 diabolicis,
1067 3814 1131 3863 uec
1157 3802 1294 3866 avertas
1320 3792 1440 3866 faciem
1466 3805 1555 3866 nram
1582 3817 1638 3864 a·
1695 3795 1699 3804 '

235 3905 349 3979 nobis:
385 3905 445 3980 sed
477 3908 638 3978 miserere
671 3908 775 3979 nostri
801 3907 961 3997 Domine,
995 3918 1029 3980 et
1055 3907 1130 3981 dela
1164 3911 1347 4005 iniquitates
1382 3923 1533 4001 nostras,
1569 3922 1603 3983 et

234 4028 375 4116 ignosce
400 4025 593 4118 insipientiis
620 4026 742 4095 nostris
769 4045 830 4118 par
856 4022 1091 4097 multitudinem
1116 4024 1329 4119 benignitatis
1361 4039 1450 4120 tuae,
1477 4037 1511 4101 et
1536 4052 1599 4101 rc-

235 4139 381 4212 feremus
408 4138 466 4212 tibi
492 4139 645 4231 gloriam,
673 4148 736 4211 etc.

338 4256 499 4349 Populos.
551 4258 671 4329 Amen.

338 4371 526 4443 Diaconos.
579 4373 721 4445 Stemus.

338 4489 500 4582 Populos.
552 4488 814 4577 Misericordiae,
842 4500 905 4565 etc.

338 4605 522 4678 Sacerdos.
575 4605 705 4679 Caritas
731 4608 849 4680 Patris.

339 4721 500 4815 Populos.
553 4720 597 4794 Et
623 4746 697 4794 cum
723 4726 838 4819 spiritu
865 4734 931 4796 tuo.

212 4857 215 4864 ⁴
339 4837 521 4911 Sacerdos.
574 4839 712 4911 Sursum
739 4839 851 4912 corda.

338 4953 499 5048 Populos.
551 4954 719 5027 Habemus
746 4956 788 5028 ad
814 4956 1001 5030 Dominum.

337 5069 521 5147 Sacerdos.
575 5071 708 5145 Gratias
735 5094 873 5166 agamus
899 5076 984 5147 Deo.
