4525 6034
563 606 617 682 tlt
649 602 1267 683 tituletts'sttttxcns
1549 606 1599 682 73

226 788 304 852 lorle
327 790 457 854 emnium
480 809 557 873 quae
585 799 705 868 extant,
736 790 836 853 versio
866 789 945 852 illius
976 789 1100 871 Syriaca
1131 790 1263 853 occurrit
1294 790 1323 852 in
1351 792 1463 872 optime
1486 791 1600 856 Codice

225 888 457 955 membranaceo
479 889 630 970 Medieeo,
652 909 670 953 a
693 908 751 971 qua
773 889 891 969 reliqua
913 888 1099 972 exemplaria
1120 888 1174 951 vix
1200 890 1380 971 discrepant.

315 989 400 1063 Oeae
422 1007 498 1053 uere
519 998 689 1070 sequuntur
718 991 747 1052 in
780 988 883 1051 Officio
914 988 1054 1052 Generali
1092 987 1214 1052 Codicis
1248 988 1431 1066 colbertini,
1465 1009 1531 1054 cum
1561 992 1599 1054 ad

226 1088 315 1150 linem
327 1086 482 1171 liturgiae
504 1091 690 1171 pertineant,
712 1108 752 1153 ne
774 1089 878 1151 eadem
901 1098 1044 1170 repetere
1065 1107 1195 1152 necessa
1217 1092 1273 1168 sit,
1297 1089 1334 1152 ad
1357 1090 1521 1173 liturgiam
1543 1090 1599 1154 Ja-

225 1189 295 1251 cebi
319 1197 351 1252 et
372 1189 461 1272 Xysti
484 1190 698 1272 explicabimus
722 1188 829 1271 quibus
851 1189 881 1250 in
903 1190 996 1252 variis
1019 1187 1183 1252 Codicibus
1206 1188 1328 1273 adjungi
1350 1190 1460 1254 solent.

520 1786 680 1883 Liturqia
705 1790 779 1859 siae
804 1787 999 1881 Aoephore
1023 1791 1137 1861 sancti
1162 1785 1297 1858 decedi.
1644 1792 1675 1847 Ρ.
1694 1796 1738 1848 29.

313 1996 387 2074 Hoc
410 2008 478 2071 lece
502 2008 666 2070 secundum
697 2007 868 2071 Orientalcs
899 2028 1004 2073 omncs
1035 2010 1140 2092 incipit
1167 2009 1335 2089 Anaphore
1364 2008 1430 2070 sive
1460 2006 1597 2093 Liturgia
1649 2016 1790 2085 Anaphen
1817 2023 1922 2089 proprie

121 2150 123 2161 ,
218 2112 348 2192 proprie
372 2108 469 2185 dieta,
500 2115 532 2171 ut
559 2107 597 2170 de
620 2107 724 2171 Latina
751 2108 842 2171 llissa
871 2110 908 2172 ab
938 2112 1068 2191 antiquis
1098 2111 1165 2192 ejus
1193 2107 1420 2191 expositoribus
1452 2109 1596 2190 scriptum
1609 2103 1742 2174 loquendo
1761 2106 1822 2175 quid
1840 2110 1880 2162 sit.

220 2219 289 2290 est,
312 2211 393 2274 illam
416 2229 433 2271 a
455 2207 645 2271 Praelatiene
667 2209 817 2289 incipere:
841 2227 900 2289 qua
923 2209 1017 2272 dere
1040 2211 1150 2273 dietum
1178 2215 1225 2272 est
1252 2209 1282 2269 in
1310 2208 1406 2289 prime
1434 2206 1598 2271 Commen-

217 2313 310 2376 tario.
356 2309 415 2375 Sed
439 2327 505 2370 cum
527 2309 681 2390 Liturgiae
706 2307 875 2371 Orientales
905 2308 1047 2372 Osculum
1071 2311 1156 2391 pucis
1179 2306 1481 2371 antePraelatiouem
1503 2327 1598 2388 prae-
1643 2293 1675 2346 Ρ·
1692 2296 1754 2348 ²⁰3·

218 2412 374 2486 scribent,
397 2408 543 2489 incipiunt
565 2407 658 2489 vulgo
681 2407 718 2468 ab
743 2407 886 2471 Oratione
914 2428 993 2490 quae
1023 2410 1121 2472 eidem
1151 2409 1370 2491 praemittitur,
1399 2407 1598 2488 sequiturque

220 2509 400 2575 Sacerdotis
425 2506 594 2570 benedictio
620 2525 713 2589 super
733 2509 892 2589 populum,
914 2510 1034 2572 tandem
1057 2508 1216 2572 Praelatio.
1261 2508 1356 2590 igitur
1382 2508 1412 2568 in
1435 2507 1507 2570 llss.
1532 2505 1596 2570 Ce-

218 2609 340 2672 dicibes
364 2607 516 2689 Gepticis,
541 2600 690 2688 Syriacis,
714 2613 744 2669 et
767 2609 981 2690 cujuscumque
1004 2609 1144 2693 linguae,
1172 2626 1269 2671 nevus
1291 2609 1392 2670 titulus
1424 2608 1597 2689 apponitur,

218 2709 280 2771 hoc
304 2710 372 2790 ipso
403 2707 489 2785 lece,
526 2707 576 2786 qui
603 2705 796 2787 Anapheram
819 2709 953 2789 incipere
977 2708 1141 2791 significat:
1170 2726 1297 2789 cumque
1328 2724 1432 2769 omnes
1462 2705 1596 2769 Ollicium

220 2808 303 2890 qued
328 2806 484 2889 praecedit
506 2824 662 2869 commune
686 2805 830 2886 habeant,
855 2807 927 2870 illud
950 2807 1032 2889 qued
1054 2809 1208 2889 sequitur,
1230 2814 1261 2870 et
1283 2806 1449 2888 Artaphere
1470 2807 1596 2888 proprie

218 2915 369 2985 uocatur,
392 2904 557 2968 secundum
580 2893 717 2969 diversas
739 2906 889 2991 liturgias
912 2909 1028 2971 varium
1058 2917 1105 2971 est
1134 2916 1164 2970 et
1192 2906 1366 2988 multiplex,
1401 2906 1536 2988 quamvis
1564 2906 1596 2968 in

220 3009 330 3073 ordine
353 3013 383 3068 ct
405 3007 563 3069 sententiis
587 3004 667 3068 nulla
690 3007 729 3069 sit
751 3005 921 3071 diversitas.

309 3105 369 3167 ista
392 3122 471 3186 quae
500 3102 606 3166 lucebi
637 3123 745 3168 nemen
774 3105 925 3188 praefert,
954 3107 1117 3170 communis
1146 3115 1193 3170 est
1227 3106 1311 3189 Syris
1342 3106 1506 3187 hlelchitis,
1538 3127 1594 3171 seu
1659 3121 1748 3175 lacebt
1783 3123 1920 3194 Anaphora

222 3204 428 3282 Orthodexis,
452 3212 483 3268 et
505 3204 666 3280 lucebitis3
689 3204 768 3267 unde
791 3206 950 3287 antiquitas
973 3208 1038 3289 ejus
1061 3207 1139 3269 ultra
1163 3206 1352 3269 schismatum
1368 3208 1449 3269 initia
1467 3209 1920 3287 promo-interseriacaspraect-

219 3315 327 3369 veter:
350 3304 500 3388 habetque
522 3304 613 3366 multa
636 3323 703 3367 cunr
726 3304 842 3368 Graeca
865 3307 1001 3388 ejusdcm
1030 3309 1158 3370 neminis
1187 3306 1369 3369 communia:
1404 3324 1462 3387 qua
1490 3308 1528 3370 de
1560 3310 1668 3371 retut-

220 3405 333 3466 dictum
362 3412 410 3467 cst
446 3405 477 3466 in
507 3403 727 3467 Dissertatiene
757 3407 891 3485 praevia.
950 3406 1096 3470 Jacebum
1134 3407 1269 3468 Fratrem
1306 3406 1425 3469 Domini
1461 3414 1595 3470 autorem

218 3490 301 3567 illies
331 3522 418 3581 esse,
448 3504 517 3585 Syri
544 3504 728 3583 existimant,
763 3525 802 3568 ex
825 3507 946 3588 antiqua
981 3526 1034 3570 sua
1066 3507 1257 3584 Traditiene,
1298 3508 1384 3588 cuius
1414 3506 1594 3569 lundomen-

220 3612 301 3681 tum,
325 3613 358 3666 ut
379 3605 514 3684 videtur,
537 3604 615 3667 aliud
639 3622 699 3666 nen
723 3604 793 3681 luit,
817 3625 904 3686 quam
927 3624 999 3669 usus
1021 3605 1099 3668 illius
1121 3606 1276 3688 Liturgiae
1291 3606 1320 3667 ie
1332 3605 1469 3668 Ecclesia
1485 3606 1596 3669 Hiere-

220 3703 614 3786 selymitanaabdpestele
637 3703 768 3767 lundata.
812 3705 886 3767 Nam
909 3706 988 3789 apud
1003 3705 1089 3781 alies,
1113 3705 1595 3770 exlibrolllll.Constitutionum

221 3803 481 3884 Apostolicorum,
504 3804 530 3865 si
553 3822 613 3866 nen
636 3806 736 3884 nasci,
758 3805 869 3868 lirmari
891 3805 998 3868 saltem
1019 3807 1115 3886 potuit
1138 3804 1213 3867 haee
1234 3805 1369 3888 vulgaris
1398 3806 1509 3887 opinio.
1555 3806 1595 3868 nt

221 3903 292 3986 Syri
316 3905 451 3985 quamvis
475 3903 541 3965 illas
563 3903 709 3983 habeant,
734 3924 795 3967 non
816 3904 924 3968 codem
946 3913 1044 3967 tamen
1071 3904 1196 3981 ordine,
1227 3922 1263 3965 ac
1292 3905 1321 3965 iu
1351 3903 1474 3968 Graecis
1501 3904 1596 3967 Cedi-

220 4003 307 4066 cibus
338 4004 418 4085 apud
447 4003 516 4067 illos
540 4011 659 4083 extant,
682 3990 789 4085 c'stque
820 4007 946 4067 maxima
974 4005 1101 4068 istorum
1134 4012 1164 4066 et
1194 4003 1390 4067 Orientalium
1425 4005 1594 4068 diversitas.

219 4103 389 4184 Praecipua
411 4110 477 4179 est,
499 4102 580 4185 qued
603 4102 681 4165 liber
710 4113 851 4183 octavus,
880 4105 911 4166 in
939 4122 999 4184 que
1022 4105 1216 4167 eontinentur
1245 4122 1342 4185 prope
1371 4107 1485 4183 emnia,
1517 4122 1595 4185 quae

220 4201 259 4264 ad
283 4202 490 4265 Eucharistiae
513 4201 699 4284 disciplinam
722 4212 874 4285 spectant,
908 4212 937 4266 et
960 4221 1037 4285 quae
1061 4211 1201 4284 tanquam
1222 4203 1356 4287 Liturgia
1378 4206 1406 4267 S.
1431 4204 1593 4267 Clementis

221 4321 239 4363 a
263 4301 415 4363 nonnullis
439 4301 603 4385 lbeelegis
626 4301 725 4365 habita
740 4312 827 4382 suet,
851 4303 959 4367 desunt
981 4305 1011 4365 in
1033 4304 1163 4384 antiquis
1176 4304 1366 4366 versionibus
1384 4303 1593 4366 Orientalibus.

222 4401 361 4464 Omnium
384 4403 584 4463 vetustissima
608 4403 728 4465 censeri
750 4401 841 4465 debet
863 4402 1004 4484 Syriaca,
1035 4402 1115 4465 laeta
1138 4422 1178 4465 ex
1201 4402 1325 4466 Graecis
1357 4401 1591 4485 exemplaribus

222 4520 291 4563 cum
314 4501 450 4582 vulgaris
473 4500 572 4564 adbuc
595 4500 674 4564 leret
700 4501 823 4586 linguae
852 4502 986 4565 Graecae
1017 4521 1106 4583 usus,
1139 4521 1155 4564 a
1185 4504 1258 4565 viris
1288 4503 1366 4565 illius
1395 4504 1594 4584 peritissimis,

219 4609 255 4665 ut
276 4600 414 4682 pluribus
438 4602 585 4682 exemplis
608 4600 844 4665 demonstratur:
868 4611 898 4664 et
920 4603 951 4665 io
974 4621 1010 4665 ea
1033 4611 1113 4667 tetus
1136 4602 1188 4666 ille
1210 4602 1288 4665 liber
1310 4601 1418 4665 deiecit.
1458 4602 1546 4676 Quod
1567 4603 1594 4665 si

222 4698 389 4781 Liturgiam
412 4702 481 4783 Syri
504 4709 628 4764 servant
650 4701 727 4764 inter
749 4701 822 4764 alias
845 4702 1023 4783 multiplices
1038 4721 1121 4780 suas,
1145 4722 1222 4784 quae
1238 4701 1454 4783 Apostolorum
1473 4703 1594 4765 nomine

223 4800 432 4881 appellantur,
457 4800 523 4863 talis
546 4802 624 4863 enim
647 4802 798 4882 reperitur
821 4803 851 4863 in
873 4803 986 4865 blissali
1010 4801 1171 4865 Chaldaice
1195 4810 1225 4864 et
1252 4805 1282 4864 in
1310 4801 1384 4867 blss.
1408 4803 1593 4883 exemplari-

221 4897 295 4977 bus,
320 4919 387 4961 eum
410 4899 596 4964 Clementina
618 4900 667 4961 illa
691 4918 845 4963 commune
876 4901 946 4964 nihil
977 4900 1084 4980 habet,
1113 4910 1237 4982 practer
1266 4901 1389 4964 sormam
1419 4902 1593 4985 generalem

223 4998 372 5061 efferendi
395 5000 534 5064 sacrificii
560 5000 775 5076 Eucharistici,
809 5020 886 5082 quae
916 5004 946 5065 in
975 5001 1100 5081 reliquis
1128 5001 1242 5082 pariter
1271 5003 1461 5065 observatur.
1511 5001 1593 5065 ldcnr

222 5098 413 5162 statuendum
443 5098 480 5163 de
503 5118 562 5163 una
585 5101 725 5182 Syriaca,
749 5118 827 5181 quae
851 5099 997 5165 Clementi
1019 5101 1168 5166 tribuitur.
