4525 6034
688 564 764 639 mc
874 540 878 542 ’
973 562 1332 642 urvouurn
1385 560 1760 661 conunurs

831 873 866 945 6.
907 872 1082 944 Sacerdos
1108 873 1195 943 dicit
1222 872 1418 943 Orationem
1445 871 1683 944 Absolutionem
1709 871 1757 941 ad
1782 870 1912 942 Filimn.

791 1079 935 1153 Domine
965 1079 1046 1151 lesu
1079 1076 1212 1152 Christe
1246 1079 1309 1151 Fili
1342 1081 1528 1171 unigenite,
1560 1076 1707 1150 Verbum
1741 1080 1806 1152 Dei
1838 1080 1961 1168 Patris,
1992 1078 2040 1171 qui

687 1200 804 1293 rupisti
832 1220 852 1267 a
879 1193 976 1270 nobis
1003 1199 1113 1267 omnia
1139 1194 1272 1267 vincula
1298 1204 1512 1291 peccatorum
1538 1205 1744 1282 nostrorum,
1780 1217 1842 1292 per
1866 1197 2041 1292 passionem

688 1323 777 1386 tuam
814 1313 992 1385 salutarem
1029 1321 1063 1382 et
1093 1312 1333 1384 vivificantem:
1374 1315 1428 1408 qui
1464 1311 1669 1383 insufflavisti
1701 1314 1735 1382 in
1768 1309 1943 1407 discipulos
1975 1321 2041 1383 tuos

688 1439 844 1521 sanctos,
881 1440 916 1503 et
957 1427 1144 1524 Apostolos
1185 1450 1308 1525 puros,
1344 1427 1473 1500 dicens:
1514 1429 1667 1523 Accipite
1701 1427 1858 1523 Spiritum
1896 1435 2041 1513 sanctum,

689 1569 828 1643 quorum
855 1547 1049 1619 remiseritis
1076 1530 1215 1641 peccata
1242 1548 1447 1617 remittentur
1474 1549 1537 1636 eis,
1564 1554 1598 1616 et
1614 1567 1753 1639 quorum
1778 1566 1846 1616 non
1864 1546 2043 1617 remiseritis

687 1673 818 1737 retenta
835 1672 944 1736 erunt:
961 1661 1013 1734 'lu
1025 1662 1171 1733 Domine
1184 1683 1270 1733 nunc
1286 1684 1348 1757 per
1355 1660 1541 1757 Apostolos
1557 1671 1632 1732 tuos
1649 1683 1766 1757 puros,
1779 1664 1917 1754 gratiam
1933 1682 2043 1733 sacer-

689 1779 820 1853 dotibus
845 1778 976 1868 dedisti,
1001 1788 1037 1850 ut
1053 1776 1140 1849 idem
1158 1776 1309 1850 iacerent
1335 1782 1368 1849 in
1382 1777 1537 1850 Ecclesia
1565 1785 1761 1865 mactatae,
1787 1780 2044 1871 remitterentque

686 1904 826 1992 peccata
849 1918 953 1992 super
984 1904 1126 1982 terram,
1155 1897 1244 1966 omni
1278 1903 1441 1990 tempore,
1466 1893 1675 1989 ligarentqne
1689 1902 1723 1964 et
1749 1893 1922 1966 solverent
1947 1895 2045 1965 omnia

687 2013 867 2106 iniquitatis
893 2011 1037 2084 vincula.
1089 2011 1195 2103 Igitur
1220 2014 1320 2083 etiam
1346 2032 1451 2100 nunc,
1477 2031 1638 2103 rogamus
1665 2018 1699 2081 et
1715 2007 1931 2082 obsecramus
1951 2007 2046 2081 boni-

687 2136 788 2200 tatem
816 2138 904 2200 tuam
931 2138 1058 2200 amator
1083 2126 1263 2217 hominum,
1290 2125 1443 2199 omnibns
1461 2128 1663 2218 servistis,
1689 2125 1839 2222 patribus
1857 2124 2045 2199 etbatribns

688 2246 789 2332 meis,
817 2243 894 2316 mihi
922 2267 1054 2340 quoque
1081 2265 1184 2319 servo
1215 2253 1272 2315 tuo
1304 2242 1407 2316 'lesia
1439 2242 1539 2332 Sion,
1574 2253 1607 2315 et
1640 2242 1792 2315 omnibus
1827 2247 1882 2338 qui
1914 2242 2046 2315 inebra-

687 2369 810 2433 verunt
835 2361 922 2434 colla
950 2385 1011 2434 sua
1038 2383 1153 2433 coram
1188 2360 1283 2432 altari
1310 2371 1366 2433 tuo
1403 2370 1535 2433 sancto:
1575 2359 1707 2457 planam
1742 2357 1796 2430 fac
1826 2346 1916 2431 viam
1949 2360 2045 2431 mise-

687 2476 857 2549 ricordiae
881 2487 974 2549 tuae:
1001 2476 1116 2549 scinde
1144 2484 1178 2548 et
1204 2499 1319 2571 rumpe
1346 2499 1445 2549 omne
1470 2475 1638 2549 vinculum
1669 2487 1883 2573 peccatorum
1917 2484 2045 2547 nostro-

686 2615 783 2683 rum,
811 2615 896 2687 quae
924 2595 1150 2665 commisimus
1176 2616 1291 2666 coram
1317 2604 1351 2666 te
1384 2592 1545 2683 Domine,
1581 2596 1726 2666 scienter
1757 2592 1816 2665 vel
1849 2595 2046 2685 ignoranter:

686 2731 750 2805 per
775 2708 931 2780 malitiam
958 2709 1087 2797 cordiS,
1115 2720 1171 2782 aut
1197 2708 1470 2781 imbecillitatem:
1497 2731 1559 2805 per
1585 2732 1772 2782 sermonem
1801 2720 1857 2781 aut
1882 2709 2046 2805 pusillani-

687 2828 855 2917 mitatem,
883 2834 939 2897 aut
964 2847 1026 2921 per
1051 2824 1232 2898 fallaciam:
1266 2829 1342 2920 quia
1378 2835 1413 2896 tu
1447 2827 1540 2899 Deus
1571 2828 1659 2898 nosti
1693 2824 1904 2918 fragibtatem
1938 2824 2046 2897 huma-

687 2965 775 3014 nam.
829 2940 858 3013 0
885 2941 974 3014 bone
1002 2951 1130 3015 amator
1156 2942 1289 3015 humani
1314 2945 1469 3035 generis,
1496 2951 1530 3015 et
1556 2945 1699 3015 omnium
1725 2943 1884 3031 Domine,
1911 2942 2046 3014 concede

688 3059 786 3132 nobis
817 3061 1049 3131 remissionem
1081 3069 1297 3153 peccatorum
1332 3070 1538 3132 nostrorum:
1570 3058 1711 3132 benedic
1742 3058 1858 3148 nobis,
1890 3057 2047 3132 sanctifica

688 3175 776 3264 nost
798 3174 917 3247 munda
944 3197 1025 3265 nos,
1052 3174 1173 3247 bonum
1202 3175 1340 3248 odorem
1377 3176 1432 3248 da
1458 3176 1574 3265 nobis,
1609 3175 1715 3248 libera
1746 3198 1810 3248 nos
1842 3184 1876 3246 et
1910 3174 1964 3248 iac
1992 3197 2046 3247 nos

688 3289 870 3365 absolutos.

793 3409 828 3481 7.
854 3409 1008 3482 Absolve
1034 3410 1177 3482 Domine
1203 3405 1429 3480 Patriarcbam
1454 3417 1604 3479 nostrum
1630 3405 1730 3482 Abba
1761 3407 1802 3480 N.
1835 3408 2047 3506 Sanctumque

688 3534 723 3595 et
748 3523 884 3597 beatum
910 3525 1159 3622 Metropolitum
1184 3532 1333 3597 nostrum
1359 3521 1459 3596 Abba
1491 3523 1532 3595 N.
1564 3523 1719 3597 Absolve
1753 3525 1896 3598 Domine
1929 3525 2047 3619 Regem

687 3650 848 3712 nostrum.
901 3634 935 3712 8'
954 3640 1123 3714 Memento
1150 3639 1292 3712 Domine
1319 3643 1499 3712 animarum
1514 3642 1648 3713 Patrum
1675 3650 1864 3714 nostrorum
1883 3664 2048 3715 servorum

688 3765 837 3829 tuorum:
864 3756 964 3830 Abba
990 3756 1135 3829 Matbaei
1162 3765 1196 3828 et
1221 3756 1426 3850 collegarum
1453 3760 1539 3850 ejus:
1566 3755 1666 3830 Abba
1693 3757 1840 3849 Salama,
1865 3757 1967 3833 Abba
1989 3761 2047 3831 Ja-

689 3871 784 3946 cobi:
811 3873 912 3947 Abba
939 3872 1201 3964 bartholomaei,
1227 3873 1328 3950 Abba
1354 3873 1545 3962 MichaeIiS,
1572 3873 1673 3947 Abba
1699 3875 1824 3965 lsaaci‚
1858 3875 1960 3949 Abba
1988 3877 2048 3948 lo·
2087 3952 2090 3959 ,
2196 3918 2197 3941 l

690 3993 807 4081 annis,
832 3989 932 4067 Abba
960 3989 1074 4062 Marci.

787 4119 956 4193 Memento
983 4119 1144 4211 Domine,
1176 4119 1308 4213 Regum
1333 4119 1551 4218 Aethiopiae,
1577 4119 1714 4196 Abraba
1741 4132 1775 4194 et
1800 4120 1958 4214 Anbeab,
1983 4122 2046 4196 Ca-

687 4232 755 4325 tet,
774 4233 1074 4325 Gabra-Maskal,
1102 4233 1321 4327 Constantini,
1347 4236 1565 4328 Fressennai‚
1592 4237 1903 4331 Dagna-Micbael7
1922 4239 2047 4312 Navvi-

689 4346 859 4443 cneus,
885 4352 1146 4445 Degba-Sion‚
1172 4353 1442 4443 Hamda-Sion,
1468 4354 1590 4443 David,
1617 4354 1805 4446 Theodori,
1832 4355 1954 4447 bacci,
1978 4358 2046 4429 An·

690 4465 808 4553 dcccc,
861 4467 989 4542 Hamad
1003 4469 1132 4560 -Jesu‚
1185 4470 1274 4542 Zara
1288 4470 1446 4571 -tacobz
1498 4470 1810 4561 baele-Mariam,
1863 4472 2045 4559 Atexmtrt

689 4579 965 4675 Mandu-Sion,
991 4583 1106 4677 Naod,
1134 4585 1433 4680 beben-Dinghil.

794 4699 950 4774 Absolve
989 4703 1132 4775 Domine
1168 4704 1287 4776 Patres
1326 4716 1480 4794 nostros,
1515 4703 1615 4779 Abba
1649 4704 1851 4794 Antonium,
1887 4718 1922 4779 ct
1957 4705 2044 4781 Abba

690 4816 885 4890 Mamurium:
935 4818 1104 4892 Memento
1132 4820 1275 4892 Domine
1302 4823 1430 4894 animae
1454 4823 1563 4895 Patris
1589 4826 1695 4896 nostri
1726 4825 1818 4896 servi
1850 4827 1896 4899 tui
1928 4823 2043 4896 Tella-

690 4931 887 5026 Haimanot‚
913 4959 990 5039 cum
1017 4937 1169 5009 omnibus
1205 4940 1278 5031 ejus
1304 4937 1417 5010 liliis·
1442 4936 1610 5011 Memento
1644 4941 1743 5011 etiam
1775 4939 1917 5014 Domine
1948 4942 2043 5014 Patris
