4525 6034
638 564 710 645 136
1150 560 1509 640 LITURGIA

636 763 671 830 in
696 780 802 849 regno
830 766 897 843 tuo,
924 752 1071 844 largiens
1093 753 1141 823 eis
1158 753 1307 845 promis·
1350 756 1445 837 ναῖς,
1467 749 1506 822 ἕν
1528 775 1572 841 τῃ
1557 745 1760 841 βασιλείᾳ
1785 768 1854 818 σου
1868 738 2024 840 χαριζό-

637 866 766 936 sionum
794 870 920 930 tuarum
948 855 1049 942 bona,
1078 877 1163 949 qnae
1191 854 1306 925 oculus
1349 879 1455 945 μενος
1480 848 1601 933 αὐτοῖς
1625 846 1670 923 τοί
1700 860 1775 923 ταῖν
1794 845 2024 978 εὐαγγελίων

636 988 703 1038 non
730 964 824 1052 vion,
852 972 885 1033 et
913 963 1001 1031 auris
1028 981 1094 1030 non
1109 957 1246 1047 audivit
1273 966 1307 1028 et
1350 979 1419 1028 σου
1431 948 1610 1052 αγαθα,α
1627 948 1879 1048 ὀφθαλμὸς
1837 979 1903 1026 ουν
1918 947 2023 1039 εαίεν,

635 1074 671 1142 in
702 1091 762 1140 cor
793 1067 933 1139 bominis
967 1086 1034 1135 non
1073 1011 1306 1150 ascenderbnt‚
1349 1057 1410 1133 καί
1427 1054 1488 1140 οὓς
1504 1055 1571 1130 οὐκ
1589 1054 1765 1151 ἤκουσεν,
1773 1057 1834 1130 καί
1854 1054 1911 1128 ε’πί
1929 1082 2025 1151 καρ-

637 1196 723 1268 quae
753 1170 979 1266 praeparasti,
1010 1164 1123 1254 Deus,
1159 1165 1305 1257 diiigen—
1350 1161 1435 1237 δίαν
1448 1156 1720 1259 ἀνθρώπου
1677 1188 1744 1234 ουκ
1757 1155 1950 1255 οίνεΥίιγ,ίί
1927 1156 2026 1253 ιγτοί-

635 1275 722 1349 tibus
750 1295 871 1345 nornen
891 1281 1039 1342 sanctum
1056 1279 1154 1340 tuum.
1181 1266 1306 1339 Eorum
1348 1290 1466 1362 μασας
1481 1294 1501 1337 ο
1491 1262 1604 1347 θεὸς
1618 1274 1691 1348 τοῖς
1704 1260 1872 1388 αγαπώσι
1885 1258 1927 1336 τὸ
1943 1261 2026 1336 ὅνο-

637 1379 809 1452 animabus
852 1375 939 1447 dona
980 1376 1140 1467 requiem,
1180 1394 1307 1466 easque
1349 1367 1402 1466 μοί
1420 1395 1489 1443 σου
1505 1366 1547 1443 τὸ
1572 1367 1688 1468 ἅγιον.
1723 1364 1859 1495 Αὑτρίν
1874 1371 1943 1461 μὲν
1960 1363 2026 1448 τρίς

635 1505 744 1576 regno
790 1478 960 1552 coelormn
1009 1476 1167 1568 dignare:
1209 1473 1306 1547 nobis
1349 1470 1469 1572 ραιχοίς
1491 1469 1721 1560 ἀνάπαυσον,
1755 1498 1815 1545 και
1806 1469 2026 1566 βασιλείας

637 1598 746 1659 autem
788 1584 870 1655 fines
905 1584 995 1653 vitae
1028 1578 1248 1701 Christianos,
1274 1588 1308 1649 et
1350 1575 1518 1700 οὐρανῶν
1540 1573 1782 1653 καταξίωσον·
1808 1571 1898 1668 ἡμῖν
1918 1569 2024 1646 oe·
1977 1600 2027 1645 τοι

636 1689 696 1762 nbi
721 1687 808 1759 bene
833 1685 991 1782 placitos,
1017 1686 1212 1779 peccatique
1238 1686 1306 1752 im·
1349 1685 1491 1776 τε’”λη
1447 1708 1507 1775 της
1528 1677 1620 1809 ζριῆς
1636 1674 1830 1775 χριστιανοί
1851 1675 1912 1751 καί
1937 1672 2027 1749 εὐα-

638 1815 753 1865 munes
792 1791 931 1882 iargire:
971 1797 1005 1859 et
1042 1786 1084 1857 da
1119 1783 1236 1875 nobis,
1272 1793 1308 1855 ut
1351 1808 1478 1914 ρερτα,
1505 1782 1565 1857 καί
1585 1778 1820 1878 ἅναμοίρτιγια
1845 1779 2025 1911 ρίιόρησαι·

636 1908 765 1993 partem
799 1906 832 1966 et
858 1902 982 1967 sortem
1021 1889 1201 1961 habeamus
1233 1911 1316 1960 cum
1350 1916 1410 1962 και
1401 1884 1549 1970 775‘
1527 1913 1616 2014 ρμιν
1643 1883 1773 1983 μερίδα
1798 1883 1859 1959 καί
1887 1889 2027 1983 κλῆρον

638 1999 790 2073 omnibus
817 2000 940 2069 sanctis
973 1998 1045 2066 tuis
1098 1992 1224 2065 Eorum
1252 1993 1308 2087 qui
1352 1995 1444 2089 εχειν
1453 2019 1543 2087 μετα
1557 1987 1706 2064 πάντων
1722 1994 1797 2115 ταίγ
1812 1987 1927 2087 αγίιον
1944 2011 2025 2060 σου.

637 2101 801 2177 sacrificia
847 2110 880 2172 et
925 2098 1110 2171 oblationes
1157 2096 1308 2185 citarum,
1357 2102 1440 2223 Tpi7
1453 2087 2028 2218 προςῳερόντωντὰςθυσίας,καί

636 2206 894 2292 Eucharisteria‚
911 2225 971 2275 seu
986 2203 1167 2294 gratiarum
1194 2222 1307 2292 agen·
1351 2228 1413 2284 τας
1435 2194 1671 2327 προςφοροίς,
1691 2226 1737 2270 τα
1771 2193 2028 2324 εὐγρριστήριορ

638 2310 754 2383 darum
786 2330 941 2395 munera,
977 2309 1111 2400 suscipe
1150 2304 1243 2375 Deus
1275 2306 1308 2373 in
1351 2299 1583 2401 πρόςιλεξαι
1563 2331 1582 2375 ο
1604 2297 1739 2432 θρὸς
1711 2329 1757 2384 εις
1774 2298 1816 2373 τὸ
1839 2299 1946 2401 ἅγιον
1962 2296 2029 2372 καί

639 2422 806 2500 sanctum,
843 2422 877 2483 et
909 2409 1077 2503 coelest,e
1113 2418 1147 2480 et
1172 2405 1308 2478 intelle·
1351 2403 1568 2506 ἐπουράνιον
1584 2403 1645 2479 καί
1662 2432 1789 2502 νοερον
1801 2428 1870 2478 σου
1885 2405 2029 2528 θυρια-

639 2516 748 2589 ctuale
784 2513 889 2587 altare
922 2525 1030 2603 tuum„
1071 2516 1105 2584 in
1137 2514 1308 2603 magnitu-
1352 2535 1512 2609 στηριον,
1532 2513 1578 2593 είς
1600 2538 1645 2583 τα
1636 2506 1802 2608 μεγέθη
1817 2518 1892 2582 τῶν
1909 2535 2026 2604 ουρα-

639 2620 733 2691 dines
753 2618 936 2707 coelorum,
953 2639 1014 2712 per
1029 2613 1310 2708 Archangebcum
1352 2644 1449 2704 νων,
1484 2611 1547 2687 mut
1580 2619 1640 2707 τῆς
1674 2611 1929 2711 ἀρχαγγελικῆς
1954 2633 2027 2683 σου

639 2726 855 2797 ministerium
880 2732 984 2793 bium:
1011 2743 1127 2792 eorum
1143 2723 1198 2814 qui
1219 2715 1310 2788 mul·
1353 2717 1588 2818 λειτουργίας,
1604 2720 1680 2792 τῶν
1701 2744 1743 2789 το
1733 2713 1854 2789 πολι)
1867 2743 1927 2788 και
1917 2710 2026 2787 ὀλί-

639 2839 708 2900 tum
735 2838 768 2901 et
792 2848 927 2922 parum,
963 2822 1049 2895 clam
1082 2833 1116 2894 et
1141 2821 1251 2918 palam
1276 2830 1310 2892 et
1353 2850 1434 2922 γον,
1451 2827 1575 2950 κρυφᾶ
1591 2817 1651 2945 κριί
1671 2848 1720 2893 πα
1722 2818 1867 2945 ρρησίᾳ,
1883 2819 2026 2947 βρυλα-

637 2930 755 3021 libere,
783 2930 905 3002 oiierre
930 2927 1062 3011 volunt
1090 2937 1123 2997 ct
1148 2948 1217 2997 non
1242 2925 1308 2996 bo·
1351 2931 1492 3059 με’νιρν,
1509 2922 1570 2998 καί
1586 2921 1652 2997 οὐκ
1672 2920 1847 3054 ε’γόντριν·
1867 2921 1928 2996 ναί
1947 2928 2025 3047 τῶγ

637 3035 734 3107 bent.
762 3043 796 3105 et
822 3056 956 3121 eorum,
984 3034 1039 3125 qui
1065 3029 1226 3102 hodierno
1255 3028 1368 3099 die
1351 3059 1390 3104 εν
1406 3058 1450 3125 τη
1461 3032 2027 3125 σημερονημερᾳταςπροςφορας

638 3136 826 3211 oblationes
854 3135 1052 3219 obtulerunt,
1079 3144 1114 3205 ut
1132 3136 1308 3227 suscepisti
1350 3131 1681 3233 προςενεγκοίντων,
1696 3130 1745 3214 οἷς
1761 3126 2024 3227 προςειίίξοι
1977 3158 2025 3201 τα

636 3264 774 3315 munera
797 3244 877 3332 Justi
903 3243 949 3311 tui
974 3236 1083 3324 Abel,
1108 3237 1199 3308 Hinc
1226 3236 1307 3306 ίίια-
1352 3236 1453 3350 ιίριρα
1470 3244 1539 3311 τοῦ
1559 3234 1703 3349 ιίικαίορ
1719 3258 1787 3308 σου
1798 3232 1916 3345 'Apa-‘7
1954 3241 2028 3308 Καὶ

637 3348 755 3437 rificot
781 3344 956 3416 Sacerdos
982 3348 1017 3414 et
1043 3343 1138 3412 dicit.
1165 3339 1308 3413 Sacrifi-
1351 3326 1470 3421 βάλλει
1492 3333 1651 3416 θυμίαμα
1672 3357 1691 3400 0
1705 3324 1827 3419 [epam
1848 3355 1904 3397 και
1927 3329 2026 3417 λέγει

639 3453 725 3519 cium
754 3452 856 3544 patris
891 3450 997 3519 nostri
1027 3442 1199 3535 Abrabae,
1234 3443 1308 3514 Za·
1357 3442 1432 3539 Τὴν
1469 3442 1609 3517 θυσίαν
1649 3447 1716 3515 τοῦ
1753 3438 1887 3538 πατρὸς
1918 3438 2027 3534 ἦμαῑν

638 3551 968 3637 chariaeincensum‚
987 3545 1134 3620 Cornelii
1153 3548 1308 3619 eleemo-
1351 3545 1539 3646 Ἀβραάμ,
1560 3546 1745 3644 Ζαχαρίου
1767 3542 1809 3618 τὸ
1837 3543 2025 3673 θυμίρμρι,

639 3677 755 3749 synas
773 3652 895 3725 viduae
917 3656 1041 3725 minuta
1057 3652 1132 3724 duo
1168 3652 1309 3752 Suscipe
1353 3649 1553 3777 Κρρνελίρυ
1565 3679 1628 3733 τας
1636 3645 1883 3744 ελεημοσυνας,
1898 3645 2028 3742 καὶτῆς

638 3762 774 3852 insuper
814 3756 1006 3829 eorumdem
1047 3778 1184 3828 munere
1219 3777 1306 3848 gra-
1347 3753 1460 3851 χήρας
1473 3783 1518 3830 τα
1508 3750 1736 3878 ιλύολεπτα,Ι
1748 3749 1949 3875 πρόςιίεξαι,
1962 3749 2025 3824 καί

638 3866 755 3933 tiarum
770 3864 920 3949 actionis,
944 3863 1060 3954 eisque
1075 3858 1222 3931 retribue
1244 3880 1306 3953 pro
1350 3857 1471 3934 αὐτων
1487 3886 1532 3933 τα
1548 3854 1816 3988 εὐχαριστήρια,
1837 3853 1897 3929 καί
1916 3882 2023 3929 αντι-

639 3968 779 4037 terrenis
798 3964 968 4052 coelestia,
985 3986 1049 4058 pro
1069 3960 1307 4058 temporalibus
1351 3960 1482 4089 δρς
1435 3973 1555 4046 αυτοῖς
1577 3960 1658 4036 ἀντὶ
1683 3989 1757 4036 των
1778 3959 1954 4058 ἐπιγείων,
1976 3956 2025 4032 τοί

640 4078 785 4140 aeterna
825 4068 1076 4141 Sanctissimum
1111 4078 1145 4138 et
1175 4065 1307 4138 beatis·
1352 4064 1515 4197 οὐρανια,
1532 4063 1613 4140 αντὶ
1630 4093 1704 4139 των
1696 4062 1963 4192 προςιαίρων,
1977 4060 2023 4136 τοί

639 4175 756 4245 simum
790 4172 915 4268 Papam
947 4169 987 4241 N.
1022 4194 1119 4266 quern
1152 4174 1308 4266 praesci-
1352 4168 1489 4247 αἰώνια.
1527 4168 1635 4245 Τὸν
1601 4165 2024 4296 αγιοιτρτονκοίμακα-

637 4279 717 4349 visti
741 4286 907 4348 recturum
934 4286 1083 4349 sanctam
1118 4285 1207 4346 tuam
1234 4272 1309 4347 Ca·
1353 4272 1531 4411 ιρρίτρτον
1547 4271 1684 4348 Παπαν
1698 4268 1757 4347 A'.
1782 4268 1827 4346 ὃν
1842 4274 2024 4399 προεγνως

638 4377 792 4451 thoiicam
810 4390 844 4450 et
860 4377 1090 4474 Apostolicam
1108 4376 1309 4464 Ecclesiam,
1352 4377 1413 4452 καί
1436 4372 1782 4507 *προχειρίσασθαι
1812 4372 1881 4469 τὴν
1914 4373 2024 4473 ἁγίαν

637 4504 770 4554 necnon
817 4485 1058 4555 sanctissimum
1105 4480 1309 4577 Episcopum
1352 4507 1420 4556 σου
1452 4479 1656 4576 καθολικὴν
1687 4479 1748 4554 καί
1781 4475 2023 4573 ἀποστολινὴν

639 4586 681 4659 Ν.
717 4595 866 4658 nostrum
901 4606 1129 4674 conservans,
1163 4607 1308 4659 conser-
1352 4586 1553 4682 εκκλησίαν,
1570 4585 1631 4659 καί
1647 4581 1712 4659 τὸν
1730 4579 1928 4657 ὁσιώτατον
1944 4582 2024 4655 ε’πί-

637 4700 718 4763 vato
745 4712 818 4781 eos,
843 4699 880 4762 ut
904 4688 1012 4762 multis
1040 4691 1135 4761 annis
1161 4689 1308 4784 pacificis
1352 4716 1491 4765 σκοπον
1510 4687 1566 4764 Δ’.
1592 4687 1658 4764 τὸν
1679 4686 1869 4784 ἡμέτερον,
1886 4710 2025 4781 συντη-

638 4794 860 4909 temporibus‚
896 4803 1024 4876 sancto
1048 4803 1105 4875 tuo
1131 4791 1310 4901 fungantur
1353 4821 1430 4983 ρον
1446 4819 1675 4924 συνιηρησον
1687 4788 1869 4883 amomi
1868 4814 1920 4872 m
1928 4795 2023 4873 πολ

637 4917 853 5011 pontificatu,
881 4917 944 4995 sibi
971 4916 1097 4999 credito
1132 4939 1306 5023 percuti
1364 4896 2023 5042 ,τζςγρονοιςρίρηνικοῖς,ἕγτελοῡγ.

639 5031 724 5092 ctam
750 5033 838 5096 tuam
863 5023 1059 5126 beatamque
1090 5031 1307 5155 voluntatem,
1350 5064 1411 5119 τας
1436 5005 1565 5119 αυτούς
1588 5038 1658 5124 NN‘
1682 5014 1753 5091 ὖπθ
1779 5028 1848 5095 (ῖοῦ
1872 5026 2024 5120 ἐμπεπι-

637 5135 730 5197 recte
764 5127 993 5224 dispensantes
1027 5134 1169 5208 verbum
1207 5139 1307 5211 veri-
1350 5144 1547 5236 στευμίνην
1573 5133 1682 5239 αγίαν
1707 5146 1776 5208 oov
1798 5123 2024 5228 ἀρχιερωσύ-
