4525 6034
649 550 722 623 120
1170 542 1527 622 LITURGIA

768 963 934 1039 DIVINA
967 958 1199 1053 tironem,
1228 1045 1237 1065 ,
1443 961 1486 1029 Η
1511 960 1627 1031 ΘΕΙΑ
1651 959 1957 1031 ΛΕΙΊὈΥΡΓΙΑ

870 1094 944 1158 SEU
966 1092 1100 1171 MlSSAr
1364 1114 1433 1182 τοῦ
1456 1106 1564 1209 οίγίου
1586 1105 1805 1185 Ἀποοτόλου
1839 1107 1915 1182 καί.
1933 1107 2041 1210 εὐαγ-

650 1213 904 1293 SANGTI
954 1212 1321 1292 APOSTOLI
1363 1230 1531 1326 γελιστού
1556 1222 1740 1326 Μάρκου,
1773 1227 1947 1322 μαθητοῦ
1973 1232 2043 1302 τοῦ

723 1345 757 1405 et
782 1332 1021 1426 Evangelistae
1048 1332 1169 1420 Marci,
1202 1331 1321 1405 Disei-
1364 1340 1474 1443 ἁγίου
1490 1348 1643 1441 Πέτρου

723 1436 791 1532 puli
818 1442 925 1511 saneti
950 1437 1050 1509 Petri.

698 1574 882 1646 Sacerdos
936 1576 1011 1647 Pax
1039 1573 1202 1647 omnibus.
1412 1564 1596 1666 ὉἾερείς.
1640 1559 1776 1663 Εἰρήνη
1796 1569 1916 1639 πᾶσιν.

643 1692 649 1706 “
698 1680 858 1772 Populus
911 1678 955 1751 Et
982 1682 1111 1776 spiritui
1138 1687 1203 1751 tuo
1414 1668 1569 1756 ὉΛαός.
1613 1665 1687 1741 Καί
1702 1674 1755 1764 τῷ
1768 1664 1945 1762 πνεύματί
1959 1692 2040 1742 σου.

640 1783 886 1867 ⁸.Dioeonoa
941 1783 1054 1855 Orate
1413 1772 1635 1859 ὈΔιίκονος.
1677 1768 1943 1870 Προςεύξαοθε.

697 1885 859 1979 Populos
911 1886 1016 1982 Κγπο
1043 1884 1183 1957 eleison
1214 1884 1321 1982 Kyrie
1413 1878 1570 1964 ὉΛαός.
1616 1871 1730 1973 Κύριε
1745 1877 1898 1971 mnam.
1925 1870 2042 1974 Κύριε
2159 1962 2164 1973 ¹

644 1988 783 2061 eleison
835 1989 941 2086 Kyrie
971 1989 1110 2062 eleison.
1363 1982 1516 2079 ἐλέησον.
1552 1974 1665 2079 Κύριε
1686 1982 1839 2075 ἐλέησον.

835 2144 973 2203 Sacerdos
995 2147 1036 2202 sic
1058 2153 1132 2204 orat.
1540 2128 1619 2183 ‘⁰3³
1628 2126 1712 2204 ‘⁰¹⁸0‘
1715 2150 1726 2188 ί
1744 2151 1755 2182 r
1757 2150 1859 2198 egerat.

699 2261 832 2335 Gratias
843 2284 972 2355 agimus
985 2261 1065 2351 tibi,
1084 2271 1118 2335 et
1130 2262 1205 2358 plus
1221 2285 1320 2357 quam
1416 2249 1711 2379 Εὖχαριοτοῦγαν
1728 2276 1786 2326 σοι
1810 2250 1871 2327 καί
1887 2251 2043 2352 ὑπερευ-

644 2369 773 2459 gratias
782 2387 922 2458 agimus,
936 2316 1179 2439 Domm6Deus
1192 2376 1320 2458 noster,
1361 2365 1615 2488 χαριστρῦμεν
1636 2355 1736 2454 κύριε
1765 2386 1785 2430 ο
1775 2354 1943 2440 3669
1921 2366 2043 2453 ημῶν,

647 2472 767 2558 Pater,
795 2480 829 2540 et
842 2469 907 2540 Der
920 2469 1072 2559 Domini,
1100 2480 1134 2541 et
1149 2470 1323 2543 Servato—
1365 2462 1386 2537 6
1409 2460 1556 2590 πατὴρ
1549 2466 1615 2535 τοῦ
1632 2460 1761 2558 κυρίου
1786 2487 1847 2533 και
1837 2458 1962 2535 θεοῦ
1977 2461 2043 2535 ναί

648 2595 695 2645 ms
707 2577 813 2645 nostri
822 2573 904 2646 Jesu
914 2573 1036 2646 Christi
1046 2583 1183 2669 propter
1199 2577 1322 2695 omnia,
1366 2562 2042 2696 οαντῆροςὴραίνίηορῦΧριστρῦ,κατοὶ

649 2686 684 2749 et
708 2699 770 2771 per
797 2680 922 2764 omnia,
950 2680 1009 2748 et
1000 2699 1033 2748 m
1050 2674 1217 2750 omnibus:
1245 2680 1321 2772 quia
1364 2667 1497 2759 πάντα,
1513 2697 1575 2743 και
1565 2664 1719 2741 ‹te'
1669 2695 1830 2755 παντων,
1843 2695 1904 2740 ναι
1916 2697 1956 2743 ιν
1967 2698 2042 2742 πα

647 2782 844 2876 protexisti,
859 2780 1030 2871 adjuvisti,
1050 2779 1185 2871 fovisti,
1203 2790 1237 2852 et
1254 2780 1322 2851 de·
1365 2798 1438 2863 σιν,
1451 2773 1507 2847 ὅτι
1520 2776 1722 2862 tenerorum,
1735 2767 1991 2869 ἕβοήθησας,’
1967 2802 2042 2847 αν-

648 2884 772 2956 duxisti
798 2906 861 2956 nos
888 2893 1062 2955 anteactae
1089 2893 1226 2956 nostrae
1260 2887 1321 2956 vi·
1364 2873 1533 2974 τελοίβοα,
1559 2873 1619 2950 καί
1640 2871 1841 3000 παρήγαγες
1856 2873 1948 2971 ῆαας
1971 2873 2040 2950 τὸν

649 2997 704 3059 tae
731 2996 903 3082 tempore,
936 2998 970 3059 et
996 2987 1163 3061 adduxisti
1188 3009 1253 3060 nos
1280 2987 1322 3058 ad
1365 2976 1942 3104 παρτλθονταχρονοντηςςωητ
1921 3008 2040 3076 ημων,

649 3088 735 3162 hanc
761 3113 867 3185 usqne
883 3090 1017 3212 horam,
1044 3090 1196 3183 dignatus
1212 3091 1321 3165 denuo
1365 3084 1427 3159 καί
1443 3083 1571 3210 ἤγαγες
1585 3082 1676 3179 ἡμᾶς
1690 3087 1756 3166 ἕως
1767 3089 1828 3178 τῆς
1842 3080 1936 3181 ὥρας
1950 3082 2042 3157 ταύ-

648 3198 771 3267 sistere
789 3216 901 3266 coram
920 3206 952 3266 te
968 3197 1000 3265 in
1016 3195 1093 3268 loco
1115 3205 1231 3267 sancto
1245 3204 1319 3268 tuo:
1363 3217 1444 3286 της,
1477 3184 1635 3270 ἀξιώσας
1668 3182 1779 3261 πάλιν
1810 3194 2039 3314 παραστῆναι

648 3299 877 3370 remissionem
892 3308 1011 3393 petens
1025 3307 1320 3392 peecatorumno-
1363 3289 1520 3368 ἐνώπιόν
1547 3315 1615 3365 σου
1645 3293 1684 3365 ἐν
1715 3286 1815 3384 τόπῳ
1848 3289 1941 3389 ἁγίῳ
1968 3314 2040 3365 σου

645 3411 809 3489 snorum,
850 3412 883 3472 et
923 3404 1190 3497 propitiationem
1231 3404 1320 3472 omni
1362 3396 1493 3526 6tprpm
1529 3396 1709 3476 αἰτοῦντες
1741 3400 1816 3468 ταῖν
1846 3392 2040 3522 ἁμαρτιῶν

647 3502 771 3599 populo
789 3514 855 3575 tuo.
892 3502 994 3577 Certe
1008 3527 1185 3599 precamur
1203 3515 1237 3575 et
1249 3504 1319 3578 ob
1361 3499 1487 3597 ἡμῶν,
1504 3527 1565 3574 και
1555 3495 1739 3585 ἱλασμὸν
1760 3495 1868 3571 παντί
1888 3504 1940 3571 τώ
1960 3502 2041 3594 λαῷ

646 3628 819 3679 seeramus
835 3617 887 3697 te,
914 3606 1045 3679 hmnani
1063 3610 1200 3700 generis
1221 3631 1319 3680 ama-
1364 3628 1441 3678 σοο.
1460 3603 1533 3677 Κατ
1544 3599 1717 3697 ammae,
1728 3627 1788 3674 ναι
1779 3600 2039 3700 παρακαλοῦ-

647 3721 721 3798 tor,
754 3707 861 3799 bone,
897 3709 939 3782 da
972 3709 1069 3783 nobis
1101 3722 1137 3782 ut
1170 3721 1320 3784 sanctum
1362 3734 1431 3801 om
1455 3731 1494 3781 σε
1496 3702 1785 3836 φιλάνθρωπα,
1809 3702 1948 3803 ἀγαθέ,
1972 3702 2039 3788 669

646 3813 732 3885 hunc
750 3812 837 3883 diem
846 3823 1053 3908 ,ῑοίαατῳιο
1073 3816 1163 3886 vitae
1181 3824 1319 3887 nostrae
1362 3810 1452 3907 ημῖν
1463 3808 1530 3907 τὴν
1543 3809 1661 3934 οίγίαν
1662 3807 1800 3907 ἥμερον
1811 3805 1959 3904 ταύτην,
1975 3808 2039 3882 καί

648 3927 776 4011 tempus
804 3920 876 3987 sine
909 3928 1049 4011 peceato
1082 3921 1319 4010 transigamus,
1362 3942 1504 3989 απαντα
1515 3941 1581 3991 τον
1592 3908 1730 4011 χρόνον
1745 3920 1807 4008 τῆς
1822 3910 1953 4008 ζωῆς
1931 3919 2039 4006 ημῶν

645 4023 824 4091 cumomni
843 4020 985 4112 gaudio,
1013 4025 1172 4110 sanitate,
1199 4021 1319 4107 salute,
1362 4014 1598 4093 ἐπιτελεῖται
1574 4013 1842 4145 αναμαρτὴτως,
1857 4013 1971 4108 mre
1960 4013 2039 4090 παί-

647 4132 682 4194 et
708 4127 796 4194 omni
823 4124 1104 4246 sanctificatione,
1135 4136 1169 4196 et
1200 4128 1319 4197 timore
1363 4145 1426 4218 σης
1444 4127 1568 4219 χαρᾶς,
1591 4119 1734 4220 ὑγιείας,
1761 4119 1948 4217 σωτηρίας,
1974 4120 2038 4193 καί

646 4282 780 4418 metum,
803 4353 935 4402 omnem
948 4333 1173 4422 tentationem,
1188 4353 1319 4403 omnem
1362 4331 1447 4426 βου.
1469 4325 1653 4452 Πρίνταδὲ
1665 4323 2038 4452 φθόνρν,ποίνταρό-
2079 4419 2084 4429 ἱ

647 4432 836 4505 Satanicam
856 4436 1102 4529 operationem
1119 4457 1236 4507 omnes
1249 4438 1318 4508 im·
1362 4435 1448 4531 βον,
1464 4428 1584 4507 πάντα
1600 4428 1813 4529 πειρασμόν,
1830 4437 1950 4505 πᾶσαν
1965 4457 2038 4504 σα-

646 4535 826 4631 prohorum
853 4534 1019 4608 hominum
1040 4539 1176 4611 insidias
1193 4539 1320 4634 repella
1362 4533 1513 4663 τανικὴγ
1530 4539 1718 4635 ἐνέργειαν,
1733 4542 1854 4610 πᾶσαν
1865 4542 2036 4631 πονηρῶν

645 4662 667 4710 a
694 4638 810 4730 nohis,
838 4641 989 4732 oDeus‚
1016 4650 1049 4711 et
1076 4665 1095 4712 a
1122 4651 1238 4715 saneta
1265 4653 1320 4714 tua
1362 4637 1583 4764 ἀνθρώπων
1584 4635 2036 4769 ὢιιβραλήνὲκὸίωξονοίφ’

647 4741 821 4815 Catholica
854 4752 889 4815 et
920 4743 1120 4840 Apostoliea
1155 4744 1317 4817 Ecclesia
1361 4743 1466 4840 ἡμῶν
1481 4773 1501 4817 ο
1491 4738 1950 4841 “θεός,καίοίπότῆςα“γίας
1965 4768 2035 4817 σου

646 4845 676 4916 Τ
676 4870 699 4917 u
724 4845 822 4919 nohis
848 4870 890 4918 ea
916 4848 1059 4940 largire,
1095 4872 1180 4943 quae
1205 4848 1319 4921 hone·
1362 4849 1559 4943 καθολικῆς
1575 4874 1634 4921 και
1626 4843 1889 4978 οἷπροτολικῆς
1904 4848 2034 4978 ἐγκλη-

646 4958 698 5022 sta
726 4960 760 5020 et
784 4951 875 5022 utilia
902 4963 994 5041 sunt3
1031 4954 1059 5023 si
1086 4951 1162 5047 quid
1189 4975 1319 5047 pecca·
1362 4952 1449 5036 σίας.
1479 4948 1532 5026 T6
1548 4947 1640 5025 καλαί
1657 4949 1718 5024 καί
1738 4947 1783 5023 τοί
1777 4954 2034 5080 συμφιρονια

645 5055 755 5125 vimus
787 5056 822 5124 in
852 5054 981 5146 verbo,
1015 5054 1074 5128 vei
1107 5078 1229 5152 opere,
1262 5055 1384 5129 vel
1361 5065 1451 5153 ηαῖν
1467 5053 1743 5156 ἐπιχορήγησον·
1760 5052 1824 5128 εἴτι
1839 5078 1897 5128 σοι
1912 5050 2034 5153 ἡμάρ-
