4525 6034
380 625 384 637 ,
498 547 1313 668 nron‘rsrrnnrsnursr.
1523 594 1596 669 ιιι

325 778 477 850 ldeaans
501 800 627 849 socen.
669 777 714 850 Et
740 776 1001 850 misericorditer
1027 799 1088 851 eos
1115 782 1295 874 aspiciens,
1322 781 1480 853 Domine:
1495 803 1599 876 parce

222 895 352 968 delictis
385 915 519 980 eorum,
554 904 588 965 et
621 891 771 965 delectus
806 913 923 964 eorum
955 892 1091 985 dimitte,
1124 898 1201 990 quia
1235 916 1358 991 corpus
1392 905 1426 968 et
1461 899 1599 988 sanguis

221 1012 381 1104 unigeniti
406 1009 482 1081 Filii
507 1012 553 1081 tui
579 1008 745 1082 conditum
773 1012 806 1079 in
833 1009 990 1082 membris
1017 1032 1134 1084 eorum
1161 1021 1231 1085 cst:
1263 1033 1448 1107 perquem
1475 1023 1511 1086 et
1535 1034 1599 1086 uos

222 1125 487 1201 misericordiam
514 1128 675 1221 consequi
703 1147 898 1221 speramus,
934 1136 968 1197 et
1003 1129 1235 1200 remissionem
1269 1136 1484 1223 pcccatorum
1512 1150 1599 1222 quae

222 1253 275 1316 est
300 1252 439 1338 propter
465 1264 553 1328 eum.
580 1252 614 1313 et
639 1240 716 1331 iltis,
743 1250 777 1313 et
802 1239 913 1314 nobis.-

326 1357 488 1450 Popnlus.
541 1357 696 1429 Remitte.

326 1471 511 1546 Sacerdos.
565 1472 609 1544 m
642 1494 723 1559 nos,
760 1481 794 1543 et
826 1470 903 1543 illos
938 1470 1059 1563 dignos
1093 1469 1149 1543 luc
1179 1469 1245 1543 line
1278 1470 1476 1562 christiano,
1509 1475 1597 1545 insi-

222 1590 420 1684 pientiarnm
446 1600 647 1676 nostrarum,
673 1586 871 1682 illorumque
897 1610 966 1661 non
992 1586 1209 1678 recordatus,
1235 1592 1332 1659 utin
1365 1586 1429 1660 hoc
1455 1591 1540 1662 sicut
1566 1592 1600 1660 in

223 1703 375 1778 omnibus
402 1704 566 1793 laudetur,
593 1713 627 1777 et
652 1701 842 1776 celebretur
867 1725 990 1776 nomen
1016 1712 1107 1800 tuum
1131 1702 1364 1794 benedictum,
1396 1714 1431 1776 et
1464 1706 1599 1778 Domini

223 1824 329 1893 nostri
354 1821 436 1894 lesu
463 1817 597 1908 Christi,
625 1830 659 1893 et
685 1819 829 1920 Spiritus
854 1824 901 1892 tui
927 1823 1011 1910 vivi,
1039 1824 1218 1909 alsuarti,
1246 1829 1309 1892 etc.

325 1938 487 2030 Populus.
540 1936 595 2009 Ut.

325 2051 511 2125 Sacerdos.
564 2054 647 2125 Pax.

325 2167 489 2263 Populus.
540 2167 684 2240 Etcum
712 2169 922 2264 spiritutuo.

324 2284 510 2356 Sacerdos.
563 2284 636 2355 Sint
663 2286 894 2357 nriscrntiones
919 2282 985 2356 Dei
1011 2284 1130 2356 Putris.

224 2388 229 2398 ’
325 2398 510 2474 Sacerdos.
564 2398 749 2472 Credimus.

324 2516 504 2588 Diaconos
529 2516 615 2587 dicit
638 2515 859 2588 Catholicans.

325 2631 502 2705 Sacerdos
523 2635 657 2725 franqil
683 2638 718 2703 et
742 2635 866 2727 sionei.

653 2908 775 2978 Oratio
803 2914 883 2979 ante
909 2909 1011 2980 Pater
1035 2916 1162 2980 noster.

323 3095 418 3181 Deus
444 3099 630 3169 orationum
663 3105 854 3191 susceptor,
881 3098 1141 3192 petitionemque
1174 3103 1335 3191 acceptor
1365 3116 1527 3187 rogamus
1561 3107 1597 3168 et

221 3234 336 3283 coram
363 3221 396 3282 te
422 3216 679 3307 pronunciamus
705 3216 890 3285 orationem
918 3212 1003 3283 lianc
1029 3211 1229 3316 dominicam
1261 3234 1360 3308 quam
1393 3210 1505 3282 docuit
1531 3235 1614 3294 nos.

219 3330 409 3420 unigenitus
435 3328 539 3400 Filius
566 3338 653 3419 tuus,
681 3338 715 3400 et
742 3328 849 3401 corde
872 3330 1014 3401 connita
1041 3328 1223 3402 clamamus
1250 3338 1285 3401 et
1315 3326 1468 3401 dicimus:
1494 3328 1596 3401 Pater

220 3454 337 3517 noster
363 3447 419 3539 qui
445 3467 483 3518 cs
509 3448 543 3516 in
570 3444 684 3518 coelis.

325 3559 486 3653 Papulas.
539 3560 782 3648 Sanctificetur,
810 3570 873 3634 etc.

324 3674 509 3749 Sacerdos.
561 3676 686 3750 Libera
712 3698 776 3748 nos
801 3676 945 3749 Domine
969 3677 1063 3749 Deus
1095 3675 1251 3765 amalo,
1278 3687 1312 3747 et
1339 3675 1380 3748 alr
1410 3676 1499 3748 omni
1526 3697 1595 3766 ge-

219 3814 303 3863 nere
335 3794 534 3886 iniquitatis3
565 3803 728 3888 peccatu,
763 3802 798 3864 ct
829 3795 1034 3888 insipientias
1073 3801 1207 3864 nostras
1244 3791 1369 3864 dimitte
1407 3790 1522 3880 nobis,
1557 3799 1597 3900 et

221 3905 373 3982 omnibus
400 3910 456 4001 uiri
482 3910 516 3979 in
541 3931 605 3981 nos
633 3930 842 4003 quocumque
863 3908 964 3981 modo
992 3906 1216 4003 deliquerunt:
1243 3910 1407 4005 propitius
1422 3919 1496 3981 esto
1523 3929 1593 3978 no-

74 4105 82 4110 ,
174 4091 180 4106 ,
219 4020 283 4110 his,
311 4033 346 4094 et
369 4021 433 4106 illis
462 4022 617 4114 Domine,
644 4035 677 4096 et
702 4022 887 4097 referemus
914 4023 973 4096 tibi
999 4022 1156 4117 gloriam,
1183 4033 1218 4096 et
1242 4023 1383 4096 laudem.

323 4137 485 4231 Papulas.
537 4142 657 4213 Amen.

324 4252 509 4327 Sacerdos.
561 4256 645 4327 Pax.

322 4370 485 4463 Populus.
538 4370 684 4444 Etcum
711 4374 827 4467 spiritu
853 4381 921 4443 tuo.

323 4485 512 4557 Diaconos.
564 4487 859 4582 luclinateeapitn
885 4495 1009 4560 vestra.

325 4600 485 4694 Popnlns.
540 4602 664 4674 Coram
690 4613 724 4674 te
749 4589 903 4674 Domine.

324 4717 509 4789 Sacerdos.
562 4717 685 4791 Emitte
712 4720 854 4791 Domine
880 4719 1054 4791 dexteram
1080 4729 1187 4806 tuam,
1221 4728 1256 4790 et
1286 4715 1416 4790 effunde
1446 4720 1596 4789 misera-

220 4835 330 4905 tiones
357 4844 430 4906 tuas
458 4857 560 4931 super
585 4835 740 4932 populum
768 4847 869 4926 mum,
897 4847 931 4907 et
957 4857 1058 4931 super
1085 4856 1171 4907 oves
1197 4836 1315 4927 gregis
1350 4835 1414 4919 tui,
1441 4835 1496 4928 qui
1525 4856 1595 4904 ex-

220 4957 341 5043 pectat,
369 4960 404 5022 ut
431 4955 572 5047 accipiat
598 4975 720 5047 corpus
747 4963 781 5024 et
807 4954 1003 5043 sanguinem
1023 4952 1193 5043 unigeniti
1219 4948 1293 5021 Filii
1327 4951 1390 5021 tui:
1425 4949 1594 5021 sanctifica

274 5086 360 5132 nonus
373 5087 397 5130 n.
1330 5066 1381 5143 60
