4525 6034
462 622 1390 704 THEODDRlllllERPRllTlS.
1536 625 1607 700 oti

239 808 322 908 bile,
356 811 583 907 praeclarum,
617 809 834 902 rationabile,
875 809 1046 885 excellens
1082 822 1116 883 et
1147 816 1373 901 incruentum,
1405 817 1548 907 gratiam
1582 822 1616 885 et

240 930 472 1000 miserationes
498 930 706 999 inveniamus
742 950 855 1000 coram
891 939 934 1000 te.
964 928 1099 999 Canon:
1134 952 1210 1001 curn
1238 929 1392 1003 omnibus
1419 931 1484 1003 illis
1513 933 1616 1028 quia

241 1044 376 1117 saeculo
403 1044 598 1140 placuerunt
624 1043 695 1130 tibi,
722 1066 783 1139 per
808 1048 949 1136 gratiam
977 1053 1011 1116 et
1037 1047 1269 1118 miserationes
1296 1050 1459 1139 unigeniti
1485 1050 1548 1134 tui,
1582 1056 1616 1119 et

240 1161 312 1250 tibi,
338 1164 469 1256 ipsique
496 1171 529 1232 et
554 1160 691 1256 Spiritui
718 1172 835 1233 sancto
863 1160 1015 1253 gloriam,
1041 1159 1172 1232 laudem
1201 1172 1235 1232 et
1261 1161 1492 1236 adorationem
1518 1163 1614 1235 reie-

240 1299 362 1362 ramus,
389 1299 476 1348 nunc
502 1287 536 1348 et
553 1299 707 1372 semper,
734 1286 768 1347 et
793 1280 827 1348 in
853 1276 989 1350 saecula
1016 1276 1238 1349 saeculorum.

346 1392 470 1485 Sipuot
494 1416 548 1480 se,
577 1393 772 1486 etreliqua
798 1396 986 1486 perficiunt
1023 1400 1061 1464 ut
1097 1396 1133 1463 in
1164 1393 1326 1490 Lt‘turpiu
1358 1396 1612 1489 Apostolorum.

240 1510 288 1580 Et
314 1508 489 1581 Sacerdos
515 1510 601 1580 dicit
618 1494 807 1581 ¹Cursorem.
861 1508 976 1582 Gratia
1001 1510 1136 1582 Domini
1162 1514 1269 1582 nostri
1300 1511 1384 1583 lesu
1412 1509 1553 1602 Christi,
1580 1523 1614 1585 et

240 1629 362 1697 caritas
388 1626 452 1697 Dei
478 1627 599 1713 Patris,
626 1637 660 1698 et
687 1629 939 1698 communicatio
967 1625 1109 1722 Spiritus
1146 1630 1251 1698 sancti
1287 1629 1331 1698 sit
1357 1649 1430 1699 cum
1458 1627 1613 1701 omnibus

105 1757 114 1778 '
240 1741 351 1832 nobis,
378 1764 464 1813 nunc
492 1751 696 1837 etaerupem
725 1751 759 1813 et
784 1746 818 1813 in
845 1741 981 1815 saecula
1007 1741 1225 1815 saeculorum.

346 1857 485 1953 Sipauns
511 1861 624 1929 crucis
655 1862 745 1952 fucit
778 1881 882 1952 super
914 1861 1077 1950 mysteria
1109 1864 1145 1928 ct
1173 1863 1402 1953 prosequitur.
1435 1855 1449 1893 ²
1475 1855 1613 1928 Sursum

241 1976 275 2045 in
302 1973 430 2045 excelsi
458 1972 670 2063 sublimibus,
704 1977 738 2045 in
771 1978 911 2066 regione
938 1973 1081 2046 timenda
1108 1973 1257 2066 gloriae,
1289 1972 1344 2046 ubi
1380 1995 1447 2045 non
1479 1984 1614 2046 cessant

242 2089 418 2163 Cherubim
448 2089 518 2161 alas
546 2112 624 2162 suas
652 2094 799 2182 agitare,
831 2112 940 2186 neque
975 2091 1128 2163 desinunt
1157 2090 1252 2182 jubili
1279 2101 1314 2162 et
1347 2089 1460 2162 laudes
1489 2111 1613 2163 suaves

242 2204 534 2278 sanctificationum
562 2204 748 2302 Seraphim,
776 2204 821 2278 ibi
847 2209 912 2277 siat
938 2217 1064 2278 mentes
1091 2216 1238 2280 vestrae.

344 2322 393 2392 Et
417 2323 634 2415 respoudeat.
661 2322 746 2395 Sunt
772 2322 859 2418 apud
884 2331 918 2394 te
944 2322 1047 2393 Deus

344 2436 520 2510 Sacerdos
543 2443 771 2533 prosequitur.
810 2437 943 2511 Oblatio
978 2441 1060 2510 viva
1096 2449 1131 2511 et
1155 2438 1362 2512 rationabilis
1397 2442 1614 2535 primitiarum

239 2563 447 2643 nostrarum,
481 2556 684 2649 victimaque
716 2576 784 2626 non
819 2553 1006 2644 immolata,
1042 2565 1076 2626 et
1109 2554 1324 2649 acceptabilis
1364 2552 1438 2626 Filii
1476 2559 1613 2647 generis

241 2673 365 2757 nostri,
406 2691 468 2764 pro
514 2670 665 2742 omnibus
706 2674 869 2742 creaturis
918 2664 1118 2760 universim,
1162 2671 1237 2743 Deo
1280 2675 1421 2744 omniunt
1467 2672 1610 2743 Domino

242 2785 387 2857 ollertur.

346 2902 394 2972 m
418 2902 634 2994 respondeat.
662 2900 806 2992 Dignum
834 2910 868 2971 et
890 2904 1016 2992 justum
1043 2911 1104 2972 ost.

218 3113 222 3118 .
348 3016 536 3087 Diaconos.
580 3019 653 3090 Pax
680 3015 861 3115 nobiscum.

346 3131 522 3204 Sacerdos
552 3139 697 3205 secreto.
726 3137 739 3172 ³
771 3134 916 3224 Dignum
952 3142 1004 3205 est
1040 3133 1184 3204 Domine
1215 3132 1381 3227 quotidie,
1422 3143 1456 3204 et
1489 3135 1614 3223 justum

242 3252 527 3344 omnitempore,
555 3247 879 3345 aequumquehoris
912 3248 1064 3322 omnibus
1104 3250 1230 3340 gratias
1266 3270 1370 3340 agere
1400 3250 1525 3320 nomini
1556 3258 1612 3320 tuo

239 3375 377 3453 sancto,
413 3374 447 3436 et
480 3366 623 3437 adorare
656 3370 863 3458 majestatem
898 3373 987 3437 tuam
1021 3368 1055 3435 in
1088 3366 1175 3435 omni
1207 3368 1347 3457 regione
1380 3374 1414 3436 et
1448 3364 1544 3435 loco:
1578 3374 1612 3434 te

239 3481 332 3552 Deus
359 3481 460 3553 Pater
475 3486 626 3554 veritatis
654 3484 843 3578 quievistis
871 3482 913 3554 ab
934 3491 1091 3572 aeterno,
1106 3491 1152 3552 >et
1171 3480 1291 3552 Filium
1303 3492 1392 3553 tuum
1410 3483 1612 3573 unigenitum
1697 3510 1707 3530 ·

241 3597 418 3670 Dominum
446 3610 596 3670 nostrum
621 3598 735 3669 lesum
763 3596 947 3686 Christum,
980 3607 1014 3669 et
1040 3595 1197 3692 Spiritum
1231 3608 1380 3670 sanctum
1411 3601 1444 3668 in
1478 3596 1614 3670 saecula

242 3713 465 3786 saeculorum:
500 3717 576 3809 quia
608 3724 642 3784 tu
675 3735 713 3786 es
747 3715 910 3788 Dominus
945 3725 981 3793 et
1013 3713 1165 3785 conditor
1197 3717 1341 3785 omnium
1367 3714 1544 3786 visibilium
1580 3725 1615 3787 et

240 3829 469 3902 invisibilium:
497 3835 552 3926 qui
578 3853 641 3926 per
667 3830 785 3903 Filium
811 3840 901 3903 tuum
928 3833 1131 3923 unigenitum
1157 3831 1264 3902 Deum
1291 3828 1439 3902 Verbum
1472 3834 1526 3927 qui
1560 3840 1613 3903 est

239 3943 299 4017 lux
325 3947 456 4038 gloriae
483 3955 572 4036 tuae,
600 3957 632 4018 et
659 3944 818 4042 splendor
843 3970 889 4059 px
905 3958 937 4019 te
962 3952 1141 4041 imagoquo
1169 3945 1372 4019 substantiae
1390 3956 1479 4036 tuae,
1507 3971 1612 4020 crea-

241 4066 284 4133 sti
311 4074 344 4134 et
369 4064 566 4135 constituisti
593 4064 724 4136 coelum
751 4073 785 4134 et
810 4073 951 4150 terram,
985 4074 1019 4134 et
1045 4066 1156 4134 omnia
1184 4085 1268 4158 quae
1295 4066 1327 4134 in
1355 4066 1403 4135 eis
1431 4072 1516 4136 sunt.
1569 4061 1613 4133 Et

241 4200 303 4273 per
329 4178 486 4274 Spiritum
514 4188 672 4266 sanctum,
700 4180 858 4274 Spiritum
885 4180 1055 4266 veritatis,
1083 4182 1138 4273 qui
1166 4202 1211 4249 ex
1237 4189 1272 4251 te
1289 4189 1341 4250 est
1357 4180 1469 4267 Pater,
1497 4201 1611 4251 omnes

241 4303 379 4366 namrae
404 4295 603 4384 rationales,
629 4294 780 4368 visibiles
808 4307 842 4368 et
867 4293 1053 4367 invisibiles
1079 4294 1323 4381 confortantur,
1356 4293 1612 4380 sanctificantur,

241 4408 428 4506 dignaeque
461 4411 555 4499 liunt,
589 4410 756 4484 referendi
790 4412 920 4484 laudem
956 4409 1116 4483 divinitat
1156 4421 1232 4482 tuae
1269 4409 1469 4484 adorandae.
1526 4408 1612 4494 Quia

241 4535 355 4600 coram
382 4538 415 4600 te
441 4529 542 4600 Pater
568 4550 663 4614 vere,
690 4540 723 4600 et
759 4551 872 4601 coram
906 4527 991 4599 Filio
1025 4537 1082 4599 tuo
1117 4530 1287 4620 unigenito
1324 4527 1468 4600 Domino
1494 4536 1611 4600 nostro

240 4643 323 4716 Jesu
350 4642 496 4734 Christo,
523 4654 557 4715 et
583 4667 698 4717 coram
724 4645 848 4740 Spiritu
874 4652 990 4716 sancto
1012 4645 1197 4717 consistunt
1215 4643 1347 4715 millena
1373 4642 1473 4715 millia
1499 4643 1610 4715 subli-

240 4763 340 4831 mium
366 4760 547 4856 Spirituum
573 4771 618 4836 et,
633 4760 746 4834 decies
772 4759 890 4833 millies
918 4759 1033 4831 decern
1060 4760 1161 4833 millia
1172 4759 1381 4853 Angelorum
1408 4768 1609 4849 sanctorum,

242 4855 379 4971 quorum
406 4879 498 4950 vitae
516 4877 672 4972 voluptas
700 4887 752 4949 est
777 4880 811 4948 in
837 4879 1001 4950 constanti
1028 4898 1089 4950 sua
1114 4876 1298 4965 voluntate,
1325 4886 1360 4948 ut
1386 4898 1506 4948 nomen
1519 4867 1607 4947 tuum

241 5015 399 5083 magnum
426 5003 460 5064 et
486 5003 644 5080 sanctum,
671 4993 858 5065 laudatione
884 5003 1045 5089 perpetua
1071 4993 1285 5066 sanctificent.
1338 4992 1483 5085 Dignum
1509 4979 1609 5065 etiam

240 5106 350 5181 iecisti
376 5110 520 5182 Domine
545 5132 607 5205 per
632 5112 773 5202 gratiam
801 5121 889 5182 tuam
915 5131 1023 5203 genus
1054 5117 1205 5182 nostrum
1229 5108 1408 5199 infirmum,
1442 5109 1609 5182 hominum

279 5247 411 5290 rornusn.
1368 5228 1418 5302 80

888 5451 902 5490 Ι
