4525 6034
679 552 755 629 342
1257 556 1489 634 NOTAE

683 754 772 817 qnam
797 737 971 820 Geographi
993 738 1130 801 nonnulli
1152 738 1316 803 Armeniae
1338 740 1512 807 attribuunt.
1541 740 1627 803 lllnm
1650 740 1729 805 euim
1750 742 1939 824 Episcopum
1960 741 2053 806 fnisse

678 836 852 899 Nestoriaui
873 836 1006 899 Antores
1030 845 1194 916 testantur,
1224 856 1283 919 qna
1307 838 1402 902 dere
1424 839 1497 902 nihil
1521 840 1602 921 apud
1622 840 1776 904 lacebitas
1798 842 1887 905 nobis
1911 843 2052 904 occurrit.

678 936 791 997 Verum
821 952 888 997 cnm
916 938 995 999 inter
1022 942 1067 999 tot
1090 935 1230 1016 Syriacas
1254 936 1406 1021 liturgias
1428 937 1509 1000 nulla
1531 939 1570 1000 sit
1592 956 1671 1019 qnae
1694 940 1819 1021 alicujus
1842 940 1975 1015 autoris,
2004 943 2053 1022 qni

677 1034 848 1115 Episcopus
872 1042 922 1096 ant
943 1034 1119 1097 Patriarcha
1141 1054 1201 1098 non
1224 1034 1331 1111 inerit,
1363 1053 1473 1098 nomen
1502 1036 1671 1118 praeferat,
1703 1057 1743 1100 ex
1772 1056 1810 1100 eo
1840 1037 1953 1101 indicio
1975 1039 2052 1101 baud

679 1132 817 1195 fortassis
851 1141 966 1195 temere
997 1134 1108 1213 conjici
1129 1140 1247 1214 potest,
1277 1134 1308 1195 in
1336 1133 1423 1196 simili
1445 1132 1591 1197 iacobum
1614 1134 1760 1218 dignitate
1783 1134 1889 1200 luisse.
1936 1135 1970 1198 Si
1989 1134 2053 1197 Ne-

677 1233 830 1295 storiauos
853 1230 1007 1310 andimus,
1038 1231 1136 1293 llario
1166 1232 1333 1296 Salomonis
1362 1231 1470 1309 filium,
1500 1241 1532 1295 et
1560 1232 1685 1296 Amrum
1712 1237 1779 1317 ejus
1801 1235 2051 1312 abbreviatorem,

677 1339 837 1413 postquam
861 1328 994 1392 Severus
1016 1328 1196 1393 Antiochiae
1218 1330 1404 1413 Episcopatu
1426 1349 1515 1412 quem
1539 1341 1743 1413 occupaverat
1768 1333 1916 1416 dejectus,
1939 1333 2053 1395 inAe-

677 1434 774 1509 gypto
797 1426 939 1490 obiisset:
962 1435 995 1489 nt
1017 1429 1085 1509 ejus
1108 1428 1274 1509 discipulus
1297 1437 1327 1491 et
1350 1427 1469 1492 assecla
1486 1429 1618 1493 lacobus
1632 1430 1825 1515 Serugeusis,
1848 1432 1985 1494 lacobus
2006 1430 2054 1493 ille

678 1526 717 1588 de
740 1543 801 1606 quo
826 1526 940 1606 agitur,
963 1525 1088 1588 mirifice
1110 1534 1224 1589 sectam
1248 1527 1313 1608 ejus
1336 1546 1393 1610 per
1415 1535 1507 1590 totam
1530 1528 1647 1609 Syriam
1669 1535 1867 1612 propagavit,
1890 1531 2056 1611 praecipue

678 1625 819 1686 'intritae
842 1625 871 1685 in
886 1623 1048 1687 Armeniae
1070 1625 1190 1704 finibus,
1214 1625 1265 1688 ubi
1286 1624 1442 1689 Jacobitae
1466 1625 1570 1689 sedem
1584 1626 1732 1691 Catholici
1754 1632 1811 1708 sni,
1836 1648 1893 1691 sen
1907 1627 2055 1707 lfofriam'

677 1732 711 1785 ut
733 1722 814 1784 illum
844 1730 970 1802 vocant,
1001 1722 1112 1786 dudum
1143 1726 1381 1802 constituerunt,
1413 1732 1443 1787 et
1465 1726 1496 1786 in
1518 1726 1625 1789 vicinis
1649 1728 1785 1793 urbibus.
1829 1728 1894 1791 lllic
1917 1746 2053 1809 magnam

677 1840 782 1884 eorum
805 1821 929 1884 caedem
951 1820 1024 1884 fecit
1044 1822 1176 1885 Peroses
1199 1841 1254 1886 sen
1277 1831 1308 1886 ut
1320 1824 1431 1886 Persae
1454 1824 1592 1887 scribunt
1615 1826 1724 1888 rema.-
1746 1835 1778 1889 et
1800 1846 1841 1888 ex
1863 1846 1902 1889 ea
1925 1844 1962 1889 se
1984 1845 2071 1889 sur··

677 1921 770 2000 ripnit
790 1920 936 1997 lacobus,
959 1918 1123 2001 habituque
1147 1921 1220 1985 Snlii
1242 1922 1309 1984 sive
1330 1921 1476 2004 Religiosi
1498 1922 1622 1999 Persae,
1646 1925 1752 1986 evasit.
1798 1924 1933 1987 Comites
1962 1923 2051 2007 fugae

677 2018 754 2082 dnos
782 2019 864 2082 illum
894 2016 1052 2097 habuisse,
1084 2020 1173 2082 iidem
1203 2027 1325 2082 autores
1348 2020 1483 2083 scribunt
1506 2020 1670 2102 Georgium
1693 2031 1723 2085 et
1746 2022 1947 2106 Gregorinm,
1979 2040 2051 2102 quos

676 2118 728 2180 ille
750 2117 932 2198 Episcopos,
956 2116 1037 2178 illum
1060 2118 1119 2197 ipsi
1141 2117 1341 2180 Patriarcham
1365 2118 1590 2183 ordinaverunt.
1636 2119 1772 2203 Cumque
1795 2123 1909 2202 passim
1928 2120 2051 2182 ordina-

676 2218 775 2280 tiones
790 2216 917 2293 faceret,
940 2233 1131 2296 quocumque
1149 2218 1307 2296 transibat,
1330 2217 1413 2279 aiunt
1436 2237 1504 2281 enm
1528 2219 1710 2283 Sacerdotes
1734 2228 1764 2283 et
1786 2221 1941 2284 Diaconos
1965 2228 2051 2281 octo·

675 2317 759 2399 ginta
782 2314 863 2376 mille
886 2314 1055 2393 ordinasse,
1078 2315 1173 2397 longo
1198 2317 1277 2378 vitae
1301 2317 1447 2396 decursu,
1477 2335 1545 2380 cnm
1567 2317 1760 2401 septuaginta
1785 2327 1850 2380 tres
1873 2335 1972 2380 annos
1994 2318 2050 2378 im-

674 2415 812 2496 pleverit.
856 2410 934 2474 Nihil
957 2412 1091 2474 illumin
1114 2415 1235 2496 seriptis
1257 2415 1419 2496 reliquisse
1440 2415 1602 2478 verisimile
1625 2423 1681 2494 est,
1705 2435 1772 2478 cnm
1794 2418 1824 2479 in
1847 2416 1992 2480 Tractatu
2013 2414 2049 2477 de

673 2512 747 2575 Fide
771 2512 907 2589 Patrnm,
935 2510 987 2589 qni
1008 2518 1089 2574 totns
1112 2531 1152 2574 ex
1175 2521 1313 2576 autorum
1341 2514 1393 2594 qni
1416 2513 1496 2594 apud
1517 2514 1670 2576 Jacobitas
1694 2515 1943 2577 commendantur
1963 2514 2049 2576 testi-

673 2610 780 2671 moniis
804 2616 964 2672 contextus
987 2618 1045 2689 est,
1067 2616 1146 2673 utet
1161 2611 1265 2674 inaliis
1280 2613 1346 2693 ejus
1355 2611 1479 2695 generis
1493 2610 1689 2675 collectaneis
1701 2616 1811 2676 mentio
1823 2615 1891 2696 ejas
1903 2611 2047 2676 nnllafiat.

1096 2870 1131 2941 2.
1177 2869 1320 2963 Vipilnm
1346 2876 1381 2941 et
1405 2870 1624 2962 ⁴fraystor-nm.

771 3057 827 3141 Ex
849 3072 918 3135 loco
940 3071 1074 3135 Danielis
1097 3090 1165 3154 cap.
1188 3072 1218 3136 4.
1240 3091 1269 3133 v.
1293 3070 1343 3137 fil.
1372 3070 1543 3135 orientales
1565 3071 1750 3154 singularem
1772 3072 1933 3136 beatorum
1957 3075 2045 3154 spiri-

672 3182 754 3236 tnnm
787 3175 923 3237 ordinem
951 3174 1107 3253 fecerunt,
1141 3174 1273 3259 vigilum
1303 3173 1435 3250 scilicet,
1467 3192 1594 3254 qnorum
1622 3176 1696 3236 satis
1728 3175 1874 3257 frequens
1906 3176 2045 3239 memoria

673 3276 772 3333 estin
794 3272 878 3335 libris
901 3272 1141 3351 Ecclesiasticis,
1173 3274 1308 3354 quamvis
1331 3272 1369 3336 de
1391 3274 1509 3336 illorum
1532 3272 1692 3355 dignitate,
1723 3279 1754 3336 et
1775 3273 1845 3337 loco
1869 3275 1900 3335 in
1924 3275 2045 3337 coelesti

671 3370 858 3449 llierarchia‚
880 3371 1029 3452 perplexe
1051 3371 1214 3452 loquantur
1235 3372 1375 3452 plerique
1396 3390 1502 3434 eornm
1525 3371 1684 3454 Theologi.
1716 3372 1797 3434 luter
1816 3389 1871 3434 eos
1883 3372 2044 3452 praecipue

670 3468 794 3533 laudare
817 3470 918 3533 solent
938 3470 1085 3532 ioannem
1107 3470 1286 3548 Dareusem,
1309 3471 1394 3550 cnjus
1416 3468 1595 3533 testimoniis
1625 3469 1662 3531 ab
1685 3469 1859 3533 Abrabamo
1874 3469 2045 3531 Echellensi

670 3569 804 3648 acceptis
827 3587 901 3632 nsns
924 3577 973 3632 est
994 3569 1043 3631 vir
1064 3568 1249 3631 clarissimus
1270 3569 1405 3632 loannes
1426 3569 1573 3649 Marinus,
1597 3568 1709 3649 quide
1731 3567 1861 3651 Angelis
1884 3588 1927 3631 ex
1949 3570 2044 3649 Syra·

669 3682 736 3726 rum
759 3674 868 3745 mente,
892 3669 1014 3748 scripsit
1035 3669 1066 3728 in
1088 3669 1168 3729 notis
1191 3667 1229 3729 ad
1253 3667 1466 3730 Ordinationes
1490 3669 1642 3749 Syriacas.
1684 3668 1727 3728 At
1748 3665 1787 3729 de
1808 3666 1938 3730 loannis
1961 3668 2042 3727 istius

648 3760 814 3828 'Darensis
850 3774 947 3830 aetate
975 3766 1141 3829 Maronitae
1175 3767 1233 3847 ipsi
1262 3766 1342 3829 inter
1371 3785 1405 3829 se
1436 3766 1632 3844 dissentiunt,
1667 3783 1735 3827 cum
1760 3764 1953 3827 Echellensis
1978 3783 2042 3825 enm

669 3864 785 3926 vixisse
813 3871 920 3943 quarto
950 3865 1074 3927 saeculo
1103 3866 1261 3945 scripserit
1290 3867 1320 3927 in
1350 3866 1429 3927 uotis
1459 3865 1496 3927 ad
1526 3864 1744 3945 llebedjesnm:
1777 3863 1908 3925 Fansms
1933 3862 2041 3925 Nairo-

669 3979 727 4024 nns
761 3961 841 4024 iuter
870 3962 1004 4042 qnintnm
1034 3971 1064 4025 ct
1094 3970 1214 4026 sextum
1244 3963 1415 4042 saeculnm,
1445 3981 1503 4025 nec
1534 3964 1608 4026 satis
1637 3963 1755 4042 probat.
1798 3962 1894 4024 Recte
1926 3961 2040 4040 quidem

670 4060 787 4125 Severo
821 4058 1012 4123 Antiocheno
1041 4064 1245 4141 posteriorem
1276 4062 1358 4124 illnm
1385 4062 1518 4143 judicat,
1547 4080 1615 4124 cnm
1644 4079 1711 4122 enm
1748 4059 1835 4133 citet;
1872 4060 1929 4121 sed
1964 4057 2039 4138 qnod

669 4177 709 4220 ex
737 4159 860 4241 linguae
882 4159 1026 4240 Syriacae
1054 4160 1205 4241 elegantia
1235 4178 1322 4241 qnam
1353 4161 1384 4222 in
1412 4162 1478 4243 ejus
1508 4159 1628 4242 scriptis
1650 4160 1811 4236 observat,
1844 4159 2038 4237 antiquiorem

669 4275 739 4319 esse
767 4257 1052 4320 lllnhamedanorum
1082 4259 1210 4339 imperio
1238 4259 1404 4337 existimat,
1434 4259 1506 4320 nibil
1536 4261 1608 4341 egit.
1653 4256 1763 4319 blnltos
1791 4256 1870 4316 enim
1900 4254 2037 4317 babemus

670 4356 766 4435 Syros
789 4357 840 4436 qni
862 4357 959 4436 patria
982 4374 1036 4418 sna
1060 4356 1163 4441 lingna
1186 4357 1278 4439 longe
1300 4364 1371 4436 post
1389 4354 1607 4418 linhamedana
1629 4364 1767 4436 tempora
1788 4353 2037 4433 scripseruntin

669 4454 778 4534 quibus
800 4456 927 4516 maxima
949 4457 1098 4517 sermonis
1119 4455 1318 4533 foecunditas,
1342 4462 1373 4518 et
1395 4456 1528 4519 Asiatica
1551 4455 1601 4517 illa
1624 4454 1776 4537 elegantia
1798 4453 1911 4533 ubique
1931 4452 2034 4513 lacent

667 4552 751 4616 Unus
775 4553 852 4615 hanc
875 4553 1079 4633 conjecturam
1101 4553 1213 4615 refellit
1234 4552 1460 4637 Abnllaragins,
1484 4553 1535 4634 qni
1558 4572 1626 4616 cum
1647 4551 1772 4614 saeculo
1786 4550 1879 4612 Xlll⁰.
1894 4549 2034 4622 floruerit,

666 4652 756 4733 plura
788 4651 1013 4733 elegantissime
1043 4652 1181 4732 scripsit,
1212 4670 1301 4732 qnam
1330 4653 1429 4733 quivis
1463 4651 1547 4713 alins.
1608 4650 1771 4731 Dionysius
1801 4648 1946 4711 Barsalibi
1979 4663 2033 4707 nno

667 4751 775 4813 saltem
808 4749 931 4811 saeculo
967 4750 1117 4828 antiquior
1149 4749 1249 4812 multis
1277 4768 1399 4831 quoqne
1435 4751 1556 4830 scriptis
1593 4748 1725 4830 Syriacis
1760 4746 1909 4809 inclaruit.
1954 4744 2032 4824 lpsae

669 4867 744 4929 quas
768 4856 930 4910 tractamus
953 4846 1108 4930 Litnrgiae
1130 4850 1237 4911 aetatis
1259 4850 1449 4929 posterioris,
1472 4849 1542 4911 stilo
1566 4847 1617 4909 illo
1637 4847 1725 4909 uberi
1746 4847 1879 4924 scriptae
1900 4850 1984 4919 snut,
2005 4842 2031 4901 in

669 4966 729 5028 qno
757 4948 944 5028 potissimum
972 4947 1112 5009 consistit
1140 4946 1303 5009 Orientalis
1331 4946 1479 5009 facundia.
1524 4948 1635 5009 Verum
1665 4945 1741 5007 baec
1769 4945 1844 5006 tanti
1872 4960 1932 5004 uon
1953 4945 2030 5002 nint:

668 5063 769 5125 neque
791 5046 914 5108 multum
935 5044 1040 5123 refert,
1064 5043 1136 5125 qnid
1159 5045 1315 5108 debeatis
1338 5046 1492 5125 spiritibus
1507 5043 1676 5108 Orientales
1691 5044 1832 5122 sentiant,
1855 5052 2029 5103 cumomuea
