4525 6034
665 561 739 636 166
1139 558 1571 639 COMMENTARIUS

663 760 725 807 nou
753 760 810 825 pro
837 751 902 807 toto
930 744 1060 825 templo,
1089 744 1145 807 sed
1173 745 1346 807 sanctuario
1374 751 1548 825 usurpetur.
1600 743 1686 817 Quae
1714 742 1752 805 de
1781 743 1847 804 istis
1876 759 2035 807 sacrarum

663 842 869 906 aedificiorum
891 843 1026 924 partibus
1048 842 1145 905 insius
1167 842 1226 904 dici
1247 850 1384 923 possent,
1406 843 1601 923 reperiuntur
1623 843 1654 905 in
1675 842 1761 905 Notis
1784 840 1885 904 Goarii
1907 840 1945 902 ad
1967 842 2035 904 Eu-

662 942 835 1023 chologiom
858 959 924 1003 cnm
947 941 1165 1023 ichnographia
1189 940 1324 1003 Graecae
1352 940 1526 1017 Ecclesiae,
1550 941 1598 1002 cui
1621 940 1698 1003 aliae
1721 942 1750 1002 in
1773 939 1898 1003 Oriente
1920 941 2035 1004 similes

662 1048 741 1103 sunt,
786 1040 955 1103 Videndum
977 1059 1098 1122 quoque
1122 1039 1308 1103 Glossarium
1320 1041 1351 1101 in
1371 1057 1450 1102 voce
1471 1037 1573 1123 Βῆμα
1595 1047 1625 1101 et
1648 1039 1732 1118 aliis,
1761 1047 1794 1101 ut
1817 1038 2035 1102 &sustantion-

660 1140 740 1222 polis
770 1138 957 1215 Christiana‚
991 1147 1023 1201 et
1050 1139 1179 1201 Allatius
1213 1139 1252 1201 de
1289 1137 1420 1218 Templis
1450 1136 1645 1201 Graecorum.
1694 1138 1780 1210 Quae
1813 1156 1888 1201 vero
1924 1145 2035 1218 postea

662 1237 836 1302 Gnillelmus
859 1238 1046 1319 Reveregius
1076 1240 1107 1299 in
1138 1240 1218 1301 notis
1246 1237 1310 1300 suis
1333 1237 1372 1299 ad
1394 1236 1553 1315 Canones,
1583 1237 1728 1301 ludolfus
1757 1238 1788 1299 in
1810 1235 2033 1301 Commentario

660 1338 805 1400 historiae
828 1355 902 1399 suae
917 1337 1130 1419 Aethiopicae,
1154 1345 1185 1399 et
1208 1336 1258 1399 alii
1281 1336 1319 1400 de
1333 1335 1390 1399 hoc
1403 1346 1580 1418 argumento
1598 1337 1798 1418 scripserant,
1820 1337 1858 1399 ab
1873 1336 1932 1399 illis
1954 1354 2034 1418 quos

661 1446 750 1499 autea
779 1435 965 1499 laudavimus
996 1436 1133 1498 desumta
1155 1444 1243 1511 sunt;
1274 1443 1304 1498 et
1334 1437 1360 1499 si
1390 1436 1510 1517 quando
1538 1435 1699 1518 quidquam
1725 1435 1869 1499 addidere
1897 1437 1936 1498 de
1963 1453 2032 1515 suo,

660 1534 837 1615 plerumque
860 1537 1085 1616 suspectissima
1108 1543 1193 1614 sunt,
1217 1542 1268 1598 aut
1291 1535 1330 1598 ad
1346 1537 1529 1600 ‚eruditionis
1552 1537 1706 1617 specimen
1729 1542 1912 1615 comparata.
1957 1535 2035 1599 Cum

660 1642 760 1697 autem
783 1636 918 1716 insignes
942 1634 1011 1698 olim
1034 1634 1192 1697 Ecclesiae
1214 1634 1326 1698 multae
1348 1636 1378 1697 in
1398 1635 1543 1717 Aegypto
1567 1643 1682 1714 essent,
1701 1635 1895 1717 jamomnino
1917 1650 2035 1715 paucae

660 1741 841 1814 supersunt,
864 1734 894 1794 in
917 1733 1026 1813 quibus
1048 1734 1222 1814 primaevae
1245 1734 1429 1816 antiquitatis
1452 1734 1583 1797 obscura
1604 1735 1733 1816 vestigia
1757 1735 1883 1815 agnosci
1904 1733 2033 1816 possint.

660 1830 735 1894 Cum
758 1835 836 1895 enim
858 1840 947 1912 capta
969 1831 1092 1914 saepius
1114 1840 1146 1895 et
1167 1839 1285 1895 uastata
1307 1832 1493 1896 Alexandria
1515 1833 1616 1908 inerit,
1639 1835 1730 1896 etiam
1751 1850 1792 1894 ex
1813 1850 1874 1913 quo
1898 1833 1935 1894 ab
1948 1832 2034 1893 Ara-

657 1931 746 1994 bibus
768 1939 916 2013 occupata
939 1940 998 2011 est,
1016 1935 1140 2015 jamque
1162 1932 1236 1995 urbs
1259 1950 1296 1994 ea
1319 1950 1396 2012 quae
1420 1940 1579 2013 superest,
1602 1933 1742 2012 antiquae
1765 1932 1865 2011 potius
1888 1931 2032 2010 cadaver,

659 2049 749 2111 qnam
771 2030 821 2094 illa
844 2032 911 2112 ipsa
934 2030 1088 2094 censenda
1111 2032 1167 2111 sit,
1200 2030 1272 2092 nibil
1295 2049 1336 2092 ex
1358 2032 1487 2112 antiquis
1510 2030 1687 2094 Christianis
1711 2029 1855 2093 aediliciis
1877 2031 2034 2093 residuum

657 2138 717 2209 est,
739 2131 819 2192 unde
842 2130 1016 2211 conjectura
1039 2128 1078 2192 de
1100 2129 1307 2192 Ecclesiomm
1329 2138 1381 2192 aut
1403 2130 1539 2193 altarium
1561 2129 1658 2193 torma
1679 2130 1747 2211 capi
1770 2136 1874 2210 queat3
1896 2129 2033 2209 nihdqne

657 2249 733 2293 vero
755 2231 892 2312 propius,
917 2247 1005 2310 qnam
1027 2236 1061 2291 ut
1083 2229 1203 2292 illorum
1233 2227 1330 2291 torma
1351 2248 1391 2291 ex
1413 2226 1596 2292 Graecarum
1617 2229 1805 2293 lineamentis
1828 2228 2015 2310 intelligatur
2022 2248 2033 2303 3

657 2329 764 2392 eadem
787 2331 865 2392 enim
888 2335 954 2390 erat
978 2337 1170 2410 utrarumque
1192 2328 1360 2409 dispositio.

743 2427 839 2509 lgitur
862 2425 1011 2491 Sacerdos
1035 2445 1102 2490 eum
1125 2427 1164 2490 ad
1186 2427 1280 2490 altare
1303 2426 1395 2491 Sacra
1417 2425 1552 2490 lactarus
1575 2426 1708 2506 accedit,
1732 2425 1926 2507 dicturumque
1949 2423 2034 2486 Ora-

655 2529 768 2590 tionem
790 2545 868 2608 quae
891 2528 1132 2608 praeparationis
1149 2525 1335 2609 appellatur:
1360 2534 1430 2588 tunc
1452 2534 1629 2607 paramenta
1646 2527 1848 2607 imponuntur.
1891 2522 1942 2586 Ad
1963 2541 2033 2586 eam

656 2628 735 2689 enim
756 2626 913 2709 Liturgiae
933 2634 1052 2708 partem
1073 2626 1150 2688 haec
1173 2625 1363 2688 caeremonia
1385 2626 1532 2706 pertinet,
1556 2627 1734 2706 variantque
1755 2624 1814 2688 hoc
1837 2624 1905 2687 loco
1927 2622 2033 2685 rubri-

656 2742 728 2804 cae,
751 2743 819 2786 cum
842 2725 920 2791 aliae
942 2724 1073 2788 habeant
1091 2733 1253 2806 postquam
1274 2732 1413 2787 mitam
1424 2723 1522 2804 fuerit
1533 2725 1649 2786 abarae
1672 2723 1749 2786 aliae
1762 2731 1921 2804 postqnmm
1932 2742 2033 2803 prae-

649 2833 768 2906 parata
794 2825 910 2904 suerint
936 2825 1046 2886 attans
1074 2832 1268 2899 ornamenta,
1300 2823 1382 2905 quod
1417 2822 1498 2886 idem
1528 2830 1590 2886 este
1631 2830 1702 2885 tuna
1732 2824 1811 2884 enin
1848 2840 1907 2885 nec
1940 2830 2032 2884 antea

655 2932 781 2986 ornatur
803 2923 909 3001 altare,
933 2941 1041 3005 nempe
1064 2941 1173 3005 mappa
1195 2925 1283 3007 nigra
1307 2941 1385 3004 qnae
1407 2919 1527 2984 tabulae
1549 2922 1652 2984 altaris
1672 2922 1810 3003 proxima
1834 2929 1891 3001 est,
1915 2923 2031 3002 tegitur

655 3023 712 3086 alia
735 3023 922 3106 longissima,
946 3042 1024 3104 quae
1046 3030 1141 3085 totam
1163 3040 1282 3085 sacram
1303 3040 1437 3085 mensam
1459 3022 1576 3101 operit:
1601 3021 1789 3083 collocantur
1811 3038 1930 3098 eruces,
1952 3020 2031 3083 reli-

656 3122 762 3203 quiae,
784 3123 884 3200 cerei,
907 3130 938 3185 et
960 3123 1058 3186 omnia
1079 3121 1201 3185 tandem
1227 3141 1306 3203 quae
1329 3121 1367 3184 ad
1389 3119 1574 3204 lungendum
1596 3138 1717 3183 sacrum
1739 3120 1934 3183 ministerium
1956 3121 2030 3181 atti-

655 3227 739 3299 nent,
763 3221 930 3283 aliernutur
951 3240 970 3283 e
992 3220 1160 3283 secretario
1181 3238 1239 3301 per
1260 3220 1430 3298 Diaconos,
1461 3227 1492 3281 et
1517 3238 1619 3282 coram
1641 3217 1807 3282 Sacerdote
1836 3210 2029 3282 celebraturo

656 3319 853 3384 collocantur.
898 3320 942 3382 Ea
972 3322 1051 3382 enirn
1078 3326 1125 3382 est
1148 3318 1305 3400 disciplina
1328 3322 1419 3383 totius
1441 3317 1593 3398 Orientis,
1621 3326 1655 3381 ut
1684 3319 1779 3381 altare
1807 3325 1897 3381 extra
1923 3318 2028 3380 horam

655 3419 795 3480 sacrificii
830 3417 940 3480 nudum
969 3419 1009 3481 sit
1037 3420 1119 3481 vasis
1148 3426 1179 3480 et
1208 3417 1345 3480 omnibus
1373 3420 1573 3497 curamentis,
1617 3436 1695 3498 qnae
1726 3417 1827 3480 alicrri
1855 3425 1887 3480 et
1915 3417 2028 3479 auferri

655 3516 765 3579 solent.
810 3515 932 3579 Gabriel
955 3516 1033 3579 tilius
1056 3516 1166 3579 Tarieh
1188 3517 1219 3578 in
1236 3516 1505 3581 Constitutionibus
1523 3516 1692 3599 synodicis.
1737 3516 1806 3578 Non
1826 3516 2028 3578 celebrabitu-

654 3614 811 3695 Lampia,
838 3617 901 3677 nisi
926 3625 1086 3697 postquam
1112 3618 1211 3679 altare
1233 3623 1369 3696 opertum
1387 3615 1482 3694 [uerit
1508 3618 1692 3696 operimento
1719 3615 1797 3690 aiio,
1826 3633 1915 3695 ptam
1946 3614 2029 3696 quod

654 3715 729 3775 suaa
744 3716 826 3794 tegit,
840 3712 993 3776 ordinario
1005 3715 1123 3777 scilicet
1138 3722 1169 3777 et
1187 3713 1307 3793 tabulae
1321 3715 1470 3794 proximo,
1486 3713 1567 3796 quod
1583 3712 1691 3776 Graeci
1706 3700 1895 3796 κατάσαρκα
1906 3718 2025 3777 vocant.
2048 3795 2052 3801 ι

653 3810 754 3873 Finita
775 3812 915 3893 Lituryia
937 3814 1075 3893 aufertur
1094 3815 1170 3876 iliad
1190 3821 1386 3894 tegumentum
1408 3823 1438 3876 et
1457 3814 1503 3876 ita
1519 3814 1756 3893 complicabitur,
1777 3819 1810 3873 ut
1831 3812 1950 3874 ustam
1967 3813 2028 3892 ipsi

653 3910 826 3987 adjunctam
852 3932 913 3975 nan
939 3922 1107 3993 separetur.
1152 3911 1227 3974 Cum
1253 3914 1356 3973 onmia
1383 3932 1462 3993 quae
1486 3914 1530 3974 ad
1555 3912 1727 3992 liturgiam
1752 3913 1929 3973 necessaria
1958 3918 2028 3973 aaut

652 4007 808 4072 Sacerdos
820 4013 969 4074 collocata
990 4021 1061 4074 ante
1082 4031 1116 4074 se
1129 4013 1251 4087 uiderit,
1274 4013 1354 4073 dicet
1371 4010 1547 4074 Orationem
1561 4012 1827 4091 praeparationis,
1849 4028 1909 4090 qua
1927 4011 2025 4089 mina,

651 4108 707 4168 illa
732 4110 887 4188 disponet,
919 4128 1117 4191 mappamque
1144 4111 1262 4173 evolvet
1289 4118 1319 4171 et
1347 4111 1520 4190 aspirabit.
1565 4109 1691 4171 Ritnalis
1718 4109 1795 4171 liber
1817 4108 1856 4171 de
1878 4108 1971 4170 rebus
1993 4110 2025 4170 in

651 4204 789 4288 Liturgia
810 4207 1019 4274 observandis.
1063 4208 1132 4271 Non
1154 4216 1256 4289 tangat
1275 4210 1437 4289 quidquam
1458 4229 1500 4271 em
1520 4210 1616 4284 naris,
1641 4217 1695 4271 aut
1705 4210 1893 4270 ornamentis
1905 4208 2025 4284 aumas,

651 4305 708 4366 aed
728 4324 767 4366 ea
787 4325 895 4369 coram
915 4310 982 4388 ipso
1003 4308 1200 4387 disponentw
1221 4309 1413 4387 operimentis
1433 4310 1499 4369 suia
1518 4308 1650 4371 madata:
1679 4325 1842 4387 oramusque
1871 4325 2027 4385 capuanae

652 4404 773 4480 tenebit,
795 4406 892 4468 donec
913 4407 1029 4468 dixerit
1057 4409 1235 4469 oratiomm.
1280 4405 1380 4468 Autor
1408 4407 1553 4468 scientiae
1581 4405 1827 4469 Ecclesiasticae.
1871 4404 2026 4467 Sacerdos

652 4504 867 4579 operimentum
887 4506 999 4566 altaris
1019 4524 1111 4584 super
1132 4523 1169 4566 eo
1191 4504 1352 4567 codacabit
1372 4523 1479 4567 coram
1500 4524 1547 4582 se,
1575 4514 1605 4568 et
1625 4506 1790 4568 memsam
1810 4521 1919 4565 muas
1938 4521 2025 4582 mar,
2127 4536 2130 4543 <

651 4600 733 4661 dicet
754 4605 923 4666 orationem
945 4605 1103 4684 operiendi
1122 4605 1233 4666 abaris
1249 4606 1401 4684 primam:
1422 4606 1558 4667 normam
1567 4613 1667 4667 tamer
1687 4604 1762 4665 iliud
1782 4603 1915 4682 operiet:
1936 4622 2025 4664 merr-

651 4706 710 4759 tem
732 4701 859 4781 coiiipet,
881 4721 1046 4783 mansisque
1067 4712 1211 4764 extensas
1232 4703 1343 4766 tenebit
1361 4722 1456 4784 usque
1477 4704 1520 4765 ad
1538 4705 1628 4783 finem
1643 4704 1795 4765 masona
1811 4703 1941 4781 priseae,
1964 4719 2027 4782 qua

646 4798 745 4875 muta,
768 4807 846 4880 tepet
866 4802 984 4874 aitare;
1006 4820 1130 4882 eumque
1144 4801 1324 4864 Sanetuarii
1335 4809 1461 4865 amatus
1482 4802 1638 4864 aaronem
1652 4800 1759 4881 fuerit,
1781 4802 1884 4862 amaia
1905 4800 2026 4861 instru-

650 4904 751 4957 menta
772 4917 828 4960 aaa
850 4901 918 4962 ioco
940 4909 970 4961 et
982 4901 1250 4980 ordmedisponet,
1273 4908 1335 4962 tum
1351 4903 1433 4963 dicet
1446 4903 1616 4963 orationem
1630 4901 1802 4963 armandam.
1846 4898 1899 4961 llis
1921 4898 2024 4960 verbis

648 4993 900 5077 intelligidebet
927 4999 1060 5061 secunda
1089 4999 1235 5081 periodus
1261 4998 1350 5081 hujus
1379 4999 1473 5079 ipsius
1496 4998 1651 5061 Orationis
1682 5016 1760 5079 quae
1790 4997 1892 5077 incipit
1919 4997 1957 5059 ab
1984 5013 2023 5060 eo
