4525 6034
649 574 813 664 ‚246'
907 653 909 658 ,
1196 581 1555 660 LITURGIA

794 762 957 856 Populos.
1008 767 1127 838 Amen.
1229 745 1237 768 ’

793 877 978 950 Sacerdos.
1031 884 1076 955 Et
1101 886 1231 957 mistum
1259 882 1348 977 quod
1375 895 1427 956 cst
1453 888 1486 956 in
1521 884 1585 958 boc
1620 889 1745 976 calice,
1778 893 1915 980 sanguis
1943 891 2060 964 Christi

689 1007 755 1078 Dei
781 1011 898 1095 nostri,
927 1007 983 1079 liat
1009 1001 1254 1102 propitiatorius
1282 998 1478 1073 delictorum
1504 1012 1539 1073 et
1564 1014 1779 1099 peccatorum
1807 1027 1894 1100 quae
1921 1009 2060 1079 commi-

690 1126 811 1196 simus:
846 1127 984 1216 sanguis
1018 1119 1196 1195 vivificans
1233 1119 1453 1210 suspicientes
1483 1117 1590 1204 illurn,
1622 1123 1690 1191 vita
1723 1143 1815 1193 nova
1847 1121 2059 1210 indeficienti3

690 1243 827 1332 sanguis
855 1239 1003 1331 dirigens
1030 1238 1072 1311 ad
1099 1245 1215 1332 pontus
1242 1232 1456 1327 tranquillos,
1484 1245 1518 1305 et
1536 1231 1723 1308 babitacula
1742 1235 1826 1309 lucis
1844 1247 2059 1333 praeparatu:

691 1354 732 1426 ad
758 1358 1008 1428 innovationem
1036 1357 1217 1426 animarum
1245 1370 1490 1444 corporumque
1507 1360 1710 1440 nostrorum,
1737 1353 1778 1423 ad
1797 1353 2090 1425 emundationem

690 1467 733 1541 ab
761 1470 913 1543 omnibus
941 1471 1095 1544 sordibus
1122 1468 1233 1538 carnis
1261 1475 1295 1535 ct
1321 1468 1467 1561 spiritus,
1499 1465 1541 1537 ad
1568 1471 1876 1560 praeservationem
1904 1468 1946 1541 ab
1975 1471 2059 1550 omui

691 1592 887 1681 operatione
913 1586 1050 1679 maligni
1076 1584 1181 1657 bostis
1208 1584 1313 1652 nostri
1339 1590 1374 1652 et
1400 1581 1442 1653 ad
1469 1585 1572 1653 vitam
1600 1592 1782 1655 aeternam.

794 1702 955 1796 Populus.
1007 1704 1128 1774 Amen.

608 1895 614 1899 ,
748 1828 756 1842 “
793 1819 978 1890 Sacerdos.
1024 1819 1077 1889 Da
1105 1825 1139 1887 et
1166 1812 1315 1886 concede
1341 1810 1438 1885 nobis
1464 1835 1526 1908 per
1551 1816 1783 1886 miserationes
1811 1825 1883 1887 tuas
1912 1837 2055 1907 magnus,

688 1933 841 2022 Domine,
868 1944 904 2005 ut
930 1930 1101 2005 animabus
1128 1928 1184 2001 ille
1209 1924 1473 2024 corporibusque
1500 1932 1623 2002 nostris
1650 1934 1860 2017 commistus,
1886 1934 1996 2024 prosit
2019 1930 2057 2001 ad

688 2053 954 2146 propitiationem
983 2048 1196 2132 delictorum,
1230 2047 1462 2116 remissionem
1489 2055 1720 2139 peccatorum,
1753 2045 2056 2141 abstersionemqua

689 2170 832 2239 omnium
861 2168 1130 2261 perversitatum,
1158 2160 1200 2233 ad
1227 2160 1363 2233 delicias
1391 2182 1577 2254 quaecum
1605 2165 1729 2232 sanctis
1757 2165 1821 2232 tuis
1848 2174 1947 2250 sunt,
1974 2185 2056 2233 con-

688 2281 890 2378 sequendas,
918 2291 952 2352 et
978 2280 1021 2351 ud
1047 2283 1151 2350 vitam
1178 2288 1357 2350 aeternam.
1565 2277 1725 2370 Populus.
1777 2279 1899 2351 Amen.

791 2397 966 2468 Sacerdos
991 2394 1183 2465 inclinatas.
1238 2391 1413 2464 Dllcrimus
1440 2407 1553 2464 boram
1580 2403 1625 2481 te,
1656 2393 1811 2480 Domine,
1837 2394 1933 2465 Deus
1962 2393 2056 2466 obla-

688 2516 813 2587 tionem
838 2512 922 2583 banc
950 2533 1067 2608 puram
1094 2518 1128 2581 et
1154 2521 1314 2595 sanctam,
1342 2531 1404 2603 pro
1431 2506 1587 2580 Ecclesia
1614 2519 1669 2580 tua
1687 2509 1871 2597 Catholica,
1900 2522 1936 2582 et
1961 2512 2055 2605 Apo-

688 2630 827 2720 stolica,
868 2650 964 2722 qnam
1001 2628 1228 2722 acquisivisti,
1267 2647 1353 2719 qnae
1388 2628 1421 2695 in
1457 2635 1512 2695 tua
1547 2647 1608 2719 spe
1643 2628 1815 2712 consistit,
1852 2634 1887 2696 et
1923 2648 2055 2718 reguum

686 2757 777 2816 tuum
805 2754 980 2840 expectat:
1007 2754 1043 2815 ut
1068 2765 1130 2838 per
1157 2762 1292 2812 crucem
1317 2750 1406 2811 tuam
1433 2739 1611 2811 salutarem
1637 2751 1869 2831 conservetur,
1899 2753 1933 2812 et
1954 2741 2056 2813 beno-

687 2859 824 2931 dicatur.
887 2859 1070 2951 Congrega
1104 2857 1190 2929 lilios
1224 2859 1317 2948 eJus,
1357 2859 1390 2926 in
1422 2878 1520 2926 unam
1553 2855 1786 2946 concordiam,
1820 2859 1995 2928 caritatem
2027 2867 2055 2928 et

686 2975 785 3047 fidem
811 2979 844 3046 in
872 2986 914 3046 te.
967 2974 1155 3061 Memento,
1182 2973 1344 3058 Domine,
1376 2970 1615 3044 venerabilium
1651 2971 1900 3068 Episcoporum
1936 2955 2053 3045 Drtbo-

687 3093 875 3175 doxorum,
901 3088 1116 3163 Patriarcbae
1143 3090 1250 3161 nostri
1276 3088 1410 3160 Domini
1436 3087 1477 3159 N.
1506 3098 1540 3159 et
1565 3090 1697 3159 Domini
1723 3088 1765 3159 N.
1793 3099 1826 3160 et
1860 3088 2052 3183 reliquomm

687 3212 831 3281 omnium
862 3206 1107 3303 Episcoporum
1141 3202 1423 3278 orthodoxorum.
1483 3205 1579 3275 Doce
1613 3203 1688 3276 illos
1723 3204 1866 3276 verbmn
1901 3207 2052 3289 veritatis,

685 3325 775 3418 quod
808 3331 900 3394 recte
939 3322 1148 3417 dispensent:
1184 3330 1218 3391 et
1250 3330 1391 3415 pascant
1422 3341 1564 3410 gregem
1598 3329 1705 3408 tuum,
1738 3318 1802 3390 illis
1838 3342 1859 3390 a
1894 3331 1930 3391 te
1964 3342 2051 3391 com-

684 3439 888 3524 mendatum,
915 3440 972 3533 pie
998 3448 1032 3508 et
1059 3447 1185 3509 sancte.
1239 3435 1292 3506 Da
1325 3434 1388 3506 illis
1421 3436 1582 3523 Domine,
1617 3444 1823 3507 senectutem
1858 3435 2052 3528 longaevam

685 3557 719 3624 in
745 3554 921 3649 praeclara
948 3550 1213 3644 gubernatione,
1240 3563 1275 3622 nt
1299 3549 1471 3646 perficiant
1496 3550 1701 3623 voluntatem
1728 3563 1826 3622 tuam.
1881 3552 2051 3635 Memento,

684 3669 846 3758 Domine,
873 3669 1095 3741 Sacerdotum
1121 3666 1409 3754 venerandorum,
1436 3668 1660 3739 Diaconorum
1689 3666 1940 3758 modestorum,
1967 3667 2052 3740 Sub-

686 3787 901 3858 diaconorum
929 3791 1115 3872 castorum,
1144 3787 1319 3878 omnisque
1344 3781 1572 3879 plenitudinis,
1599 3793 1633 3853 et
1660 3782 1793 3855 Ordinis
1819 3782 2052 3856 Ecclesiastici.

684 3902 737 3972 Da
763 3902 849 3987 illiS,
876 3902 1038 3988 Domine,
1065 3903 1223 3971 virtutem
1251 3899 1293 3970 ad
1321 3898 1539 3971 resistendum
1568 3898 1731 3972 adversus
1759 3921 1878 3971 omnes
1912 3899 2052 3986 insidias,

685 4026 719 4086 et
746 4026 835 4090 artes
863 4014 1004 4103 diaboli,
1032 4026 1066 4087 et
1093 4015 1200 4108 dirige
1226 4015 1303 4087 illos
1331 4014 1373 4086 ad
1400 4037 1499 4086 omne
1532 4036 1616 4109 opus
1653 4015 1741 4109 quod
1779 4014 1895 4087 Ordini
1931 4015 2053 4087 illorum

684 4136 872 4204 conveniat.
927 4133 1096 4205 Memento
1124 4136 1244 4220 etiam,
1271 4132 1431 4217 Domine,
1458 4132 1652 4204 infirmitatis
1681 4135 1812 4203 animae
1839 4154 1938 4203 meae
1962 4153 2053 4204 mor-

683 4244 802 4337 bidae,
828 4271 939 4344 ncque
966 4258 1102 4320 avertas
1129 4247 1251 4319 faciem
1278 4258 1385 4336 mam,
1413 4256 1469 4319 aut
1495 4248 1665 4339 elongeris
1693 4269 1714 4317 a
1738 4269 1804 4318 me.
1857 4246 1902 4318 Et
1929 4246 2051 4342 qnando

684 4362 814 4456 quidem
842 4385 905 4459 pro
932 4363 1044 4435 ultima
1073 4362 1128 4435 illa
1155 4374 1369 4458 peccatorum
1397 4366 1594 4435 remissione
1621 4373 1654 4434 te
1681 4362 1862 4458 deprecor,
1888 4385 1955 4435 non
1974 4367 2053 4433 sicut

684 4500 801 4550 emaus
829 4488 885 4551 aut
911 4483 1081 4575 projectus
1109 4503 1129 4551 a
1158 4490 1212 4551 tua
1239 4481 1429 4573 praesentia
1457 4483 1538 4564 sim3
1567 4478 1626 4552 sed
1646 4477 1702 4551 lac
1727 4502 1859 4552 mecum
1877 4478 2054 4550 secuudum

682 4595 945 4666 misericordiam
973 4606 1080 4684 tuam3
1107 4594 1231 4685 adjuva
1258 4595 1477 4667 infirmitatem
1503 4617 1625 4683 meam,
1650 4617 1760 4689 neque
1779 4617 1959 4668 recenseas
1979 4592 2054 4665 mibi

681 4711 887 4804 insipientias
914 4732 1015 4783 meas.
1070 4710 1263 4798 Maurento,
1289 4709 1450 4800 Domine,
1484 4710 1633 4804 Regum,
1671 4722 1705 4782 et
1740 4709 1961 4795 subditorum,
2001 4713 2055 4804 qui

682 4826 715 4895 in
741 4847 863 4898 nomen
891 4837 979 4898 tuum
1008 4826 1237 4917 crediderunt,
1263 4827 1393 4899 illomm
1420 4831 1517 4899 etiam
1545 4830 1600 4922 qui
1627 4826 1742 4916 bellis,
1776 4831 1895 4923 pugnis
1930 4837 1964 4898 et
1988 4848 2054 4921 pc-

682 4941 796 5012 riculis
824 4942 1061 5015 conflictantur.
1114 4943 1238 5015 Libera
1265 4954 1297 5014 et
1324 4966 1508 5038 praeserva
1524 4964 1604 5032 uos,
1631 4943 1788 5032 Domine,
1816 4941 1948 5030 alama,
1975 4940 2054 5014 bel-
2168 5001 2179 5018 .

680 5054 740 5148 lis,
768 5058 1014 5154 captivitatibus
1042 5068 1076 5130 et
1102 5059 1263 5133 effusione
1290 5063 1461 5153 sanguinis
1484 5062 1575 5152 justi,
1602 5070 1637 5131 et
1662 5082 1683 5130 a
1710 5059 1969 5156 depraedatione
1994 5079 2054 5154 per
