4525 6034
598 627 781 706 uuonan
819 626 1178 707 uunsctnunms.
1449 623 1453 634 ·
1498 631 1571 706 ses
1633 573 1641 587 x

204 817 304 888 etiam
329 837 428 905 nnnc,
455 817 635 911 veniatque
661 825 695 887 et
719 819 909 912 requiescet
926 837 1028 911 super
1047 838 1124 905 nos,
1151 828 1185 890 et
1206 817 1390 891 sanctificet
1411 821 1572 914 mysteria

203 930 300 1022 haec,
328 942 428 1026 atquc
453 930 509 1004 illa
535 932 695 1028 perficiat
1583 936 1591 950 “

307 1047 470 1140 Populos.
524 1046 637 1119 Orate.

307 1162 493 1235 Sacerdos.
546 1162 680 1235 Exaudi
705 1186 768 1236 me.

305 1278 465 1372 Populus.
519 1279 625 1376 liprie
652 1279 797 1367 eleison,
824 1285 888 1350 ter.

305 1394 482 1482 Sacerdos
509 1397 646 1467 eleooos
670 1418 796 1467 nocem.
848 1396 1060 1488 Largitorem
1085 1394 1177 1469 illum
1202 1397 1342 1470 honum:
1369 1407 1406 1470 ut
1420 1397 1572 1486 illabens,

202 1510 303 1583 iaciat
328 1534 450 1608 panem
476 1515 586 1603 istum,
613 1523 647 1585 et
671 1517 785 1586 vinum
810 1514 909 1603 istud,
936 1534 1059 1608 corpus
1085 1524 1120 1585 ct
1145 1517 1342 1607 sanguinem
1363 1512 1486 1588 Christi
1508 1515 1572 1586 Dei

202 1631 319 1700 nostri.

308 1743 469 1838 Populus.
522 1745 641 1818 Amen.

306 1860 491 1933 Sacerdos.
543 1859 702 1932 Feliciter
726 1882 788 1956 per
822 1882 998 1933 accessum
1028 1858 1182 1932 adhaec
1209 1871 1434 1949 sacramente,
1461 1868 1572 1960 parti·

203 1979 297 2071 cipes
323 1979 371 2048 tui
397 1977 587 2066 efficiamur,
615 1986 749 2047 etcum
775 1976 895 2048 fiducia
922 2000 942 2048 a
970 1987 1003 2048 te
1018 1998 1193 2064 concesse,
1220 1974 1353 2073 hymnis
1372 1979 1571 2075 repleamur,

203 2102 237 2164 et
262 2091 449 2166 referemus
476 2092 534 2164 tibi
561 2092 702 2185 gloriam
730 2103 764 2164 et
788 2092 929 2165 laudem.

306 2210 468 2304 Popsdos.
522 2210 641 2283 Amen.
951 2293 954 2298 Ι

304 2325 481 2398 Sacerdos
505 2325 698 2397 inclinatas.
739 2322 948 2396 Generaliter
975 2323 1017 2396 ad
1043 2334 1077 2396 te
1103 2336 1138 2397 ct
1163 2347 1225 2420 per
1250 2335 1303 2415 te,
1331 2330 1465 2422 suscipe
1491 2326 1571 2399 Do-

201 2443 290 2514 mine
315 2441 374 2514 has
402 2442 600 2528 oblationes,
627 2462 710 2535 quas
737 2462 825 2512 nunc
851 2440 909 2514 tihi
936 2440 1118 2530 ollerimus,
1144 2444 1337 2515 innomine
1364 2452 1480 2515 sancto
1502 2455 1571 2532 tuo,

200 2578 263 2652 pro
289 2556 446 2630 Ecclesia
472 2568 534 2630 tua<
555 2568 672 2630 sancta
699 2568 733 2629 et
757 2555 954 2631 Pastoribus
981 2559 1070 2649 ejus,
1097 2579 1161 2652 pro
1189 2557 1358 2631 ordinibus
1374 2564 1442 2655 -qni
1467 2561 1500 2629 in
1528 2581 1570 2630 ea

200 2682 296 2762 sunt,
323 2682 357 2746 ct
381 2694 444 2769 pro
470 2695 556 2771 pace
583 2677 668 2744 inter
693 2694 813 2764 regna,
839 2671 1069 2767 bellorumque
1096 2678 1302 2763 cessatione,
1336 2697 1399 2770 pro
1425 2674 1571 2747 benedi-

200 2791 311 2862 ctione
337 2813 420 2887 pura
449 2779 535 2877 anni,
561 2812 624 2884 pro
652 2793 741 2861 tenui
768 2811 857 2873 meu,
870 2790 1068 2880 infirmitate,
1096 2799 1130 2861 et
1155 2813 1218 2885 pro
1244 2790 1310 2864 illis
1338 2795 1394 2887 qui
1420 2793 1453 2864 in
1480 2814 1570 2887 qutu-

200 2929 344 3001 cnmque
370 2909 573 2979 necessitate
599 2910 700 3002 positi
727 2916 811 2978 sunt.

304 3021 480 3094 Sacerdos
512 3022 649 3094 elevans
679 3043 805 3093 ccccm,
859 3022 910 3093 Tc
938 3022 1081 3094 Domine
1113 3021 1207 3094 Deus
1239 3032 1355 3095 noster
1388 3022 1570 3112 adorande,

199 3161 371 3231 rogamus,
398 3143 532 3234 suscipe
559 3138 826 3234 deprecationem
853 3148 1014 3228 nostram,
1040 3136 1282 3233 imperfectam,
1308 3160 1370 3233 pro
1389 3143 1478 3211 omni
1499 3164 1570 3236 po-

198 3256 277 3350 pulo
305 3264 340 3327 ct
365 3254 570 3328 haereditate
595 3255 652 3327 lilii
679 3257 740 3326 tui:
775 3257 867 3326 mitte
892 3252 989 3328 nohis
1016 3265 1050 3327 et
1077 3254 1229 3328 omnihus
1257 3253 1409 3328 fidelihus
1436 3254 1569 3330 divitias

197 3369 277 3443 nulli
311 3376 455 3464 egestati
488 3370 675 3462 obnoxius,
715 3393 886 3444 munerum
921 3381 1050 3443 monna
1084 3370 1345 3456 laetificandum,
1388 3371 1568 3443 secundum

199 3491 456 3583 promissionem
483 3491 643 3581 unigeniti
668 3488 743 3560 Filii
769 3491 830 3578 tui,
862 3510 937 3561 cum
964 3511 1029 3583 quo
1056 3487 1251 3561 benedictus
1278 3508 1335 3576 es,
1369 3486 1465 3559 simul
1491 3509 1565 3560 cum

200 3604 326 3699 Spiritu
352 3614 408 3677 tuo
436 3608 654 3678 sanctissimo.
1185 3609 1190 3622 '
1623 3589 1635 3603 ⁸

301 3719 461 3813 Populos.
514 3722 633 3792 Amen.

301 3835 477 3908 Sacerdos
510 3836 701 3908 inclinatos.
768 3833 924 3907 Perfecta
958 3845 1143 3923 memento,
1185 3834 1346 3924 Domine,
1387 3836 1568 3909 secumdum

161 4017 166 4048 ¹
198 3954 395 4024 memoriam
422 3953 568 4025 divinam
593 3963 702 4041 tuam,
730 3973 846 4023 eorum
873 3954 927 4048 qui
952 3973 1038 4023 nunc
1064 3949 1238 4024 nobiscum
1265 3952 1360 4025 simul
1387 3955 1468 4025 uniti
1494 3963 1569 4026 sunt

200 4076 234 4138 ct
261 4067 320 4140 tibi
347 4071 432 4140 noti:
459 4089 576 4140 eorum
602 4071 657 4163 qui
683 4067 780 4140 fidem
807 4067 939 4140 habent.

301 4183 477 4256 Sacerdos
510 4184 646 4256 elecem
677 4205 803 4255 cocem.
849 4183 927 4256 Lux
952 4182 1192 4256 inaccessibilis
1219 4194 1253 4256 et
1277 4182 1418 4277 largitor
1444 4208 1566 4257 mune-

198 4322 269 4372 rum
298 4299 502 4388 divinornm,
534 4300 675 4395 fonsque
703 4300 899 4373 auxiliorum
927 4321 964 4372 es
991 4299 1151 4387 Domine,
1185 4321 1267 4392 erga
1302 4322 1418 4373 omnes
1446 4305 1500 4397 quui
1533 4311 1566 4373 te

199 4421 365 4488 invocant.
419 4416 550 4490 Diuites
578 4415 653 4488 illos
679 4415 734 4489 lec
761 4416 883 4491 divitiis
909 4417 974 4489 illis
999 4417 1156 4489 laetitiam
1183 4415 1451 4509 conciliantibus,
1485 4442 1566 4490 mu-

198 4554 315 4605 nemm
342 4544 471 4605 tuomm
499 4532 713 4621 coelestium,
749 4536 824 4628 quia
851 4543 907 4605 tua
934 4543 987 4607 est
1016 4537 1124 4625 gratia
1152 4542 1185 4604 et
1215 4537 1374 4624 unigeniti
1401 4533 1475 4605 Filii
1508 4536 1567 4622 tui,

199 4659 233 4721 et
258 4648 401 4746 Spiritus
428 4651 475 4721 tui
501 4651 710 4723 sanctissimi.

235 4765 238 4770 ’
304 4765 465 4859 Populos.
518 4769 637 4841 Amen.

303 4882 480 4954 Sacerdos
514 4883 706 4953 inclinatos.
767 4881 874 4955 Visite
905 4880 1047 4953 Domine
1080 4902 1142 4977 per
1171 4879 1431 4953 miscricordiam
1467 4890 1567 4970 mam,

198 4996 360 5071 Pastores
386 4998 448 5072 hos
475 5008 626 5086 nostros,
661 5001 715 5095 qui
747 4997 861 5072 claves
894 5000 1051 5072 scientiae
1086 5008 1163 5070 tuae
1193 5005 1306 5108 tenent
1330 4994 1496 5091 perfecte3
1532 5005 1566 5068 et

199 5113 241 5185 da
267 5113 331 5189 illis
357 5117 533 5190 victoriam
559 5124 697 5211 propter
722 5118 898 5187 veritatem
915 5097 1021 5186 ⁴tuem.
