4525 6034
552 604 799 684 nsunronuu
832 574 1179 683 nrosuononun
1217 615 1268 679 a.
1526 601 1603 677 sss

212 820 292 896 'per
323 793 583 871 misericordiam
616 803 714 867 tuam.
774 791 812 864 Si
844 794 1032 888 iniquitates
1068 790 1309 865 observaveris
1335 791 1494 886 Domine,
1528 792 1602 887 quis

228 916 351 1012 poterit
377 910 590 986 consistere?
618 913 694 1004 quia
722 907 810 1005 apud
836 919 870 981 tc
896 911 1087 1006 propitiatio
1114 917 1177 981 est.

348 1201 391 1273 In
416 1201 488 1272 ctio
516 1201 643 1271 Codice
668 1197 846 1271 Sacerdos
872 1198 958 1269 dicii
982 1198 1072 1269 banc
1100 1197 1300 1269 Orationem
1325 1202 1471 1269 secreto.

334 1390 444 1464 Mater
478 1390 612 1463 Domini
654 1392 760 1462 nostri
791 1389 874 1460 Jesu
909 1383 1052 1476 Christi,
1086 1383 1271 1483 deprecare
1304 1409 1367 1484 pro
1399 1409 1454 1459 me
1484 1385 1604 1458 Filium

230 1509 435 1601 unigenitum
465 1509 520 1602 qui
547 1528 594 1577 cx
619 1514 653 1577 te
678 1514 776 1578 natus
803 1512 868 1595 est,
893 1516 929 1578 ut
954 1505 1098 1575 remittat
1123 1501 1202 1576 mibi
1237 1502 1374 1592 delicta,
1404 1512 1440 1576 et
1464 1511 1605 1598 peccata

229 1645 317 1713 mea,
344 1632 379 1694 ct
404 1624 568 1717 suscipiat
587 1644 634 1692 ex
659 1620 810 1694 manibus
828 1623 912 1692 meis
930 1618 1065 1692 infirmis
1084 1630 1117 1692 et
1144 1617 1386 1715 peccatricibus
1404 1618 1604 1692 sacrificinm

231 1738 297 1814 boc
323 1739 413 1835 quod
438 1737 535 1811 otiert
559 1735 768 1810 imbecillitas
789 1759 884 1827 meu.
901 1758 1003 1832 super
1022 1735 1086 1810 boc
1106 1735 1224 1825 altare,
1250 1758 1312 1832 per
1331 1739 1604 1809 intercessionem

232 1866 322 1929 tuam
347 1877 409 1951 pro
436 1876 508 1945 me,
535 1854 644 1927 Mater
670 1861 797 1927 sancta.
1325 1851 1330 1860 ⁴

343 1967 375 2009 ¹⁰
402 1971 484 2043 Cam
509 1970 639 2041 dicerit
664 1968 852 2041 Diacoam.
905 1967 1093 2061 Vigilanter
1119 1977 1154 2041 et
1180 1978 1322 2058 attente,
1357 1970 1470 2041 statim
1496 1970 1607 2061 serpit

231 2086 408 2160 Sacerdos
435 2094 470 2159 et
495 2087 707 2180 discooperit
731 2092 959 2174 sacramenta,
994 2080 1025 2120 ¹¹
1038 2088 1201 2179 auserem
1217 2085 1326 2157 aetam
1351 2105 1417 2179 qao
1434 2083 1605 2179 tepeban-

230 2211 304 2276 sar.-
329 2203 501 2276 benedicit
526 2206 698 2273 iaceasam
724 2207 759 2273 et
784 2201 869 2272 dicit
896 2201 1078 2290 Cononem
1105 2201 1180 2273 atta
1205 2222 1300 2273 soce.

343 2316 374 2359 ¹²
400 2319 516 2393 Gratia
542 2318 676 2391 Domini
711 2321 816 2390 nostri
841 2317 923 2390 Jesu
951 2317 1091 2391 Christi:
1125 2329 1159 2391 et
1192 2320 1315 2390 caritas
1348 2316 1412 2388 Dei
1437 2316 1545 2389 Patris
1572 2327 1607 2390 et

232 2439 488 2511 communicatio
516 2436 658 2533 Spiritus
685 2438 802 2522 sancti,
831 2437 874 2507 sit
899 2456 975 2506 cum
1002 2433 1153 2507 omnibus
1179 2433 1277 2508 nobis
1304 2456 1402 2522 nunc,
1428 2441 1492 2507 etc.

334 2552 460 2645 Sipoat
485 2556 714 2644 scammata,
741 2557 777 2622 et
800 2552 1016 2644 respondent.
1069 2553 1189 2626 Amen.

335 2667 513 2741 Sacerdos
534 2672 766 2762 prosequitur.
828 2662 860 2705 ¹³
886 2666 1025 2739 Sursum
1052 2670 1118 2740 sint
1143 2677 1273 2740 mentes
1299 2676 1447 2742 vestrae.

337 2784 571 2877 Respondeat.
623 2784 708 2857 Sunt
743 2782 785 2855 ad
811 2795 846 2856 te
871 2783 965 2856 Deus
991 2782 1174 2875 Abrabam,
1200 2784 1310 2874 Isaac,
1337 2795 1370 2856 et
1395 2782 1502 2858 Israel
1526 2784 1606 2878 Rex

233 2901 396 2996 gloriose.

336 3016 521 3090 Sacerdos.
575 3014 709 3089 Oblatio
727 3016 804 3090 Deo
831 3018 975 3090 omnium
1003 3015 1137 3090 domino
1165 3016 1310 3091 otiertm.

337 3132 569 3226 Respondent.
623 3133 768 3224 Dignum
795 3142 829 3204 et
850 3134 975 3224 justum
1002 3142 1063 3206 est.

338 3249 525 3320 Diaconos.
578 3246 652 3319 Pax
679 3246 861 3321 nobiscum.

390 3523 567 3596 Sacerdos
592 3519 735 3616 imponit
759 3527 930 3595 iaceasrrra
957 3530 991 3596 ct
1016 3525 1103 3597 dicit
1127 3526 1218 3597 banc
1241 3526 1448 3598 Orationem.

338 3713 494 3800 Domine,
529 3712 672 3785 Domine
707 3712 749 3785 du
781 3711 858 3785 mibi
893 3726 1044 3811 apertam
1076 3714 1196 3788 taciem
1232 3739 1346 3789 coram
1378 3725 1430 3805 te.
1461 3725 1497 3787 ut
1531 3737 1605 3788 cum

234 3830 352 3903 fiducia
379 3850 465 3922 quae
492 3851 512 3899 a
539 3837 573 3900 te
599 3831 653 3916 sit,
679 3828 889 3926 perficiamus
905 3831 1101 3904 sacrificinm
1128 3830 1193 3904 boc
1220 3830 1426 3905 tremendum
1452 3840 1486 3903 et
1512 3831 1606 3904 divi-

233 3966 324 4029 num.
351 3948 565 4017 conscientiis
593 3944 635 4018 ab
663 3948 753 4020 omni
778 3950 923 4043 nequitia
951 3958 985 4019 et
1011 3949 1229 4021 amaritudine
1255 3951 1357 4046 puris.
1409 3947 1545 4020 Semina
1572 3950 1605 4019 in

233 4063 332 4135 uobis
358 4062 501 4133 Domine
528 4057 751 4151 dilectionem,
776 4084 895 4158 pacem
923 4073 957 4135 et
978 4064 1190 4137 concordiam
1208 4065 1250 4137 ad
1277 4067 1434 4155 invicem,
1461 4073 1496 4136 et
1522 4085 1606 4157 erga

234 4199 470 4274 quoscumque.

338 4294 385 4365 Et
411 4300 547 4366 erectos
572 4295 658 4365 dicit
683 4301 828 4368 secreto.
886 4295 1031 4389 Dignum
1068 4308 1119 4369 est
1152 4297 1260 4390 gloria
1287 4297 1329 4372 ab
1358 4300 1447 4370 omni
1474 4317 1545 4383 ore,
1573 4307 1608 4369 et

235 4407 462 4501 confessione,
489 4408 530 4483 ab
559 4409 711 4483 omnibus
737 4411 869 4505 linguis,
896 4422 930 4484 et
964 4413 1160 4486 adoratione
1193 4425 1293 4510 atquc
1326 4413 1528 4487 exultatione
1562 4410 1604 4484 ab

236 4523 388 4598 omnibus
414 4530 588 4614 creaturis,
615 4549 736 4600 nomeu
764 4527 967 4600 adorandum
992 4537 1028 4601 et
1053 4529 1237 4622 gloriosum
1253 4532 1375 4618 Patris,
1401 4538 1436 4602 et
1460 4527 1545 4615 Filii,
1572 4537 1607 4600 et

236 4640 379 4737 Spiritus
405 4646 526 4717 sancti:
554 4647 609 4737 qui
636 4647 767 4717 creavit
791 4644 944 4717 mundum
962 4649 1180 4743 pergratiam
1208 4670 1315 4736 suam,
1341 4656 1375 4719 et
1400 4645 1605 4718 habitatores

236 4761 309 4850 ejus
337 4781 399 4854 per
425 4760 632 4832 clementium
659 4782 765 4851 suam,
801 4763 855 4857 qui
890 4761 1034 4834 salvavit
1065 4760 1216 4836 homiues
1248 4786 1311 4860 per
1343 4761 1604 4837 misericordiam

236 4894 342 4960 suam,
369 4884 402 4946 et
428 4877 591 4970 praestitit
616 4880 758 4970 gratiam
785 4899 940 4970 magnam
967 4901 1050 4971 erga
1077 4879 1245 4953 mortales.
1277 4881 1488 4973 Maiestatem
1514 4887 1605 4952 tuam

237 4989 381 5062 Domine
408 4990 608 5064 benedicunt
634 5005 668 5067 et
693 4993 845 5084 adorant,
880 4994 998 5067 millies
1023 4996 1146 5068 milleni
1172 4998 1306 5093 superni
1340 4993 1534 5090 (Spiritus)
1569 5004 1603 5066 et

235 5103 349 5178 decies
375 5105 464 5178 mille
490 5109 660 5205 myriades
687 5110 896 5205 Angelorum
928 5112 1138 5206 Sanctorum,
1174 5115 1342 5188 exercitas
1375 5111 1603 5211 spiritualium,
