4525 6034
454 626 631 704 tuorem
662 625 863 704 Pffltomtu
888 626 1057 705 EPISCOPI
1082 629 1331 709 umusuusts.
1513 628 1584 704 301

288 885 294 897 ,
328 813 489 908 Popoles.
541 814 661 886 Amen.

326 929 514 1001 Diaconos.
567 929 700 1003 Stemus
727 929 895 1002 decenter.

328 1046 489 1139 Populus.
540 1030 803 1120 Misericordiae.

328 1162 513 1235 Sacerdos.
567 1160 699 1235 (latins
724 1163 790 1234 Dei
819 1162 937 1236 Patris.

328 1278 488 1372 Populus.
542 1278 625 1352 Cum
652 1282 768 1374 spiritu
794 1261 859 1351 t'uo.

327 1392 510 1466 Sacerdos.
565 1395 704 1467 Sursum
731 1393 843 1467 corda.

326 1510 488 1603 Populus.
540 1508 710 1583 Habemus
738 1511 780 1584 ad
805 1512 994 1584 Dominum.

328 1624 510 1699 Sacerdos.
564 1625 697 1701 Gratias
724 1649 862 1720 agamus
890 1627 1043 1700 Domino.

329 1742 489 1836 Populus.
543 1744 686 1836 Dignum
714 1754 748 1816 et
770 1746 893 1835 justum
920 1752 981 1816 est.

328 1857 502 1931 Sccerdm
526 1860 719 1931 inclinetur.
770 1859 915 1952 Dignum
941 1869 976 1932 et
996 1863 1121 1952 justum
1148 1869 1215 1946 est,
1250 1872 1285 1932 ut
1318 1864 1407 1934 omni
1441 1859 1522 1935 hora
1555 1871 1588 1933 te

206 1973 401 2047 adoremus
429 1984 462 2045 et
487 1975 669 2065 laudemus,
696 1978 806 2064 Pater,
833 1974 897 2048 Fili
918 1986 952 2048 et
965 1974 1106 2071 Spiritus
1122 1986 1248 2064 sancte,
1276 2000 1360 2049 unns
1375 1977 1469 2050 Deus
1492 1999 1588 2050 vere.

327 2091 477 2162 Eteonos
508 2115 632 2163 vocem.
708 2092 758 2163 Te
790 2092 924 2165 laudant
958 2091 1144 2182 coelestes,
1179 2091 1339 2183 Domine,
1374 2105 1407 2166 te
1443 2094 1592 2167 exaltant

222 2216 418 2279 terrestres:
449 2218 576 2280 turmae
602 2211 700 2280 etiam
727 2207 914 2305 spirituales
941 2231 1080 2303 qnorum
1106 2211 1238 2301 agmina
1265 2212 1436 2281 innumera
1459 2233 1591 2307 suppu-

222 2326 287 2395 tari
321 2345 388 2396 non
424 2334 581 2418 possunt,
614 2324 656 2396 ad
687 2327 830 2397 invicem
859 2346 966 2397 voces
1001 2324 1230 2421 triumphales,
1266 2324 1329 2399 siti
1361 2325 1589 2413 succedentes,

224 2462 300 2513 cum
317 2438 575 2512 exaltationibus
590 2442 773 2537 praeclaris
794 2441 931 2514 efferunt
950 2440 1136 2532 laudantes,
1162 2440 1354 2532 clamantes,
1382 2453 1415 2514 et
1433 2442 1590 2516 dicentes.

332 2556 490 2650 Populea.
543 2556 705 2646 SanctuS,
732 2557 894 2647 Sanctus,
922 2556 1075 2631 Sanctus.

329 2672 503 2743 Socerdm
535 2672 726 2745 inclinatos.
786 2674 928 2747 Sanctus
961 2684 994 2746 et
1027 2673 1210 2748 landandus
1252 2696 1290 2747 es
1321 2674 1465 2747 Domine
1495 2675 1589 2751 Deus

224 2798 354 2877 noster,
381 2791 437 2883 qni
463 2790 580 2862 misisti
605 2788 722 2860 Filium
749 2800 837 2863 tuum
863 2794 897 2861 in
922 2790 1089 2881 mundum,
1114 2793 1144 2863 is
1164 2799 1272 2862 autem
1294 2812 1414 2886 corpus
1435 2797 1591 2868 assumsit

227 2927 274 2976 ex
300 2904 440 2998 Virgine
465 2904 589 2993 Maria,
615 2904 821 3001 perfecitque
848 2906 1145 3003 dispensationem,
1171 2917 1205 2979 et
1231 2906 1375 2980 salvavit
1399 2906 1590 3001 figmentum

226 3043 333 3112 snum,
360 3019 400 3093 eh
428 3042 469 3093 eo
497 3020 585 3116 quod
612 3030 685 3092 erat
709 3023 814 3111 Deus,
842 3044 907 3094 non
933 3022 1107 3095 recedens.

192 3116 195 3127 ¹
333 3138 483 3209 Elecons
516 3159 641 3208 vocem.
693 3137 821 3211 Volens
849 3149 957 3211 autem
983 3139 1154 3211 voluntate
1186 3160 1246 3210 sua
1274 3148 1413 3232 gustare
1437 3150 1590 3232 mortem,

225 3252 433 3351 pronubis,
466 3264 500 3325 et
525 3253 688 3350 perficere
713 3246 843 3328 Pascha
869 3254 1000 3347 legale,
1041 3250 1056 3289 ²
1088 3258 1218 3350 accepit
1250 3277 1371 3352 panem
1405 3259 1439 3326 in
1471 3276 1588 3329 manus

225 3380 305 3444 snus
333 3379 482 3458 sanctas,
515 3378 549 3441 et
575 3368 722 3442 elevavit
750 3370 867 3443 oculos
894 3394 974 3445 suos
1009 3371 1052 3443 ad
1084 3380 1119 3443 te
1145 3371 1253 3443 Deum
1278 3372 1428 3444 Patrem:
1461 3374 1588 3464 gratim

226 3489 305 3581 egit,
331 3494 352 3569 †
377 3485 560 3573 benedixit,
587 3493 607 3568 †
634 3487 860 3575 sanctificavit,
887 3487 1035 3580 †iregit,
1062 3497 1096 3560 et
1121 3486 1210 3558 dedit
1226 3487 1332 3558 ordini
1348 3486 1589 3583 Apostolorum

228 3614 431 3689 sanctorum,
458 3613 492 3674 et
517 3602 609 3675 dixit.
661 3602 736 3674 Hoc
761 3614 813 3675 est
840 3626 962 3700 corpus
988 3626 1097 3676 meum
1124 3603 1211 3697 quod
1238 3625 1300 3699 pro
1329 3604 1428 3677 vohis
1462 3614 1495 3675 et
1526 3626 1589 3700 pro

145 3814 153 3821 .
226 3718 335 3790 miritis
361 3717 541 3811 frangitur,
577 3728 611 3789 et
637 3718 809 3811 dividitur,
844 3723 877 3791 in
904 3716 1138 3793 ‘remissionem
1164 3729 1395 3815 peccatorum,
1430 3728 1462 3791 et
1488 3722 1590 3791 vitam

226 3844 406 3906 aeternam.

330 3950 491 4044 Populus.
544 3950 662 4022 Amen.

331 4064 513 4137 Sacerdos.
563 4065 720 4137 Similiter
746 4075 780 4137 et
806 4063 943 4136 calicem
969 4067 1050 4139 vino
1076 4076 1110 4137 et
1136 4089 1222 4162 aqua
1249 4068 1390 4158 miscuit,
1416 4072 1437 4150 †
1462 4072 1589 4160 gratim

229 4185 312 4274 egil,
339 4189 359 4264 †
379 4182 561 4271 benedixit,
588 4189 609 4264 †
630 4181 859 4269 sanctificavit,
887 4190 922 4252 et
941 4180 1029 4253 dedit
1049 4191 1177 4254 turmae
1191 4182 1430 4278 Apostolorum
1447 4192 1588 4256 sancto-

226 4320 312 4387 rum,
339 4309 373 4370 et
398 4298 496 4371 dixit:
522 4300 697 4394 Accipite,
732 4297 835 4371 bibite
868 4321 914 4370 ex
945 4321 987 4370 eo
1013 4320 1078 4372 vos
1105 4320 1231 4371 ornnes.
1283 4300 1347 4372 Hie
1374 4309 1425 4372 est
1451 4302 1588 4391 sanguis

225 4436 333 4506 meus,
361 4419 416 4511 qui
440 4437 503 4512 pro
531 4415 630 4488 vohis
657 4424 690 4486 et
716 4437 778 4510 pro
805 4415 914 4487 multis
940 4412 1122 4505 edimditur,
1148 4418 1182 4486 in
1207 4418 1437 4489 remissionem
1455 4437 1596 4510 pecca-r

226 4542 335 4603 torum
363 4540 397 4602 ct
422 4534 524 4603 vitam
552 4542 729 4604 aeternam.

333 4645 493 4740 Populus.
544 4649 665 4722 Amen.

161 4824 164 4831 .
223 4818 227 4823 .
330 4761 515 4836 Sacerdos.
558 4764 634 4837 Hoc
660 4765 758 4836 etiam
783 4765 967 4860 praecepit,
991 4773 1025 4833 et
1051 4760 1220 4834 admonuit
1246 4783 1322 4835 eos:
1350 4763 1589 4849 Quotiescum-

227 4901 292 4975 que
317 4883 477 4975 mysteria
503 4880 587 4952 haec
613 4879 839 4968 celebrabitis,
872 4879 914 4951 ad
946 4887 1084 4953 mortem
1117 4888 1151 4949 et
1175 4882 1452 4953 resurrectionem
1480 4901 1588 4952 meam

226 4996 550 5069 commemorandam
575 4995 716 5085 iacietis,
746 4996 853 5068 donec
878 4997 1021 5068 veniam.

330 5112 489 5207 Populus.
541 5113 660 5187 Mortis
686 5123 772 5185 tuae.

1306 5230 1397 5304 41*
