4525 6034
680 559 757 632 412
1070 557 1675 638 DEPATRIARCHA

681 750 758 843 quia
791 749 824 817 iu
855 744 951 817 lestis
987 743 1202 834 solennibus,
1240 745 1371 840 quando
1403 745 1596 820 Patriarcba
1631 746 1815 842 Liturgiam
1850 749 2050 842 celebrabat,
2157 833 2163 846 ,

679 860 855 934 tenebatur
881 882 1055 956 exponere
1082 883 1203 934 sacrae
1235 865 1420 957 scripturae
1446 861 1608 936 lectiones
1635 885 1682 935 ex
1712 864 1805 939 libris
1833 863 1992 961 Copticis,
2019 877 2051 938 et

678 1001 746 1050 uon
772 975 873 1050 modo
901 1000 961 1050 eas
988 979 1199 1073 interpretari
1226 977 1338 1071 lingua
1365 976 1509 1070 vulgari,
1538 978 1599 1052 sed
1620 1002 1809 1053 sermonem
1828 982 1872 1054 ad
1897 981 2049 1076 poprdum

679 1093 806 1165 habere
833 1090 1091 1185 de-Evaugclio
1126 1101 1182 1165 aut
1207 1092 1387 1190 Epistolis:
1422 1116 1520 1188 quam
1548 1094 1805 1191 explicationem
1839 1119 1887 1168 ex
1913 1095 2050 1193 Coptico

678 1211 871 1280 memoriter
899 1208 975 1281 olim
1003 1219 1037 1281 et
1064 1211 1158 1303 quasi
1187 1233 1232 1282 ex
1246 1219 1410 1306 tempore
1432 1208 1619 1299 faciebant,
1643 1216 1835 1307 priusquam
1870 1234 1912 1284 eo
1947 1215 2051 1303 iguo-

679 1328 810 1396 rantiae
836 1323 1015 1397 deventum
1041 1322 1171 1414 brisset,
1198 1335 1234 1396 ut
1260 1325 1336 1397 illae
1362 1329 1672 1421 interpretationes,
1705 1338 1772 1399 tam
1805 1351 1892 1424 quae
1920 1328 2048 1423 simpli-

680 1462 754 1511 cem
768 1433 962 1512 versionem
989 1438 1198 1537 spectabant,
1227 1464 1325 1536 quam
1344 1440 1523 1533 homiliam,
1549 1445 1583 1512 in
1608 1442 1714 1517 libros
1741 1444 1954 1517 referrentur.
1982 1443 2050 1515 Se-

679 1559 813 1628 cretarii
840 1567 950 1628 autem
986 1566 1081 1628 erant
1113 1555 1358 1652 quodammodo
1393 1557 1662 1631 Patriarcbarum
1688 1562 1888 1657 interpretes
1915 1569 1950 1632 et
1975 1567 2049 1632 stu-

679 1672 807 1744 diorum
842 1672 1027 1765 adjutorcs:
1067 1672 1189 1745 mrdtos
1224 1676 1310 1744 enirn
1346 1675 1493 1746 maxime
1532 1672 1704 1746 illiteratos
1747 1677 1782 1746 iu
1821 1676 2050 1750 Alexandrina

678 1786 905 1862 lacobitarum
940 1787 1094 1861 Ecclesia
1127 1787 1275 1879 sedisse,
1310 1811 1356 1861 ex
1390 1793 1539 1886 ipsorum
1573 1788 1710 1863 historia
1742 1789 1953 1863 manifestum
1992 1801 2049 1865 est

407 1909 534 2008 nanae
561 1907 666 1977 rugatae
783 1902 836 1976 cl.
889 1902 962 1976 Nec
994 1906 1101 1977 minus
1136 1914 1208 1976 erat
1244 1908 1437 1979 necessaria
1472 1908 1505 1977 in
1540 1905 1740 1978 Secretariis
1779 1906 1952 1981 Arabicae
1984 1907 2050 1979 lin-

372 2003 457 2063 m
678 2044 768 2115 guae
795 2023 927 2116 peritia,
953 2043 1030 2091 nam
1058 2043 1132 2092 cum
1160 2021 1308 2116 quotidie
1333 2024 1471 2113 negotia
1509 2019 1772 2122 Christianorum
1805 2021 1847 2093 ad
1873 2021 2050 2095 Mubame-

680 2136 785 2209 danos
811 2135 985 2233 Principes
1012 2136 1070 2208 vel
1095 2136 1312 2229 Magistratus
1340 2135 1558 2225 deferrentur,
1585 2139 1641 2233 qui
1668 2161 1714 2209 ex
1734 2137 1894 2210 Orientali
1928 2162 2050 2235 super-

678 2252 754 2325 cilio
782 2254 846 2325 vix
872 2251 969 2324 aliter
995 2275 1093 2347 quarn
1111 2275 1173 2349 per
1187 2251 1318 2326 libellos
1346 2253 1524 2325 adeuntur:
1553 2257 1608 2348 qui
1625 2253 1689 2326 illis
1703 2253 1888 2325 scribendis
1916 2274 2051 2348 operam

546 2435 556 2445 .
604 2451 608 2458 ,
678 2368 814 2459 dabant,
840 2391 902 2441 eos
927 2370 1061 2440 inanem
1085 2368 1174 2441 illam
1202 2368 1424 2464 eloquentiam
1436 2367 1618 2443 Arabicam
1642 2370 1835 2443 excoluisse
1861 2370 2051 2465 oportebat,

678 2508 765 2580 quae
792 2506 927 2581 semper
953 2484 1041 2579 apud
1067 2484 1142 2557 illos
1178 2482 1343 2558 barbaros
1376 2485 1552 2582 plurimrmt
1584 2489 1698 2582 potuit.
1752 2484 1883 2581 Nempe
1908 2488 1939 2557 is
1967 2484 2050 2580 apud

677 2623 738 2673 eos
765 2601 857 2687 olim,
885 2611 982 2694 atque
1010 2603 1200 2690 etiamnum,
1226 2600 1402 2672 facundiae
1420 2623 1607 2697 supremum
1635 2601 1775 2694 gradum
1803 2603 1956 2693 attigisse
1971 2624 2050 2673 cre-

677 2716 774 2807 ditur,
802 2719 857 2811 qui
882 2738 991 2811 pauca
1024 2715 1144 2805 multis,
1171 2719 1279 2812 iisque
1311 2717 1482 2808 obscuris,
1517 2719 1678 2813 antiquis,
1712 2729 1746 2790 et
1779 2716 1820 2790 ab
1854 2740 1918 2792 usu
1953 2740 2049 2790 com-

676 2835 766 2910 muni
792 2833 1024 2905 remotissimis
1051 2831 1167 2905 verbis
1195 2833 1352 2928 explicat,
1378 2833 1437 2905 vel
1463 2836 1572 2930 potius
1599 2833 1752 2922 involvit,
1779 2835 1886 2928 iisque
1913 2837 1960 2906 ita
1975 2833 2050 2904 col-

677 2946 809 3046 locatis,
836 2957 872 3018 ut
896 2970 958 3043 per
976 2945 1222 3043 homaeoptota,
1250 2948 1484 3045 antithetaque,
1511 2949 1682 3022 tinniendo
1708 2969 1807 3020 aures
1835 2947 1998 3035 afficiant3
2023 2950 2051 3020 si
2155 3047 2159 3052 Ι

677 3066 750 3158 quis
778 3064 971 3159 simpliciter
997 3074 1032 3136 et
1056 3066 1234 3160 perspicue
1260 3067 1460 3137 sententiam
1484 3065 1630 3161 explicet
1652 3087 1759 3156 suam,
1785 3066 1814 3137 is
1842 3063 2050 3158 eloquentiae

676 3202 817 3270 vacuus,
843 3177 1147 3275 infantissimusque
1169 3180 1343 3274 judicatur.
1395 3159 1402 3176 ⁸

782 3294 851 3368 cll.
906 3294 1079 3369 Cauonum
1106 3299 1225 3392 peritia
1252 3317 1320 3367 nou
1351 3299 1459 3369 minus
1491 3299 1525 3368 in
1560 3296 1623 3370 illis
1660 3296 1861 3370 Secretariis
1893 3299 2049 3391 require-

675 3410 783 3482 batur.
817 3410 903 3483 Nam
930 3434 1004 3483 cum
1031 3410 1074 3483 ad
1101 3411 1243 3484 tribunal
1270 3410 1485 3485 Patriarchae
1511 3435 1628 3485 omnes
1654 3412 1761 3485 ferme
1789 3412 2050 3486 Christianorum

676 3548 801 3598 causae
827 3536 1028 3622 spectarent,
1056 3531 1145 3601 scire
1170 3526 1247 3601 illos
1266 3526 1454 3625 oportebat,
1483 3528 1560 3623 quid
1586 3532 1619 3599 in
1640 3528 1779 3621 singulis
1807 3531 1918 3601 causis
1947 3527 2049 3599 disci-

675 3641 766 3738 plina
803 3640 989 3715 Christiana
1021 3641 1278 3737 praescriberet.
1331 3643 1451 3740 Neque
1491 3646 1579 3716 enim
1613 3644 1656 3716 de
1689 3643 1771 3718 solis
1803 3642 2049 3716 Ecclesiasticis

675 3756 791 3848 rebus,
818 3758 879 3832 sed
906 3762 1003 3830 etiam
1032 3758 1074 3831 de
1099 3757 1165 3831 illis
1192 3781 1278 3853 quae
1306 3759 1349 3831 ad
1375 3758 1564 3832 saecularia
1593 3758 1718 3851 judicia
1746 3757 1962 3855 spectabant,
1989 3780 2050 3831 co-

678 3894 848 3965 gnoscere
875 3873 963 3947 soliti
989 3885 1085 3946 erant
1109 3872 1360 3968 Patriacum„
1387 3874 1491 3948 Tales
1519 3886 1615 3948 erant
1641 3898 1765 3950 causae
1792 3896 1908 3947 omnes
1936 3876 2050 3947 matri-

676 3989 852 4079 moniales,
878 3999 977 4084 pacta
1005 3988 1139 4080 domiin,
1166 3989 1400 4078 haereditates,
1427 3998 1637 4082 testamenta,
1665 4002 1699 4064 et
1725 3994 1755 4064 si
1781 4012 1868 4086 quae
1895 4000 1973 4063 suut
1988 3988 2048 4061 alia

676 4103 718 4176 ad
751 4108 806 4197 jus
842 4104 943 4178 civile
979 4110 1172 4202 spectantia.
1225 4105 1311 4178 Nam
1352 4129 1398 4179 ex
1437 4105 1632 4180 Christianis
1673 4128 1838 4180 concesso
1874 4109 2047 4202 antiquitus

673 4221 866 4316 privilegio,
893 4219 1018 4294 causae
1044 4221 1122 4294 illue
1148 4244 1265 4295 omnes
1292 4222 1334 4295 ab
1360 4222 1540 4320 Episcopis
1568 4234 1602 4296 et
1620 4222 1822 4297 Patriarcbis
1845 4221 2046 4316 judicaban-

673 4347 736 4408 tur.
791 4336 877 4423 Quia
909 4358 995 4409 vero
1026 4340 1174 4410 maxima
1206 4338 1335 4411 dlarum
1367 4360 1447 4435 pars
1482 4339 1663 4412 secundum
1695 4340 1810 4432 Leges
1842 4339 2045 4435 Imperiales,

545 4542 552 4546 ⁸
674 4474 742 4524 uon
776 4452 956 4524 secundum
988 4449 1146 4526 Canones
1177 4453 1437 4529 Ecclesiasticus
1471 4452 1616 4528 debebat
1649 4455 1811 4550 iudicari,
1844 4455 1970 4529 idcirco
2003 4478 2046 4528 ex

673 4566 837 4660 Legibus,
864 4567 1002 4658 Edictis,
1028 4568 1183 4642 Novellis
1211 4569 1350 4666 aliisquo
1375 4572 1563 4666 Principum
1580 4568 1889 4660 constitutionibus,
1917 4595 1959 4645 ea
1978 4594 2044 4644 ex-

674 4693 792 4780 cerpta
819 4693 896 4756 sunt
922 4706 1008 4779 quae
1036 4684 1079 4756 ad
1101 4688 1157 4778 jus
1183 4688 1268 4758 inter
1296 4682 1504 4759 Christianos
1531 4685 1706 4760 dicendum
1733 4689 1880 4758 maximo
1916 4707 2044 4782 oppor-

672 4809 751 4871 tuna
778 4808 1007 4874 censerentur.
1058 4803 1173 4897 Atque
1199 4801 1334 4874 axillis
1362 4805 1531 4901 excerptis
1556 4807 1627 4877 uati
1653 4815 1729 4876 suut
1756 4803 1929 4892 canona,
1963 4821 2043 4898 quos

672 4924 809 5004 vocant,
838 4915 1054 5009 Imperialem
1083 4941 1223 5014 quorum
1257 4918 1379 4991 multae
1419 4920 1642 5016 diversaeque
1674 4919 1900 4993 Collectiones
1933 4926 2043 4991 extant
2079 5004 2084 5015 Ι

671 5030 705 5099 in
731 5027 827 5103 libris
848 5029 1083 5106 Orientalibus.
1109 5032 1273 5130 Reliquae
1300 5034 1408 5124 dotes,
1435 5045 1470 5108 ut
1496 5038 1635 5111 scientia
1663 5037 1911 5131 scripturorum,
1926 5030 2042 5103 Theo-
