4525 6034
577 585 630 659 AD
657 581 865 661 tttuuuult
890 582 1083 662 colliula
1103 586 1134 662 S.
1156 586 1301 663 BASILH.
1517 591 1614 674 ¹250

238 774 326 848 paret
348 769 418 848 quia
440 785 507 829 eam
530 767 567 829 ad
589 767 761 830 Lutberana
783 768 894 850 placita
917 770 1052 849 torqueri
1074 786 1168 849 posse
1190 768 1374 851 desperavit.
1414 771 1447 833 ln
1471 773 1614 856 aliisLi-

238 867 347 948 turgiis
371 865 576 928 Orientalibus
599 884 659 929 non
682 873 765 929 extat
788 866 893 929 eadem
915 866 1026 944 lomna,
1057 887 1162 931 verum
1191 888 1228 930 ea
1259 888 1347 949 quam
1378 871 1615 954 designavimus,

236 965 275 1027 ad
303 969 455 1045 antiquam
491 964 712 1046 simplicitatem
741 966 866 1046 propius
899 966 1062 1029 accedens.
1079 1016 1087 1030 .
1102 1014 1132 1031 ..
1164 967 1225 1030 Sed
1256 978 1288 1032 ut
1317 969 1444 1031 diximus
1472 970 1553 1032 nulla
1584 973 1614 1033 in

236 1061 365 1126 Oriente
396 1062 534 1125 Ecclesia
563 1072 625 1142 est,
660 1083 738 1145 quae
768 1081 829 1126 non
858 1063 966 1127 babeat
993 1065 1031 1127 ad
1062 1068 1279 1129 communionis
1313 1065 1418 1130 boram
1448 1069 1612 1131 destinatas

235 1164 404 1237 orationes,
428 1179 506 1241 quae
528 1163 634 1225 eadem
655 1180 754 1243 prope
784 1165 951 1241 sententia,
981 1168 1116 1245 quamvis
1145 1183 1206 1228 non
1235 1173 1296 1228 tam
1318 1167 1437 1247 prolixe
1466 1186 1523 1230 nec
1552 1176 1612 1230 tam

233 1260 412 1342 diligenter,
436 1270 589 1342 exponant
610 1261 730 1324 illorum
752 1259 993 1325 Christianorum
1015 1264 1054 1326 de
1076 1264 1267 1329 Eucharistia
1290 1265 1388 1328 fidem.
1419 1266 1494 1328 Nam
1518 1288 1536 1330 a
1554 1267 1614 1331 Sa-

234 1361 364 1423 cerdoto
388 1359 527 1422 dicuntum
548 1361 624 1422 haec
647 1368 699 1423 aut
721 1360 825 1422 similia
848 1362 942 1423 verim
960 1362 1078 1443 Cor-pas
1099 1371 1237 1426 amaeam
1256 1365 1314 1445 fito
1333 1364 1409 1426 Dei:
1433 1373 1464 1427 et
1486 1368 1537 1447 qui
1560 1384 1614 1427 ac·

234 1460 316 1522 cedit
339 1458 378 1520 ad
401 1459 678 1522 communicandum
702 1460 877 1540 respondet.
900 1460 1014 1523 Amen:
1045 1462 1100 1525 sed
1129 1462 1167 1525 dc
1190 1462 1235 1526 bis
1259 1462 1376 1526 dicetur
1398 1464 1522 1528 inferius
1546 1483 1614 1526 cum

234 1557 436 1639 explicandus
460 1559 516 1619 erit
538 1559 755 1620 communionis
777 1560 862 1621 ritus.

323 1656 509 1737 Adjiciemus
532 1656 663 1737 denique
685 1656 765 1737 quod
788 1666 912 1738 praeter
935 1675 1039 1721 omnes
1055 1660 1185 1724 ⁴codices
1209 1662 1348 1742 antiquos
1373 1669 1403 1723 et
1425 1664 1613 1726 recentiores

234 1758 288 1837 qui
310 1755 388 1816 banc
412 1755 641 1818 Conlessionem
664 1764 906 1837 repraesentant,
931 1756 1035 1819 eadem
1058 1758 1205 1821 verbatim
1227 1760 1359 1822 retertur
1381 1760 1422 1822 ab
1437 1759 1615 1822 Abulbircat

232 1855 267 1916 in
288 1854 490 1935 Expositioue
506 1853 636 1916 ommis
658 1854 787 1934 blissae,
817 1874 834 1916 a
857 1854 999 1917 Gabriele
1021 1857 1192 1921 Patriarcba
1220 1860 1251 1921 in
1281 1858 1389 1921 Rituali
1411 1876 1485 1936 suo,
1515 1866 1546 1920 et
1576 1859 1613 1921 ab

234 1953 354 2015 Autore
378 1951 528 2015 Scientiae
550 1952 801 2016 Ecclesiasticae:
830 1953 937 2035 quibus
960 1956 987 2015 si
1010 1955 1190 2039 adjungatur
1213 1958 1358 2021 autoritas
1382 1958 1532 2020 Historiae
1555 1957 1615 2019 Pa-

232 2050 435 2114 triarcbarum
458 2051 750 2130 Alexandrinorum,
774 2052 991 2134 disciplinaque
1014 2053 1171 2118 Ecclesiae
1194 2056 1411 2139 Aethiopicae,
1446 2064 1532 2118 extra
1555 2054 1615 2117 du-

233 2150 317 2213 bium
341 2157 400 2225 est,
424 2168 489 2212 eam
513 2149 742 2214 Confessionem
765 2170 881 2231 omncs,
905 2170 1111 2234 quaecumque
1142 2153 1246 2217 baberi
1269 2163 1398 2235 possunt
1428 2152 1613 2217 certitudinis

235 2257 268 2310 et
289 2250 428 2311 veritatis
450 2258 537 2311 notas
561 2252 735 2324 continere3
758 2251 864 2313 ritibus
887 2269 1007 2333 quoque
1029 2253 1177 2333 adjunctis
1201 2255 1367 2317 secundum
1382 2272 1459 2336 quos
1475 2269 1614 2335 pronun·

236 2350 311 2410 ciart
333 2348 435 2426 debet,
459 2349 499 2410 ita
521 2349 559 2411 ad
581 2348 671 2411 realis
694 2351 884 2430 praesentiae
908 2351 996 2413 idem
1019 2352 1223 2430 determinari,
1246 2362 1279 2416 ut
1295 2354 1391 2434 majus
1403 2360 1614 2434 argumentum

235 2464 408 2510 cousensus
431 2445 653 2528 Aegyptiorum
676 2465 743 2509 cum
766 2448 903 2512 Ecclesia
924 2450 1077 2512 Catholica
1100 2469 1139 2512 ne
1162 2453 1335 2533 excogitari
1357 2450 1475 2532 quidem
1498 2450 1612 2532 possit:

235 2546 358 2626 quando
380 2563 439 2607 nec
461 2546 526 2627 ipsa
550 2545 588 2608 de
612 2547 698 2627 cujus
722 2547 780 2610 tide
803 2565 863 2610 non
886 2549 1048 2628 dubitatur,
1072 2550 1161 2612 talem
1184 2559 1303 2632 tamque
1327 2568 1505 2631 expressam
1528 2549 1613 2612 Con-

232 2644 401 2708 fessiouem
424 2645 543 2725 publica
566 2647 725 2708 autoritate
748 2648 899 2725 munitam,
924 2647 1033 2710 nullam
1056 2650 1087 2710 in
1110 2650 1208 2712 sacris
1234 2649 1343 2713 Officiis
1366 2649 1446 2727 suis,
1469 2656 1521 2711 aut
1544 2648 1613 2711 lidei

235 2743 480 2825 professionibus
504 2744 623 2808 babeat.

322 2843 420 2906 l'orro
442 2862 531 2924 quarn
553 2851 637 2905 certa
659 2844 697 2906 sit
720 2844 808 2925 hujus
832 2843 1039 2908 Confessionis
1063 2848 1207 2909 autoritas
1231 2854 1262 2909 ct
1284 2847 1460 2928 antiquitas,
1489 2851 1611 2926 practer
1659 2847 1885 2905 Contemnamus
1908 2854 1934 2906 in

231 2941 286 3004 illa
309 2961 388 3022 quae
411 2941 588 3024 protulimus
612 2952 807 3025 argumenta,
837 2943 947 3025 probat
970 2943 1077 3007 Codex
1104 2944 1219 3028 Regius
1248 2944 1552 3020 Graeco-Arabicus,
1580 2945 1610 3004 in
1624 2933 1935 3008 cottealtegtounaco-

235 3059 297 3122 quo
320 3043 441 3123 integre
463 3035 584 3125 legitur,
609 3059 676 3103 curn
698 3041 898 3105 additionibus
921 3043 1048 3122 duabus,
1072 3062 1150 3124 quae
1171 3044 1390 3107 controversiis
1403 3042 1441 3105 ab
1455 3042 1610 3105 autoribus
1624 3018 1744 3074 mmm·
1843 3077 1853 3086 -

236 3140 381 3223 historiae
408 3140 635 3204 Alexandrinae
668 3143 839 3204 memoratis
875 3143 1065 3204 occasionem
1099 3142 1256 3205 dederunt.
1309 3141 1343 3204 ln
1371 3142 1465 3204 lllarci
1495 3141 1611 3204 Graeca

235 3239 371 3320 liturgia
401 3241 505 3320 primis
529 3248 643 3302 tanturn
665 3241 792 3304 vocibus
816 3239 978 3303 Confessio
1000 3240 1186 3323 designatur.
1229 3240 1331 3318 Σῶμα
1354 3232 1456 3323 ἅγιον,
1479 3260 1519 3304 ex
1542 3241 1612 3321 qui-

236 3337 295 3400 bus
317 3337 391 3400 solis
414 3338 555 3402 concludi
576 3358 635 3402 non
659 3347 761 3423 potest
788 3359 825 3403 ea
849 3340 914 3402 sola
937 3338 1016 3402 dieta
1039 3339 1152 3406 luisse:
1181 3359 1249 3403 cum
1278 3340 1370 3403 multa
1393 3341 1451 3402 sint
1474 3338 1614 3420 exempla

236 3437 375 3499 similium
398 3438 577 3516 orationum,
600 3458 679 3519 quae
702 3440 805 3520 primis
828 3446 941 3501 tantum
971 3438 1099 3501 vocibus
1121 3440 1329 3523 designantur,
1352 3441 1552 3521 integraeque
1574 3457 1615 3500 ex
1714 3508 1718 3516 ¹

237 3535 305 3597 aliis
327 3534 482 3597 codicibus
512 3538 663 3617 petendae
695 3545 774 3600 sunt.
825 3536 930 3619 ltaque
961 3545 991 3599 et
1019 3536 1203 3600 Jacobiticae
1226 3546 1256 3600 et
1278 3537 1474 3601 Orthodoxae
1503 3537 1615 3600 Eccle-

236 3635 302 3697 siae
329 3635 497 3697 convenire
526 3636 622 3715 potuit
650 3636 725 3699 baec
749 3636 888 3699 formula.
947 3636 1058 3697 Verum
1087 3644 1188 3698 tamen
1217 3654 1284 3698 cum
1314 3636 1409 3699 Marci
1438 3637 1613 3719 Liturgiam,

235 3734 337 3796 multis
360 3733 425 3795 aliis
447 3733 563 3795 indiciis
587 3743 706 3798 constet
729 3735 913 3799 Orthodoxis
938 3737 1037 3816 potius
1059 3738 1213 3817 propriam
1236 3753 1323 3816 quam
1340 3734 1485 3797 Jacobitis
1509 3734 1613 3812 luisse,

236 3830 358 3912 quando
385 3831 452 3893 sola
474 3831 524 3894 illa
548 3833 672 3896 Graecis
696 3842 768 3896 nota
797 3833 867 3909 luit,
897 3852 1030 3914 ususque
1062 3834 1139 3897 illius
1163 3837 1192 3897 in
1216 3834 1354 3897 Calabria
1383 3833 1490 3911 luerit,
1523 3840 1554 3894 et
1583 3835 1613 3894 in

235 3929 373 4012 Aegypti
396 3931 573 4012 provinciis,
597 3951 675 4014 quae
697 3933 792 3996 llario
815 3932 1007 3995 Patriarchae
1033 3933 1188 4013 subjectae
1218 3940 1319 4010 erant,
1347 3935 1419 4014 quin
1447 3932 1613 3995 Jacobitica

237 4028 289 4090 illa
312 4030 466 4093 additione
488 4034 638 4110 caruerit,
665 4033 718 4094 vix
748 4040 796 4094 est
825 4031 1029 4095 dubitandum.
1080 4032 1140 4094 Sed
1169 4049 1269 4113 neque
1297 4032 1323 4093 si
1355 4040 1413 4093 tam
1441 4031 1613 4094 verisimilia

238 4137 419 4208 argumema
449 4128 630 4208 delicerent,
659 4138 742 4192 esset
771 4131 955 4213 ambiguitati
986 4131 1086 4204 locus,
1115 4149 1183 4192 cunr
1214 4130 1464 4194 certum-haberi
1492 4128 1612 4206 debeat,

241 4226 458 4310 Theologiam,
492 4230 649 4308 novitatis,
679 4238 711 4292 et
733 4231 847 4293 amoris
876 4232 904 4292 in
935 4228 1138 4292 Oecumenico
1162 4228 1299 4293 Concilio
1327 4230 1553 4292 condemnatam
1576 4227 1612 4289 ab

211 4325 377 4389 'Ecclesia
399 4320 553 4390 Catholica
575 4328 710 4410 probari,
733 4337 784 4391 aut
807 4331 901 4391 sacris
924 4329 1111 4392 orationibus
1140 4330 1231 4391 inseri
1254 4347 1316 4391 non
1338 4329 1483 4411 potuisse.

327 4422 368 4484 At
389 4423 469 4486 illam
492 4428 586 4508 ipsam
616 4427 844 4491 Confessionem
875 4427 971 4509 qualis
1000 4435 1083 4489 extat
1112 4431 1141 4490 in
1170 4429 1305 4510 Copticis
1334 4427 1477 4507 liturgiis
1506 4423 1613 4503 tribus,

238 4521 363 4585 totidem
388 4524 490 4588 verbis
513 4527 642 4610 legimus
666 4529 697 4588 in
719 4527 845 4589 Graecis
875 4525 1089 4589 Alexandrinis
1112 4528 1228 4589 duabus
1257 4526 1405 4589 Basiliana
1433 4534 1465 4588 et
1491 4525 1614 4607 Grego-

237 4622 335 4700 riana,
358 4641 434 4704 quas
458 4624 533 4687 haec
555 4633 627 4688 uota
649 4627 725 4704 sola,
748 4625 895 4689 Jacobitis
926 4634 1085 4706 usurpatas
1109 4626 1203 4688 luisse
1225 4627 1394 4688 certissime
1417 4625 1611 4688 demonstrat.

239 4720 347 4785 Codex
369 4724 420 4803 qui
442 4723 509 4785 illas
531 4726 665 4787 continet
693 4726 813 4787 videtur
843 4731 941 4788 aelate
969 4724 1208 4788 Patriarcharum
1238 4725 1357 4788 illorum
1384 4725 1526 4802 duorum,
1556 4724 1613 4786 sub

239 4820 349 4901 quibus
378 4821 417 4884 de
447 4823 649 4886 additionibus
679 4825 862 4906 disputatum
892 4830 956 4902 est,
987 4826 1149 4904 antiquior.
1200 4823 1284 4886 Unde
1316 4824 1420 4885 vocari
1447 4830 1553 4905 posset
1583 4824 1614 4884 in

239 4919 361 4981 dubium
384 4920 535 4985 Historiae
557 4923 783 4986 Alexandrinae
806 4923 898 5002 tides,
930 4925 999 5006 quia
1029 4915 1203 5006 signitibare
1231 4922 1352 4986 videtur
1382 4922 1614 5005 quodammodo,

238 5015 334 5079 lactas
357 5018 423 5081 illas
445 5039 516 5083 esse
540 5024 677 5102 primum,
701 5040 767 5085 cum
791 5022 829 5084 de
852 5022 910 5085 illis
933 5022 1072 5085 Monacbi
1092 5019 1256 5085 Macariani
1276 5022 1358 5084 litem
1381 5030 1549 5085 moverunt.
1573 5021 1615 5084 At

265 5153 380 5198 rammi.
1352 5138 1403 5213 49
