4525 6034
509 564 687 641 LITURGIA
713 560 942 670 stuctnnuu
967 559 1245 658 apostatarunt
1270 574 1321 636 nc.
1532 568 1608 649 579

236 751 384 822 caritatis
409 760 503 823 tuae:
529 750 729 824 illuminatae
756 759 831 822 suut
857 751 988 821 animae
1021 758 1169 835 nostrae,
1195 771 1257 844 per
1284 754 1511 844 cognitionem
1536 778 1607 846 ue-

235 866 342 936 ritatis
370 876 463 938 tuae:
491 868 582 960 digni
608 867 788 940 efficiamur
802 865 1002 960 suscipiendi
1019 863 1317 938 manifestationem
1345 867 1455 943 dilecti
1480 874 1539 961 tui,
1566 871 1609 944 de
1729 949 1731 958 s

234 981 332 1053 coelo
360 994 477 1056 sancto
506 995 576 1057 tuo:
612 984 680 1056 illic
706 980 934 1055 confitebimur
960 982 1033 1069 tibi,
1068 991 1102 1053 et
1132 984 1311 1075 (interea)
1348 985 1606 1078 glorificabimus

233 1107 268 1168 te
294 1097 520 1171 indesinenter
544 1106 578 1173 in
596 1099 752 1173 Ecclesia
779 1108 833 1170 tua
861 1110 1022 1171 coronata
1049 1109 1083 1169 et
1100 1097 1207 1201 plena
1235 1099 1388 1172 omuibus
1415 1103 1547 1190 auxiliis
1573 1114 1608 1176 et

235 1213 387 1287 omuibus
412 1217 525 1308 honis,
552 1221 626 1314 quia
654 1227 688 1289 tu
715 1240 753 1290 es
780 1216 941 1287 Dominus
969 1224 1002 1286 et
1028 1227 1163 1288 creator
1189 1218 1334 1288 omnium
1359 1217 1468 1290 Pater.

340 1346 461 1418 Oratio
496 1349 638 1420 incensi.
696 1344 895 1418 Referemus
931 1343 1088 1441 hymnum
1123 1344 1276 1417 'trinitati
1311 1354 1388 1418 auae
1421 1348 1607 1440 gloriosae,

233 1462 346 1554 Pater,
372 1462 436 1537 Fili
463 1456 497 1534 et
522 1463 665 1559 Spiritus
692 1472 817 1535 sancte.

301 1569 470 1675 &Diebus
485 1596 621 1686 jejunii.
675 1591 718 1664 m
743 1599 890 1687 propter.

337 1727 379 1799 ln
406 1731 723 1800 commemoratione
748 1725 964 1796 Sanctorum.
1018 1725 1069 1797 Tu
1095 1726 1255 1814 Domine,
1281 1751 1365 1800 vere
1391 1754 1429 1803 es
1456 1737 1605 1809 suscita-

233 1853 288 1918 tor
313 1866 491 1942 corporum
518 1854 725 1916 nostrorum:
752 1853 786 1915 tu
812 1863 851 1912 es
878 1840 1039 1914 Salvator
1064 1840 1174 1915 bonus
1201 1845 1381 1916 animarum
1405 1859 1605 1942 rosnarum,
1727 1837 1730 1850 ⁸
1842 1853 1852 1886 ³

233 1972 267 2033 et
300 1970 525 2033 conservator
560 1981 700 2034 securus
732 1960 823 2029 vitae
855 1966 1010 2029 nostrae:
1047 1980 1178 2054 uosque
1211 1971 1344 2055 oportet
1377 1974 1412 2034 te
1442 1978 1606 2061 perpetuo

232 2071 400 2168 coulitmi'
422 2077 565 2149 adorare
591 2086 625 2147 et
651 2074 840 2168 glorificare
866 2076 1011 2145 omnium
1037 2074 1222 2147 Domino'

334 2210 348 2246 ³
374 2210 434 2281 Ad
458 2210 650 2281 Lectiones.
676 2279 681 2284 ,
704 2208 860 2295 Sanetus,
886 2207 900 2241 ⁴
924 2205 1121 2297 laudandus,
1147 2191 1281 2304 potens,
1309 2213 1521 2304 immortalis,
1548 2219 1606 2312 qui

230 2327 263 2395 iu
291 2329 414 2399 sanctis
441 2323 585 2415 habitas,
612 2332 647 2394 et
672 2326 855 2419 requiescit
880 2326 913 2394 in
941 2326 990 2395 eis
1017 2323 1173 2406 voluntas
1201 2334 1272 2398 tua:
1299 2332 1431 2424 respice
1450 2330 1603 2420 Domine,

230 2445 392 2538 propitius
427 2453 501 2514 esto
536 2452 571 2513 et
601 2445 762 2512 miserere
792 2442 920 2529 nostri,
964 2443 1050 2512 sicut
1085 2443 1118 2511 iu
1155 2438 1307 2516 omnibus
1345 2445 1525 2521 auxiliator
1565 2471 1603 2521 es

231 2561 376 2630 omnium
402 2560 554 2632 Domine.

333 2676 393 2748 Ad
417 2674 627 2768 Apostolum.
680 2671 829 2746 lllumina
855 2672 953 2747 uobis
979 2672 1122 2747 Domina
1150 2686 1183 2747 et
1208 2676 1301 2750 Deus
1327 2688 1459 2766 noster,
1493 2690 1602 2755 motus

230 2795 469 2884 cogitationum
499 2801 707 2878 nostrarum,
746 2787 788 2860 ad
827 2788 1024 2862 audiendum
1060 2801 1094 2862 et
1131 2790 1379 2883 intelligendum
1413 2794 1599 2868 auditiones

231 2930 356 2982 suaves
382 2906 611 2980 mandatorum
628 2917 775 2998 tuorum
810 2905 1046 2978 vivificantium
1083 2917 1117 2978 et
1150 2906 1356 2981 divinorum:
1393 2918 1428 2981 et
1453 2912 1602 2985 concede

232 3022 331 3096 uobis
356 3046 419 3121 per
445 3028 586 3116 gratiam
614 3033 648 3094 et
673 3021 933 3094 misericordiam
970 3034 1059 3095 tuam
1091 3034 1126 3095 ut
1152 3023 1288 3097 exiliis
1315 3024 1511 3119 colligamus
1538 3052 1603 3101 ar-

232 3150 424 3233 gumentum
451 3140 634 3214 dilectionis
661 3148 696 3210 et
721 3142 813 3233 spei;
848 3139 1054 3234 salutemque
1087 3142 1218 3213 animae
1245 3151 1279 3211 et
1304 3145 1440 3238 corpori
1466 3165 1602 3220 conve-

228 3259 389 3330 nientem:
417 3279 640 3388 cauempsquc
666 3255 725 3328 tibi
751 3254 894 3348 gloriam
919 3239 1114 3352 perpetuam
1131 3254 1367 3348 indesinenter,
1395 3268 1428 3330 et
1454 3280 1601 3356 semper,

230 3377 374 3486 omnium
400 3373 553 3447 Domine.
1135 3459 1142 3470 ⁸
1254 3397 1258 3402 ·

293 3485 302 3522 ⁷
331 3505 465 3578 Diebus
481 3510 616 3599 jejunii.
670 3504 745 3579 Tibi
772 3502 979 3598 gubernator
1004 3509 1149 3603 sapiens.

293 3621 299 3628 ⁶
334 3641 556 3713 Descendens
581 3639 745 3713 adnabit
771 3641 783 3675 ⁵
809 3638 1041 3735 Evangelimn
1068 3639 1186 3712 dicens
1211 3639 1301 3712 donc
1321 3646 1512 3715 orationem
1534 3665 1601 3715 co-

228 3778 306 3827 ron
327 3757 443 3829 attari.
496 3758 547 3829 'lo
563 3779 701 3850 germen
728 3755 937 3852 praeclarum
960 3757 1069 3828 Patris
1096 3759 1153 3847 tui,
1180 3769 1214 3830 et
1228 3759 1406 3850 imaginem
1432 3782 1602 3856 personae

228 3876 392 3965 genitoris
425 3878 488 3960 tui,
522 3877 577 3970 qui
609 3873 780 3947 revelatus
820 3895 859 3945 es
896 3876 930 3944 in
963 3893 1108 3967 corpore
1140 3867 1348 3948 humanitatis
1380 3885 1531 3968 nostrae,
1567 3885 1602 3949 et

228 4000 320 4062 ortus
347 4012 386 4061 es
412 3990 510 4064 uobis
539 3995 573 4064 iu
606 3989 728 4063 lumine
763 3990 1016 4061 annuntiationis
1049 3999 1144 4081 tuae,
1170 3999 1204 4061 te
1230 3991 1443 4083 confitemur,
1470 3992 1599 4067 adora-

228 4128 322 4196 mus,
350 4117 413 4179 etc.

188 4317 194 4326 „
329 4236 378 4306 Et
398 4241 481 4329 post
503 4235 817 4330 proclamationem.
870 4234 921 4305 'le
947 4234 1090 4306 Domine
1108 4236 1202 4307 Deus
1229 4245 1350 4333 potens
1377 4236 1597 4333 deprecamur

228 4359 262 4421 et
287 4373 463 4444 rogamus,
499 4351 623 4449 pertice
656 4349 830 4424 nobiscum
862 4354 1004 4442 gratiam
1037 4359 1125 4423 tram
1159 4360 1194 4423 ct
1226 4350 1356 4424 effunde
1386 4374 1448 4448 per
1479 4374 1597 4427 manus

226 4477 360 4542 nostras
387 4467 507 4541 donum
534 4480 640 4558 tuum,
667 4466 946 4554 misericordiam,
973 4476 1008 4538 et
1033 4469 1278 4540 miserationem
1305 4468 1485 4541 divinitatis
1511 4478 1597 4540 tuae.

227 4581 302 4655 Sint
325 4582 424 4658 nobis
451 4584 493 4656 ad
518 4588 786 4683 propitiationem
802 4583 999 4656 ‘delictorum
1026 4583 1140 4680 populi
1167 4587 1225 4674 tui,
1251 4593 1287 4656 et
1305 4583 1348 4656 ad
1365 4587 1597 4659 remissionem

226 4710 441 4795 peccatorum
467 4705 568 4775 totius
600 4705 717 4796 gregis
750 4722 898 4799 pascuae
932 4712 1029 4789 tuae,
1055 4723 1119 4797 per
1143 4705 1287 4794 gratiam
1313 4711 1402 4774 tuam
1428 4709 1462 4773 et
1486 4703 1595 4773 mise-

225 4819 373 4890 rationes
399 4827 485 4907 tuas,
512 4816 602 4891 hune
628 4828 662 4892 et
689 4826 818 4892 amator
843 4816 1022 4908 hominum,
1049 4816 1194 4890 Domine
1219 4818 1374 4890 omnium.

328 4933 484 5007 Diaconi
509 4937 634 5008 dicant.
686 4934 847 5009 Iucliuate
872 4936 982 5031 capita
1007 4944 1133 5008 vestra.

264 5071 386 5115 romusn
1338 5049 1387 5125 76
