4525 6034
713 558 788 633 330
1276 557 1506 636 tolla

711 750 832 825 potest:
856 750 886 805 at
907 761 1006 826 neque
1028 742 1180 825 designari
1201 744 1361 826 quidquam
1383 743 1465 826 quod
1490 744 1529 807 ad
1550 745 1753 811 insinuandam
1775 746 1866 809 realis
1887 754 2052 810 bammnta-

712 844 801 906 tionis
823 843 987 906 doctrinam
1008 844 1167 924 pertmeat.

901 1120 1106 1222 Προοίμιον
1130 1124 1191 1216 τῆς
1215 1115 1378 1205 κλάοεως.
1431 1119 1647 1193 Prooemium
1674 1123 1881 1195 Fractioois.

805 1331 898 1410 llam
927 1344 1023 1405 oratio
1053 1360 1114 1405 non
1143 1341 1270 1405 babetur
1299 1340 1328 1403 in
1364 1340 1496 1423 Copticis
1527 1341 1761 1423 exemplaribus.
1807 1341 1945 1405 Continet
1971 1349 2056 1403 auten

713 1447 838 1510 brevem
860 1453 890 1508 et
911 1445 1077 1508 distinctam
1101 1444 1286 1528 Theologiae
1314 1443 1475 1506 Orientalis
1506 1436 1751 1524 explicationem,
1779 1446 1844 1508 istis
1873 1445 1987 1507 verbis:
2013 1445 2057 1523 qai

713 1546 894 1608 Sacerdotes
915 1546 1033 1626 quidem
1054 1547 1087 1606 ia
1108 1545 1216 1607 ordrhc
1235 1545 1439 1606 mirisboraoa
1463 1544 1657 1618 cmastihtisti,
1682 1563 1742 1624 per
1768 1544 1945 1607 izaieihilem
1970 1550 2056 1605 amem

714 1652 1007 1725 immolestum,
1029 1663 1068 1705 ea
1089 1645 1312 1718 trmasmmasti,
1339 1641 1390 1704 vel
1419 1641 1456 1704 ad
1484 1640 1610 1704 verbum
1639 1644 1916 1705 hamelaneatoati.
1958 1642 2056 1706 Conci-

429 1743 785 1807 roa.1o.ea.1>aria.limn
810 1742 975 1806 Romanum
1004 1760 1082 1806 anno
1112 1741 1205 1804 10⁷9.
1234 1743 1265 1803 in
1293 1758 1385 1803 causa
1413 1740 1589 1824 Berengarii
1618 1742 1669 1806 ait.
1712 1742 1828 1805 Pacem
1850 1750 1880 1804 et
1900 1743 1995 1804 cisoa
2011 1761 2058 1823 par

389 1853 416 1906 Ρ·
434 1836 496 1887 378.
715 1861 825 1904 sacrae
846 1843 995 1904 matiorais
1021 1841 1116 1904 amba
1137 1847 1168 1903 at
1178 1840 1354 1902 Sacerdotis
1376 1842 1634 1902 consecrationem
1647 1840 1763 1922 Spiritu
1783 1850 1890 1905 sarecto
1911 1842 2056 1904 mcisihiii·

444 1937 475 1990 a
493 1939 516 1989 1·
536 1935 591 1989 aa.
615 1953 637 1987 c·
658 1935 701 1988 ¹⁰·
713 1950 760 2004 ar
788 1949 931 2021 operante
958 1942 1094 2003 cavata·
1120 1939 1360 2002 οιοειοοιεαιοο
1378 1941 1411 2001 aa
1439 1957 1550 2020 corpas
1570 1938 1775 2019 hembecca,
1802 1950 1907 2004 mana
1931 1942 1967 2004 aa
1996 1940 2055 2001 Va-

395 2022 700 2094 Tm·9·⁰⁰'⁸⁶·i·¹⁰⁵⁸·
710 2044 789 2123 piae.
833 2040 995 2124 Remigius.
1038 2040 1135 2102 Panis
1156 2058 1241 2121 qoem
1260 2038 1444 2120 frataqitnas,
1466 2041 1566 2120 otique
1584 2041 1714 2119 ρνίοιοοι
1740 2050 1937 2104 consecrator
1965 2038 2055 2101 aSo-

712 2140 884 2203 cerdatihas
896 2149 926 2203 et
937 2159 959 2201 a
972 2139 1086 2219 Spiritu
1100 2146 1215 2202 sancto.
1238 2138 1398 2201 mocimus
1420 2137 1476 2219 Ep.
1495 2138 1524 2201 2,
1545 2138 1582 2201 ad
1596 2139 1821 2221 Borangarium.
1851 2140 1963 2203 Panem
1974 2140 2057 2215 aitet

711 2240 813 2301 οἰοιιοι
826 2241 859 2301 ἑο
875 2239 978 2315 mmai,
990 2238 1122 2318 Spirioa
1136 2240 1237 2300 sancti
1247 2239 1359 2300 cirtam
1367 2256 1426 2317 per
1439 2237 1615 2301 Sacerdotis
1628 2241 1834 2316 missiniaco,
1847 2259 1948 2303 ceram
1962 2255 2056 2316 carpat

711 2333 872 2419 canatque
883 2338 1057 2417 maqaiaem
1072 2333 1187 2399 Christi
1199 2335 1297 2416 effici:
1309 2352 1386 2417 quae
1402 2338 1572 2400 testimonia
1588 2355 1627 2400 ex
1644 2339 1743 2403 multis
1760 2340 1826 2403 aliis
1843 2339 1964 2417 selecta,
1979 2336 2055 2399 variis

631 2494 633 2498 .
713 2455 755 2499 ex
767 2435 979 2514 Ambrosiano,
994 2434 1135 2514 Gothico,
1149 2434 1337 2498 llosarabico
1354 2434 1479 2516 aliisque
1496 2438 1703 2505 autoritatibus
1718 2439 1944 2503 confirmantur:
1960 2445 2056 2499 tantum

714 2536 810 2611 abest,
828 2542 861 2597 ut
875 2535 1031 2616 quisquam
1046 2533 1115 2598 olim
1131 2535 1346 2597 existimaverit
1360 2534 1569 2599 detrimentum
1582 2537 1686 2600 inferri
1702 2557 1791 2603 sacro
1806 2538 1995 2603 Sacerdotun
2008 2535 2056 2598 mi·

712 2636 846 2713 alstemo,
863 2634 890 2698 si
906 2632 1025 2696 Christo
1040 2640 1071 2696 et
1087 2634 1209 2715 Spiritui
1222 2642 1327 2697 sancto
1341 2641 1372 2697 ut
1385 2652 1493 2697 causac
1504 2636 1643 2718 principi,
1656 2639 1845 2702 consecratio
1859 2638 2004 2701 tribuatur.
2028 2632 2056 2693 ln

712 2735 814 2798 ultima
827 2742 923 2814 parte,
945 2740 977 2797 ut
995 2735 1027 2796 in
1045 2731 1144 2795 maltis
1161 2732 1237 2813 aliis,
1254 2741 1385 2796 erratum
1400 2741 1448 2796 est
1466 2752 1483 2795 a
1507 2734 1639 2817 librario,
1659 2738 1711 2819 qui
1729 2738 1850 2818 scripsit
1863 2725 1918 2800 daci
1934 2724 2056 2798 σεαυτοῦ

713 2828 917 2920 παρέχοντος,
926 2831 1157 2897 commanifesto
1168 2826 1317 2919 παρέχων
1328 2833 1390 2917 legi
1404 2832 1523 2897 debeat.
1544 2835 1611 2900 lloc
1622 2836 1691 2900 loco
1705 2838 1804 2901 delicit
1816 2837 1920 2917 versio
1933 2832 2056 2897 Arabica.

1212 3142 1335 3235 Oratio
1362 3165 1570 3237 Fraciionis.

806 3384 917 3471 Naana
939 3397 989 3460 illa
1011 3404 1094 3461 extat
1114 3399 1146 3460 in
1168 3395 1301 3478 Copticis
1324 3395 1500 3460 Codicibus:
1523 3395 1578 3459 sed
1600 3399 1734 3478 quamvis
1759 3398 1807 3459 isti
1835 3398 1912 3461 alios
1940 3396 2055 3476 antiqui·

712 3508 774 3563 tate
796 3518 858 3563 non
879 3510 1040 3583 superent,
1070 3502 1146 3564 baec
1173 3509 1274 3564 lamen
1295 3502 1390 3565 oratio
1418 3501 1457 3563 ob
1486 3502 1676 3582 perspicuam
1698 3500 1886 3564 hacobiticae
1915 3501 2053 3564 doetrinae

713 3602 953 3682 expositionem,
975 3600 1213 3665 calchedonensi
1236 3600 1370 3664 Concilio
1392 3601 1539 3664 vetustior
1561 3618 1630 3663 esse
1652 3618 1713 3663 non
1741 3608 1861 3682 potest,
1892 3619 1956 3664 cum
1979 3600 2053 3661 unius

713 3706 837 3761 naturae
860 3701 891 3762 in
913 3697 1033 3762 Christo
1055 3700 1276 3764 consessionem
1298 3701 1461 3777 contineat,
1484 3698 1539 3762 sed
1562 3699 1675 3781 absque
1698 3699 1895 3778 confusione,
1921 3707 1969 3762 ant
1989 3697 2055 3760 alta-

713 3798 841 3862 ratioae.
887 3796 974 3871 Quod
996 3802 1141 3882 sequitur,
1164 3817 1332 3883 agnoscere
1353 3797 1504 3861 tacobitas
1528 3796 1676 3862 Christum
1698 3818 1766 3863 esse
1790 3797 2055 3862 amaostaaactaa

713 3897 803 3960 Patri
823 3898 986 3959 secundam
1006 3899 1217 3961 dioinman:
1246 3897 1528 3960 mamsuaaataa
1547 3898 1636 3961 nohis
1662 3900 1823 3962 secondom
1852 3899 2054 3968 hamooiiaiffl,

713 3998 771 4059 etsi
792 3999 896 4060 mirum
918 3998 976 4061 illis
1003 3998 1099 4063 videri
1125 4001 1238 4080 possit,
1266 3997 1317 4079 qui
1345 3998 1462 4062 illorum
1491 3998 1661 4079 opinionem
1692 4016 1752 4061 non
1778 4016 1914 4077 novere,
1944 3997 2054 4058 nisiex

712 4096 841 4178 vulgatis
864 4098 1027 4177 autoribus,
1049 4100 1237 4161 verissimum
1259 4105 1357 4162 tamen
1380 4105 1434 4161 est.
1465 4097 1549 4172 Quae
1572 4099 1650 4160 enirn
1671 4099 1702 4159 in
1723 4098 1779 4161 hac
1801 4099 1937 4162 oratione
1959 4097 2054 4178 lequu-

712 4203 763 4258 tur
783 4198 950 4278 reperimus
972 4200 1001 4260 iu
1015 4197 1141 4280 Coptica
1157 4197 1345 4279 Encbolopio
1366 4195 1568 4260 Bibliothecae
1583 4195 1708 4280 Regiae,
1730 4198 1781 4260 ubi
1802 4199 1882 4261 inter
1904 4193 2053 4266 lheotclr‘o,

713 4314 769 4359 seu
790 4296 901 4360 Preces
924 4297 961 4360 ad
983 4298 1164 4380 Deiparam,
1187 4298 1262 4361 baec
1284 4304 1456 4361 occurrunt.
1511 4295 1636 4358 Verbum
1662 4295 1777 4376 sechem
1805 4305 1854 4360 est
1872 4299 1971 4371 homa
1990 4292 2053 4353 oht-

714 4415 770 4477 qae
798 4396 962 4475 divisione,
985 4418 1062 4460 octo
1091 4418 1131 4460 ea·
1164 4397 1295 4477 dachas,
1319 4398 1475 4459 divinitate
1492 4413 1576 4474 para
1596 4395 1708 4475 absque
1729 4399 1930 4477 comtptioae,
1953 4406 2053 4473 capto·

713 4495 767 4573 iis,
791 4496 873 4573 sive,
896 4497 1160 4559 emrotbstaotiaiis
1180 4496 1270 4559 Patri
1276 4518 1286 4558 :
1315 4497 1498 4558 haereaitate
1519 4495 1662 4573 indivisa,
1690 4495 1951 4558 amabamaaatts
1969 4489 2052 4554 achi.

714 4594 840 4677 lleliqua
861 4595 982 4660 totidem
1005 4596 1105 4659 verbis
1129 4597 1336 4676 exprimuntur
1356 4596 1387 4657 in
1408 4595 1518 4677 hymno
1541 4594 1577 4657 ad
1595 4593 1754 4657 Christum.
1782 4595 1871 4658 Plura
1892 4594 1930 4657 de
1950 4592 2051 4655 ittam

446 4697 507 4751 Hit·
531 4699 602 4751 Patr·
628 4696 701 4750 Aba.
716 4697 856 4777 opinione
878 4696 958 4758 circa
985 4696 1222 4759 lncarnationem
1248 4696 1439 4777 reperiuntur
1466 4696 1497 4757 in
1517 4693 1648 4756 Historia
1670 4694 1878 4775 Patriarcbali,
1902 4702 1932 4757 et
1951 4691 1986 4753 de
2010 4686 2051 4749 ila
2207 4770 2208 4779 ἵ

391 4802 418 4855 Ρ·
428 4785 491 4838 ³⁰⁵·
499 4785 561 4836 3⁶¹·
570 4785 631 4837 3⁶⁵·
641 4786 676 4836 ⁴⁷
678 4784 703 4838 ¹·
715 4795 873 4858 dicendum
895 4796 953 4857 erit
975 4795 1044 4859 alibi
1066 4793 1171 4860 fusius.
1210 4792 1270 4858 Sed
1289 4794 1364 4858 haec
1380 4795 1477 4859 oratio
1493 4801 1633 4856 accurate
1652 4792 1732 4857 illan
1752 4796 1893 4877 explicat,
1914 4804 2051 4872 magnan-
2116 4860 2119 4868 Ι

394 4880 418 4922 ‘²
434 4872 495 4923 ⁵⁸²·
716 4915 775 4978 que
796 4894 909 4958 habere
937 4895 1027 4958 debet
1055 4897 1256 4959 autoritatem:
1288 4914 1355 4958 crana
1382 4895 1473 4958 vanis
1500 4893 1570 4956 [idei
1598 4891 1862 4975 confessionibus,
1891 4888 2050 4968 Theolopo·

715 5012 840 5077 rumque
862 4996 1017 5059 sententiis
1041 5002 1181 5059 accurata
1204 4994 1396 5077 respondeat.
