4525 6034
253 1185 338 1303 IN
388 1185 841 1305 LITURGIAM
893 1185 1458 1305 ΑΕΤΗΙΟΡΙΟΑΜ

321 1540 326 1545 -
402 1501 408 1513 ¹
579 1420 1139 1601 PRAEFATIO.

242 1826 514 1928 Alexandrinis
539 1797 709 1946 bitarqiis
736 1850 888 1945 Copticis
923 1858 958 1922 et
994 1852 1159 1943 Graecis,
1194 1872 1336 1945 quornm
1368 1855 1544 1926 conones

173 1968 351 2054 edidimus,
378 1966 584 2061 subjunqere
609 1969 717 2037 msam
743 1974 794 2039 est
819 1965 1080 2059 Aethiopicam:
1106 1973 1175 2037 tam
1200 1966 1244 2037 ob
1270 1970 1463 2062 erqumenti
1488 1969 1544 2037 si-

171 2084 407 2169 militudinm
436 2087 503 2152 tum
531 2082 621 2176 quod
646 2105 671 2151 c
695 2082 807 2153 miultis
835 2082 999 2170 suendis,
1032 2104 1151 2176 nempe
1182 2085 1297 2154 statim
1324 2089 1405 2176 post
1433 2082 1544 2156 sabo-

171 2205 259 2269 etcm
284 2222 308 2269 a
333 2197 592 2268 bluhumedanis
617 2199 818 2292 Aeqpptum,
845 2197 1036 2291 Aethiopes
1061 2197 1106 2270 ab
1124 2197 1288 2269 Ecclesia
1300 2198 1545 2270 Alexandrino

170 2314 371 2386 lacobitica
395 2308 516 2407 ¹fidem,
550 2313 780 2407 disciplinam,
813 2320 848 2384 et
880 2337 960 2386 mas
992 2317 1086 2407 ipsas
1117 2314 1296 2409 Litarqius
1326 2321 1544 2408 acceperant.

169 2429 303 2500 Mam
325 2432 452 2522 prima,
479 2449 567 2522 qaae
593 2433 629 2500 in
652 2432 855 2522 praecipuis
880 2432 976 2500 sacri
1004 2429 1121 2523 Officii
1142 2428 1303 2522 partibas
1330 2452 1376 2500 eu
1398 2429 1544 2524 Coptica

170 2545 341 2615 transhrta
367 2550 435 2632 est,
462 2536 671 2639 Aethiopiae
699 2545 793 2615 editu
816 2547 885 2637 suit
910 2546 1044 2617 lionme
1070 2567 1161 2616 anno
1193 2545 1412 2619 MDXLVIII.
1447 2546 1546 2617 mmuh

169 2683 243 2731 cum
268 2660 369 2731 Nero
401 2660 615 2732 Testamenta
643 2668 787 2731 curante
813 2661 923 2732 Petro
948 2659 1140 2753 Aethiope,
1172 2659 1294 2733 Comes
1319 2686 1381 2735 sen
1406 2662 1543 2734 Archi-

168 2777 356 2864 mandritc,
384 2780 443 2870 qui
468 2776 572 2847 aliter
599 2775 813 2849 Tesla-Sion
839 2775 1088 2870 appellabatur.
1140 2777 1245 2849 Anno
1280 2783 1435 2873 sequenti
1462 2781 1542 2851 La-

168 2895 240 2962 tina
266 2896 381 2965 versio
405 2895 540 2984 primae
556 2893 736 2988 liturqiae
763 2891 858 2963 edita
884 2898 936 2964 est
960 2891 1027 2962 hoc
1054 2891 1162 2964 titulo.
1189 2892 1294 2967 Missa
1314 2917 1379 2990 qua
1395 2895 1543 2968 Aethio-

167 3029 227 3102 pes
261 3010 481 3080 communiter
512 3017 659 3096 amator,
696 3030 783 3103 quae
818 3010 919 3079 etiam
952 3004 1070 3078 Canon
1110 3010 1312 3082 universalis
1346 3009 1543 3106 appellatur,

166 3144 253 3228 nunc
281 3126 422 3218 primum
448 3146 493 3195 ex
518 3124 632 3216 bogae
659 3122 847 3211 Chaldaea,
875 3126 950 3195 sive
975 3122 1186 3219 Aethiopico,
1212 3128 1252 3198 in
1272 3125 1425 3199 Latinam
1451 3150 1542 3200 con-

167 3260 279 3311 versa.
333 3238 400 3310 Illa
425 3244 539 3310 statim
565 3239 805 3309 Bibliothecae
831 3238 977 3309 Petram
1002 3242 1134 3311 inserta
1160 3247 1226 3329 est,
1263 3248 1298 3312 et
1328 3246 1364 3313 in
1390 3243 1543 3317 omnibus
1631 3300 1635 3309 .

168 3378 256 3448 quae
294 3354 416 3425 deinde
447 3358 618 3449 repetitae
652 3361 729 3425 suut
763 3354 969 3426 editionibus
1005 3359 1096 3426 inter
1129 3356 1220 3427 alias
1252 3357 1440 3448 oodocata,
1481 3361 1543 3434 sed

168 3471 281 3564 qualis
307 3494 331 3540 n
353 3473 467 3563 primm
492 3494 593 3541 muna
614 3472 807 3564 prodierat.
860 3471 994 3542 Breues
1019 3477 1148 3541 tontum
1173 3470 1260 3545 locis
1285 3473 1417 3569 aliquot
1441 3482 1543 3549 notas

165 3588 297 3679 adjecit
322 3587 543 3679 blorqcrinas
569 3587 738 3682 Biqneas,
765 3587 889 3658 nullius
915 3587 962 3657 ad
986 3587 1079 3657 iham
1105 3587 1345 3681 suplicandum
1372 3590 1539 3663 utilitatis.

164 3702 446 3797 Eaistimaeimus
473 3702 551 3772 olim
576 3706 766 3774 versionem
791 3702 894 3790 illum,
921 3726 995 3774 cum
1016 3703 1078 3774 sub
1096 3703 1205 3776 oculis
1219 3704 1425 3799 Aethiopum
1440 3711 1541 3800 sacta

162 3822 303 3911 suisset,
332 3825 366 3889 et
391 3819 523 3912 aliquot
549 3819 676 3888 eruditi
700 3821 770 3888 oiri
795 3821 885 3888 inter
912 3841 996 3912 quos
1021 3819 1202 3891 Marianus
1235 3819 1407 3893 Victorius
1432 3825 1541 3895 eidem

165 3957 309 4027 operam
343 3935 598 4029 impendissent,
629 3933 764 4026 fidelem
796 3956 888 4021 esse,
925 3940 1028 4029 atque
1060 3936 1150 4006 odeo
1184 3937 1227 4006 de
1258 3959 1303 4008 en
1336 3940 1539 4013 solummodo

164 4049 383 4137 renuenda,
420 4056 454 4120 et
492 4049 662 4144 aliquibus
696 4052 902 4121 necessariis
935 4054 1026 4121 notis
1061 4051 1265 4123 illustranda
1297 4055 1539 4147 coqitobornns.

170 4165 294 4239 Verum
326 4169 441 4236 statim
475 4173 578 4260 atque
619 4166 711 4236 illam
749 4188 822 4235 cam
854 4165 1063 4259 Aethiopico
1105 4167 1296 4262 euemplari
1335 4193 1539 4265 comparare

164 4286 354 4375 coepimus,
382 4288 449 4351 tarn
474 4281 579 4352 multu
608 4304 696 4375 qaue
731 4281 966 4353 emendatione
998 4283 1197 4373 indiqebunt
1227 4293 1470 4375 occurrerant,
1501 4294 1539 4357 nt

20 4459 21 4462 ,
163 4421 277 4470 novae
303 4401 600 4491 interpretationis
625 4397 781 4468 molestia
803 4401 911 4489 suerit
934 4420 1007 4468 cam
1028 4402 1176 4470 monimo
1193 4402 1309 4472 taedio
1328 4403 1536 4474 dmmandu.

163 4514 258 4584 Nam
283 4535 389 4606 saepe
415 4517 622 4606 interpretes
648 4516 845 4607 quicumque
871 4513 922 4584 illi
944 4517 1086 4606 suerint,
1114 4520 1285 4589 oratiorois
1304 4519 1537 4612 Aethiopicae

162 4633 367 4701 sententium
393 4633 541 4702 assemrti
566 4652 635 4699 non
660 4635 752 4717 snut,
778 4651 846 4701 non
869 4653 986 4723 pauca
1011 4637 1240 4719 mutaoerant,
1272 4632 1345 4703 alia
1372 4641 1538 4728 transpo-

163 4752 321 4833 suerunt,
353 4752 498 4837 praeter
530 4748 679 4841 insiqnes
710 4745 841 4838 aliquot
866 4745 979 4833 locos,
1011 4752 1049 4815 nt
1075 4750 1111 4815 in
1137 4746 1362 4820 Inoocatione
1387 4750 1539 4843 Spiritus

162 4865 295 4951 sancti,
330 4883 414 4955 quos
449 4861 493 4932 ab
528 4861 596 4931 illis
632 4867 728 4932 certo
762 4861 905 4932 consilio
938 4862 1165 4955 interpolatos
1187 4867 1296 4956 faisse
1320 4869 1445 4960 neani
1470 4889 1540 4937 non

161 4983 285 5068 potest.
338 4977 437 5047 Haec
464 4981 578 5048 omnia
604 4983 762 5070 quautam
788 4980 825 5047 in
850 4977 949 5050 nobis
971 4982 1040 5071 suit
1066 4979 1248 5050 emendare
1275 4983 1392 5050 conati
1419 5004 1538 5054 sarnus.

162 5092 286 5187 Neque
310 5093 493 5164 mediocris
518 5116 609 5164 noco
634 5092 722 5163 hoec
749 5095 991 5185 interpretatio
1018 5093 1150 5166 loboris
1172 5099 1257 5188 fait,
1292 5119 1366 5168 cam
1393 5105 1539 5192 praeter

1255 5212 1331 5292 75*
