4525 6034
563 576 1250 655 sancttdtttootttt.
1545 578 1600 651 33

323 766 430 861 llyric
457 764 586 839 eleison
612 766 685 837 olto
710 789 804 838 eoae.

322 883 508 954 Socer-doc.
561 881 753 972 Memento,
785 882 949 973 Domine,
978 882 1093 956 salutis
1120 883 1217 975 hujus
1244 885 1311 957 loci
1337 889 1444 957 sancti
1471 886 1535 974 tui,
1564 894 1599 956 et

219 1000 364 1069 omnium
391 998 560 1085 locorum,
597 1008 631 1070 et
660 1002 802 1070 omnium
830 1002 1109 1072 monasteriorum
1135 1000 1271 1072 Petrum
1306 1011 1496 1074 nostrorum
1525 1000 1603 1072 Or*

217 1114 461 1204 thodonorum,
489 1125 523 1186 et
548 1118 692 1187 omnium
725 1118 894 1186 civitatum
927 1118 1027 1188 totius
1060 1121 1259 1212 provinciae
1292 1128 1326 1190 et
1357 1121 1527 1211 regioniS,
1564 1126 1599 1186 et

217 1234 326 1301 omnis
359 1230 586 1327 pulcritudinis
620 1233 712 1321 ejus3
746 1240 780 1302 et
811 1251 875 1303 nos
908 1253 1025 1303 omnes
1058 1231 1165 1304 libera
1198 1234 1353 1323 adame,
1389 1259 1409 1306 a
1435 1242 1549 1329 peste,
1577 1256 1597 1303 u

215 1355 331 1418 terrae
366 1346 526 1440 motibus,
563 1348 811 1435 submersione,
853 1347 1031 1441 naufragio
1065 1359 1099 1421 et
1132 1350 1306 1441 incendi03
1347 1373 1367 1421 a
1402 1354 1597 1447 captivitate

215 1460 459 1553 barbarorum,
487 1487 507 1535 a
533 1463 646 1556 gladio
676 1474 858 1554 extraneo,
886 1473 920 1535 et
946 1464 988 1537 ab
1017 1467 1257 1538 insurrectione
1283 1465 1535 1540 haeretieorum.

320 1580 491 1671 Dignare,
518 1580 682 1670 Domine,
710 1580 883 1652 recordari
910 1583 1055 1652 omnium
1068 1581 1267 1654 Sanctorum
1294 1586 1348 1676 qui
1375 1580 1433 1653 tihi
1448 1583 1595 1678 placue-

215 1706 291 1767 runt
320 1696 363 1768 ab
392 1698 506 1784 initio,
532 1695 666 1767 Patrum
682 1706 871 1768 nostrornm
893 1707 1100 1788 sanctorum,
1126 1697 1411 1788 Patriarcharum,
1437 1699 1598 1795 Prophe-

215 1822 343 1902 tarum,
376 1812 639 1906 Apostolorum,
678 1811 992 1904 Evangelistarum,
1025 1812 1230 1910 Martyrum,
1269 1814 1526 1906 Conlessorum,
1564 1826 1601 1886 et

216 1952 335 2001 eornm
371 1932 426 2023 qut
457 1927 680 2020 Evangelinm
715 1931 1001 2001 annunciavenmt
1034 1929 1213 2003 Ecclesiae
1246 1942 1343 2021 tuae,
1385 1941 1419 2002 et
1453 1932 1596 2003 omnium

216 2047 389 2141 spirituum
413 2047 578 2135 justornm
606 2049 661 2137 qui
688 2047 923 2136 consummati,
950 2044 1096 2118 defuncti
1123 2052 1259 2121 suntin
1285 2046 1360 2120 hde.
1411 2047 1597 2139 Praecipue

214 2182 300 2232 vero
331 2170 487 2249 sanctae,
514 2160 623 2251 gloria
649 2161 772 2257 plenae
799 2183 933 2257 semper
957 2161 1125 2254 Virginis,
1162 2162 1340 2237 Genitriois
1367 2164 1432 2235 Dei
1459 2171 1597 2234 sanetae

215 2276 364 2367 Mariae,
401 2288 435 2348 et
471 2282 575 2349 sancti
607 2277 747 2349 loannis
778 2277 1056 2371 Praecursoris„
1073 2280 1246 2374 Baptistae
1281 2291 1315 2352 et
1346 2281 1528 2375 Martyris,
1563 2284 1597 2346 et

216 2398 323 2465 sancti
351 2391 511 2488 Stephani
536 2394 774 2467 Protodiaconi
801 2403 835 2466 et
854 2393 1136 2491 Protomartvris,
1163 2408 1198 2468 et
1224 2396 1489 2492 contemplativi,
1516 2394 1595 2465 De-

215 2533 340 2606 umque
366 2509 510 2582 videntis
545 2509 788 2604 Evangelistae
817 2510 925 2583 blanci
950 2510 1106 2605 Apostoli
1140 2518 1246 2586 saneti
1278 2524 1312 2585 et
1346 2513 1525 2608 Martyris,
1562 2516 1598 2579 et

214 2625 433 2698 Patriarchae
459 2630 565 2699 nostri
592 2630 697 2698 sancti
724 2628 866 2716 Severi3
893 2637 928 2699 et
953 2626 1112 2700 Doctoris
1145 2633 1251 2703 nostri
1278 2630 1454 2718 Dioscuri,
1490 2628 1597 2701 sancti

217 2743 353 2838 cyrilli,
389 2744 495 2812 sancti
520 2742 652 2832 Basibi,
686 2746 792 2816 sancti
820 2741 998 2839 Gregorii,
1033 2748 1140 2816 sancti
1172 2745 1312 2817 loannis
1348 2740 1595 2840 chrysostomi,

217 2862 324 2929 sancti
351 2859 526 2929 Athanasii
553 2859 762 2955 Apostolici3
790 2869 824 2931 et
849 2862 1066 2932 Dominomm
1092 2871 1282 2933 nostrornm
1311 2862 1447 2933 Petrum
1478 2865 1594 2953 justo-

216 2995 306 3063 rum,
341 2978 455 3067 magni
481 2973 624 3047 Abbatis
650 2976 806 3067 Antonii,
839 2986 873 3048 et
897 2980 943 3072 pii
976 2979 1083 3049 sancti
1108 2977 1251 3051 Abbatis
1279 2977 1394 3067 Panb,
1431 2986 1465 3047 et
1500 2980 1596 3047 trium

216 3090 459 3181 blacariorum,
487 3094 653 3187 totiusque
680 3092 772 3163 chori
799 3094 998 3167 Sanctorum
1024 3102 1174 3184 tuorum,
1210 3114 1349 3188 quorum
1376 3092 1533 3186 precibus
1561 3102 1598 3163 et

216 3205 534 3296 intercessionibus,
560 3211 722 3281 miserere
737 3212 1059 3300 omniumnostrum,
1077 3218 1111 3281 et
1124 3231 1188 3283 nos
1207 3230 1324 3281 omnes
1338 3206 1443 3281 libera
1457 3219 1596 3304 propter

217 3343 340 3394 nomeu
367 3332 459 3394 tuum
485 3333 635 3395 sanctum
663 3323 751 3418 quod
777 3328 968 3398 invocatum
994 3334 1048 3398 est
1074 3346 1273 3421 supernos.

320 3439 498 3511 Sacerdos
527 3447 671 3511 secreto.
725 3441 915 3533 Memento,
941 3442 1103 3531 Domine,
1138 3452 1268 3537 patmm
1294 3451 1329 3513 et
1354 3441 1493 3513 fratrum
1526 3463 1596 3513 no-

219 3564 361 3627 strorum
390 3559 445 3649 qui
472 3556 599 3652 pridem
628 3556 877 3630 obdormierant
903 3561 936 3629 in
962 3557 1028 3630 lide
1056 3556 1269 3629 Orthodoxa:
1298 3557 1338 3628 da
1359 3556 1423 3630 illis
1441 3556 1595 3629 omnihus

218 3676 379 3767 requiem,
402 3696 476 3743 cum
495 3675 618 3745 sanetis
631 3677 707 3763 tuis,
733 3684 855 3745 etcum
871 3677 912 3746 iis
929 3695 1068 3769 quorum
1081 3676 1216 3745 nomina
1232 3684 1492 3747 commemorata
1509 3684 1597 3745 sunt.

291 3816 295 3825 ·
322 3787 499 3860 Sacerdos
521 3795 603 3881 poet
627 3789 802 3883 Diptpcha
822 3792 922 3862 dicet.
956 3791 1147 3880 Memento,
1175 3790 1337 3881 Domine,
1366 3813 1481 3862 eorum
1503 3812 1596 3885 quo-

218 3923 290 3975 rum
318 3908 513 3977 memoriam
540 3905 680 3977 fecimus
706 3905 869 3997 fidelium,
905 3916 1083 3980 eteorum
1116 3927 1256 4002 quorum
1289 3918 1357 3979 hon
1389 3909 1597 3979 meminimus

221 4006 512 4113 Orthodoxornm,
539 4031 573 4093 et
599 4026 704 4094 nostri
731 4045 864 4119 quoque
891 4046 966 4095 cum
992 4022 1074 4114 illis,
1101 4023 1230 4096 obone
1255 4033 1402 4114 amator,
1428 4022 1596 4094 hominum

219 4132 325 4209 Dens,

327 4254 489 4347 Populos.
541 4254 702 4344 Remitte,
729 4278 851 4351 parce,
878 4254 1030 4328 condona
1053 4253 1171 4346 nobis,
1204 4255 1317 4345 Deus,
1348 4255 1493 4328 ollensas
1527 4276 1597 4325 no-

221 4379 310 4441 stras
340 4392 422 4464 quas
448 4376 671 4443 commisimus
698 4372 886 4445 voluntarie
914 4381 970 4443 aut
992 4370 1232 4462 involuntarie,
1260 4375 1406 4443 scienter
1420 4369 1478 4443 vel
1493 4373 1596 4462 igno-

222 4493 358 4556 ranter:
385 4486 549 4578 Domine,
577 4486 701 4558 dimitte
727 4488 802 4560 illas
828 4486 936 4560 nobis.

325 4599 509 4673 Sacerdos.
565 4603 616 4674 'lu
644 4625 681 4675 es
710 4607 796 4675 enim
822 4603 916 4676 Deus
942 4605 1137 4675 misericors
1174 4607 1230 4697 qui
1264 4625 1333 4674 non
1366 4605 1419 4673 vis
1453 4611 1596 4673 mortem

221 4720 426 4809 peccatone,
454 4718 515 4790 sed
541 4729 577 4789 nt
602 4730 820 4792 convertatur
846 4729 880 4791 et
904 4721 1010 4792 vivat.
1039 4718 1211 4792 Converte
1236 4740 1319 4809 nos,
1346 4718 1509 4808 Domine,
1535 4741 1599 4814 per

222 4831 358 4903 salutem
392 4843 494 4925 taam,
532 4843 565 4905 et
597 4834 653 4906 fac
689 4835 863 4908 nobiscnm
896 4835 1078 4908 secundmn
1111 4834 1294 4907 bonitatem
1330 4845 1436 4923 tuam,
1471 4844 1506 4905 tu
1541 4837 1597 4929 qni

222 4946 320 5019 elhcis
352 4947 448 5043 plura
483 4972 579 5043 quam
613 4954 756 5046 petimus
790 4961 847 5023 ant
880 4951 1111 5043 intelligimus:
1144 4961 1179 5022 ut
1211 4955 1244 5022 in
1271 4950 1357 5041 hoc,
1392 4953 1475 5023 sicut
1502 4954 1594 5021 etin

223 5062 393 5156 omnihus,
421 5064 641 5157 glorificetur,
669 5067 904 5160 benedicatur,
931 5080 965 5140 et
983 5067 1163 5141 extollatur
1181 5089 1303 5138 nomen
1319 5076 1408 5137 turim
1427 5089 1596 5159 magnum,

1306 5185 1389 5258 20*
