4525 6034
685 593 1103 673 Ll'llllldlbh
1545 600 1571 673 9

302 782 478 855 Socerdm
501 784 617 878 medat
642 804 747 853 moe
770 781 949 876 populeae,
976 781 1111 854 dicem:

300 898 453 973 Dextera
478 900 614 972 Domini
639 901 746 973 nostri
771 898 854 972 lesu
880 897 1023 986 Christi,
1049 908 1083 971 et
1108 896 1278 971 brachium
1295 902 1470 996 potestatis
1486 901 1571 992 ejus,

197 1024 232 1087 et
259 1015 390 1089 occnba
415 1020 522 1089 virtus
542 1017 726 1108 majestatis
753 1018 853 1108 aJus,
880 1036 968 1110 quae
994 1013 1125 1087 confert
1157 1038 1274 1089 omnes
1308 1013 1571 1104 benedictiones,

197 1142 232 1205 et
258 1135 372 1205 omnio
397 1133 485 1205 dona
510 1133 616 1204 vitae:
650 1133 724 1228 ipsa
757 1153 843 1227 quae
875 1132 1043 1226 requievit
1075 1152 1177 1227 super
1207 1131 1393 1229 Apostolos
1425 1141 1572 1221 sanctos,

198 1251 234 1319 in
261 1248 446 1322 coenaculo
474 1257 591 1323 sancto
617 1246 750 1336 Sionis,
778 1269 906 1343 eosque
933 1245 1169 1337 sanctificavit,
1201 1251 1295 1320 etin
1320 1258 1432 1320 monte
1459 1246 1576 1321 oliva-

197 1387 273 1437 rom
300 1366 363 1439 illis
389 1364 577 1453 benedixit,
604 1366 677 1460 ipsa
704 1368 839 1454 veniat,
872 1362 997 1436 habitet
1032 1372 1066 1435 et
1090 1367 1282 1459 requiescat
1314 1387 1416 1458 super
1450 1362 1572 1437 iratres

197 1502 297 1555 meos
322 1480 470 1554 lectores
496 1492 530 1553 et
555 1479 724 1554 auditores
751 1477 968 1571 (Evangelii)
999 1478 1231 1575 custodiatque
1266 1485 1443 1574 regionem
1475 1479 1573 1570 banc,

196 1606 231 1668 et
257 1618 377 1670 omnes
403 1596 520 1671 lideles
546 1599 580 1668 in
607 1619 650 1669 ea
676 1605 939 1683 commorantes,
967 1598 1136 1667 civitatem
1163 1596 1270 1685 banc,
1297 1606 1332 1668 et
1356 1594 1472 1668 fideles
1500 1599 1573 1689 ejus

98 1726 101 1733 '
196 1715 313 1803 cives;
339 1711 472 1786 beatam
498 1716 598 1785 etiam
622 1715 773 1807 requiem
798 1720 947 1809 praestet
972 1708 1124 1783 fidelibus
1158 1710 1323 1785 defunctis
1360 1715 1416 1807 qui
1451 1735 1497 1783 ex
1531 1735 1573 1784 ea

195 1829 344 1925 proiecti
369 1838 461 1917 sunt,
487 1827 671 1923 fidelesque
697 1831 854 1903 viventes
881 1830 937 1923 qui
962 1824 1111 1899 habitant
1142 1831 1178 1900 in
1210 1850 1252 1900 ea
1285 1850 1418 1924 semper
1451 1838 1573 1901 custo-

197 1944 282 2036 diat,
310 1968 417 2041 usque
442 1949 478 2017 in
503 1944 649 2019 saecrda

304 2062 465 2156 Populus.
516 2062 637 2136 Amen.

303 2178 487 2252 Sacerdos.
540 2176 709 2272 Tempore
735 2178 836 2269 igitur
869 2179 1138 2252 conversationis
1169 2180 1203 2248 iu
1234 2185 1323 2249 terra
1348 2176 1483 2248 Domini
1509 2176 1573 2248 Dei

194 2304 229 2367 et
259 2293 447 2367 salvatoris
472 2295 579 2366 nosui
604 2293 688 2364 lesu
715 2291 856 2386 Christi,
883 2305 969 2366 etc.-

302 2410 463 2502 Popolee.
516 2411 660 2483 Domine
687 2411 849 2482 miserere
875 2414 991 2484 nostri.

304 2527 380 2597 Hoc
406 2526 483 2597 loco
510 2524 665 2618 teanum
691 2525 884 2621 Evangelio
900 2531 1008 2618 jecto
1033 2526 1121 2598 diem
1148 2523 1449 2597 etaolerrmitolem.
1475 2522 1573 2594 Dia-

197 2665 307 2714 come
333 2645 427 2712 coeit
451 2663 584 2713 carum
608 2642 793 2735 simplicem
817 2642 1115 2737 prrueemticwre

306 2756 439 2831 Stemus
467 2779 584 2830 omnes
610 2760 644 2829 in
670 2762 824 2831 oratione
851 2781 966 2831 coram
991 2759 1067 2831 Deo
1102 2756 1329 2848 misericordi,
1365 2768 1400 2830 et
1433 2756 1575 2830 vocibus

199 2897 290 2970 purae
315 2877 378 2969 ipsi
404 2883 524 2966 gatae
550 2875 631 2965 sint,
658 2872 701 2946 ad
726 2874 835 2946 Deum
863 2874 959 2947 simul
986 2873 1176 2948 clamemus.
1236 2874 1409 2968 Rogemus
1441 2873 1575 2946 Patrem

199 2986 448 3078 absconditum,
480 2988 580 3061 lilium
608 2988 806 3062 laudandum
833 2998 867 3063 et
893 3000 1044 3064 sanctum
1070 2989 1293 3088 Spiritumque
1325 3000 1473 3063 sanctum
1500 2988 1575 3061 Pa-

198 3106 369 3194 raclitnm,
403 3114 440 3178 ut
472 3128 535 3202 per
565 3107 830 3179 misericordiam
862 3127 958 3179 suam
990 3109 1151 3203 suscipiat
1181 3105 1381 3180 oblationem
1414 3114 1574 3179 nostram.

199 3225 426 3300 Annnnciatio
452 3231 510 3295 tna
537 3244 625 3317 quae
650 3221 842 3318 praedicata
869 3232 922 3295 est
948 3224 1107 3310 Domine,
1134 3225 1168 3293 in
1185 3221 1294 3295 medio
1306 3221 1483 3304 Ecclesiae
1499 3228 1576 3291 tuae
1646 3314 1649 3321 .

202 3340 246 3412 ad
273 3360 414 3431 gregem
440 3348 549 3428 mum,
575 3338 772 3411 lermentnm
799 3342 842 3411 sit
868 3339 1038 3412 animabus
1064 3343 1205 3413 nostris:
1233 3349 1267 3410 et
1291 3359 1353 3433 per
1379 3358 1454 3411 eam
1475 3358 1576 3407 com-

202 3477 362 3553 paremus
389 3453 499 3526 cibum
525 3477 675 3529 suavem.
703 3454 909 3527 Sacerdotes
936 3457 991 3551 qui
1007 3453 1181 3548 legerunt,
1207 3456 1342 3528 veniam
1359 3472 1578 3546 consequan-

200 3583 271 3645 tur:
297 3573 441 3645 Diaconi
466 3575 540 3666 puri
566 3571 763 3645 efficiantur:
796 3569 999 3643 subdiaconi
1030 3578 1064 3643 et
1094 3571 1259 3644 Lectores
1286 3571 1469 3663 suscipiant
1496 3590 1516 3638 a
1543 3576 1576 3638 te

202 3690 446 3761 remissionem.
498 3686 630 3759 Revela
662 3690 805 3780 gratim
840 3697 929 3758 mam
960 3684 1124 3761 mentibus
1158 3689 1282 3760 nostris
1313 3707 1374 3781 per
1399 3684 1578 3758 lectionem

203 3805 467 3877 annunciadonis
492 3812 588 3893 tuae,
615 3813 649 3875 et
675 3800 840 3874 danobis
867 3802 1108 3876 observatores
1136 3825 1214 3877 esse
1240 3800 1470 3874 mandatorum
1495 3809 1577 3872 too-

203 3942 296 4010 rum,
324 3921 470 4014 quaein
496 3941 538 3990 ea
564 3928 641 3992 sunt
666 3922 873 4012 consignata.
899 3918 1101 4009 Matthaeus,
1126 3919 1262 3992 Marcus
1289 3941 1364 3990 cum
1382 3917 1487 4005 Luca,
1513 3938 1579 3988 nec

203 4057 272 4108 non
298 4057 374 4107 cum
399 4032 463 4106 illie
489 4033 616 4108 electum
642 4035 812 4126 loannes,
839 4035 1061 4132 deprecentur
1087 4047 1137 4108 te:
1164 4046 1198 4108 et
1223 4044 1358 4132 praesta
1379 4036 1577 4107 misericor-

204 4151 293 4223 diam
328 4158 418 4221 tuam
451 4171 535 4241 erga
568 4174 632 4226 nos
665 4173 792 4225 omnes.
849 4152 962 4227 Aures
996 4152 1180 4225 auditorum
1211 4153 1382 4224 docrinae
1414 4159 1508 4238 urae,
1544 4158 1578 4221 et

203 4267 357 4340 lectioms
384 4269 645 4342 annunciationis
672 4278 765 4357 mae,
791 4289 859 4341 non
886 4268 1020 4342 audiant
1045 4270 1188 4342 bomine
1213 4290 1335 4342 vocem
1358 4265 1463 4356 illam,
1491 4286 1578 4360 quae

204 4384 309 4480 pellet
332 4392 369 4454 et
394 4384 506 4473 ejiciet
531 4386 659 4481 impios,
710 4384 878 4480 Propitius
905 4393 979 4457 esto
1005 4386 1149 4457 Domine
1174 4384 1298 4483 populo
1325 4392 1382 4454 tuo
1410 4391 1444 4453 et
1468 4384 1577 4453 mise-

205 4522 285 4572 rere
311 4500 428 4593 gregis
454 4502 525 4587 tui,
552 4510 587 4571 et
612 4501 760 4596 triplices
786 4522 894 4576 voces
920 4500 1051 4593 gloriae
1078 4500 1256 4574 oderemus
1282 4498 1441 4577 Trinitau

310 4614 494 4687 Sacerdos.
554 4615 623 4713 lpsi
655 4616 739 4693 lesu
775 4615 907 4693 Christo
943 4615 1075 4704 laudes,
1117 4619 1301 4711 gratiarum
1335 4616 1502 4702 actiones,
1544 4621 1579 4685 et

207 4729 457 4806 benedictiones
483 4741 621 4827 propter
646 4735 719 4825 ejus
745 4737 826 4808 viva
854 4733 897 4807 ad
922 4754 986 4807 nos
1012 4730 1138 4807 verba:
1165 4733 1257 4806 Patri
1282 4734 1375 4826 ejus,
1409 4732 1465 4826 qui
1490 4731 1579 4801 misit

206 4870 283 4937 &11¹1
317 4847 361 4922 ad
395 4844 535 4922 salutem
567 4858 739 4925 nostram
775 4861 810 4923 et
834 4850 972 4949 Spiritui
1004 4851 1078 4943 eJus
1107 4852 1192 4925 vivo
1224 4859 1259 4924 et
1289 4858 1405 4925 sancto
1430 4868 1518 4920 nunc
1545 4854 1579 4919 et

207 4982 353 5062 semper.
