4525 6034
463 605 515 681 llll
537 604 777 682 GOPTllARUll
793 600 1136 680 AlEllANDRlllORUll
1153 598 1346 676 hllURGllS.
1468 593 1593 668 XCVII

207 795 372 888 lenisse,
407 794 613 867 demonstrat
637 790 863 863 Ecclesiamm
891 792 1034 861 omnium
1061 785 1275 860 Orientalium
1306 783 1496 881 disciplina,
1530 805 1592 856 se-

232 913 371 984 eundum
405 933 503 1005 quam
535 912 569 979 in
601 911 676 1006 ipso
711 906 1007 980 distribuendorum
1045 906 1284 1001 mysteriorum
1316 911 1486 974 momento
1526 921 1593 972 non

230 1029 328 1100 modo
360 1026 477 1098 eadem
512 1025 620 1098 lorma
655 1034 820 1115 servann,
855 1023 916 1098 sed
951 1022 993 1095 de
1020 1019 1171 1095 omnihus
1203 1042 1310 1116 prope
1344 1018 1421 1091 lidei
1448 1014 1592 1089 articulis

230 1146 377 1237 exigitur
403 1140 581 1215 confessio.
608 1140 719 1229 Primo
745 1143 832 1211 enim
859 1139 923 1211 dici
949 1141 1167 1236 praecipiunt,
1200 1137 1292 1209 Unus
1310 1137 1420 1207 Pater
1445 1139 1591 1218 cunctere,

227 1266 292 1331 etc.
325 1281 413 1354 quae
445 1259 488 1328 ad
514 1258 683 1329 Trinitatis
717 1255 814 1328 fidem
848 1259 1030 1353 pertinent:
1066 1263 1100 1333 et
1132 1254 1175 1325 de
1207 1255 1350 1325 veritate
1382 1253 1533 1346 eorporis
1560 1260 1594 1322 et

227 1378 401 1468 sanguinis
417 1372 538 1447 Christi
564 1377 599 1445 in
624 1371 830 1445 Eucharistia
865 1360 939 1444 talis
967 1381 1017 1444 est
1044 1368 1225 1459 confessio,
1251 1378 1288 1441 ut
1313 1371 1412 1440 etiam
1439 1386 1524 1463 qnae
1551 1364 1592 1436 ad

225 1489 466 1563 lucar-nationis
492 1492 684 1585 mysterium
712 1498 863 1584 spectant
888 1489 1134 1583 complectatur.

332 1604 490 1679 XXXVI.
524 1607 620 1692 Quae
655 1614 764 1677 autem
797 1607 882 1676 ratio
914 1604 1014 1676 fuerit
1045 1626 1157 1677 novae
1187 1605 1280 1676 istius
1318 1600 1521 1696 disciplinae,
1548 1623 1593 1671 ex
1625 1611 1775 1677 Coniectura
1790 1614 1821 1666 de
1835 1612 1910 1665 adti-

227 1722 366 1796 hisloria
393 1721 534 1818 quidem,
561 1732 618 1793 ant
644 1731 793 1793 aetorum
815 1720 1129 1793 Ecclesiasticorum
1155 1720 1373 1792 monumentis
1390 1740 1459 1789 non
1483 1715 1594 1788 habe·
1607 1702 1677 1751 “⁰¹¹⁰
1693 1698 1744 1751 5¹¹⁸·

227 1859 313 1931 mus,
341 1838 404 1913 sed
431 1861 478 1910 ex
513 1840 703 1930 conjectura
735 1837 768 1909 id
794 1845 887 1910 certo
919 1837 1058 1910 consilio
1097 1837 1218 1908 iactum
1244 1834 1348 1908 inisse
1374 1833 1593 1927 intelligimus.

228 1954 363 2052 Nempe
388 1954 516 2027 turbata
543 1963 578 2026 et
610 1976 672 2051 per
698 1975 804 2026 annos
839 1954 1012 2050 plusquam
1038 1953 1197 2027 ducentos
1229 1955 1351 2045 agitata
1377 1973 1452 2023 cum
1477 1948 1595 2022 inisset

226 2069 383 2144 Ecclesia
409 2070 638 2143 Alexandrina
663 2093 725 2166 per
741 2069 1050 2166 Monophysitarum
1077 2070 1268 2158 seditiones,
1296 2089 1378 2163 qnos
1405 2090 1479 2138 cum
1497 2066 1595 2137 Mar-

228 2190 346 2260 cianus
382 2198 416 2259 et
448 2187 579 2281 quidam
614 2188 670 2258 alii
700 2188 923 2283 Imperatores
959 2185 1157 2276 Orthodoxi,
1187 2184 1318 2278 legibus
1354 2193 1389 2255 et
1422 2184 1596 2254 autoritate

228 2324 449 2401 compescere
474 2307 535 2376 vix
559 2306 757 2400 potuissent,
784 2304 1000 2394 (Anastasius
1027 2305 1125 2392 enim,
1152 2302 1224 2375 Leo
1251 2300 1366 2373 etalii
1390 2319 1595 2394 magnopere

228 2418 296 2492 illis
322 2419 489 2508 faverant,
525 2431 559 2493 et
585 2422 670 2491 inter
703 2419 792 2492 helle
820 2419 931 2493 civilia
956 2423 1194 2491 incrementum
1220 2442 1276 2492 res
1303 2440 1420 2491 eorum
1446 2438 1595 2511 accepe-

227 2536 338 2627 rant)
365 2536 442 2608 illos
467 2533 700 2608 birrbamedani
726 2559 826 2633 snpra
853 2535 1065 2610 Orthodoxos
1092 2536 1288 2609 extulerunt.
1324 2536 1374 2607 lta
1399 2533 1534 2624 lactum,
1559 2540 1596 2604 ut

230 2650 563 2726 aCalchedonensis
600 2652 741 2725 Concilii
781 2662 930 2749 tempore
974 2656 1035 2726 vix
1060 2650 1215 2725 Ecclesia
1240 2650 1469 2724 Alexandrina
1495 2651 1595 2744 quie-

227 2771 339 2858 verit,
371 2770 525 2863 mistique
556 2780 651 2841 erant
685 2793 759 2840 cnm
787 2768 991 2844 Orthodoxis
1018 2767 1289 2867 Monophysitae,
1324 2791 1462 2862 qnorum
1497 2771 1595 2838 etiam

228 2883 344 2979 plnres
371 2870 494 2976 erant,
531 2884 752 2980 diversaeque
786 2884 960 2958 sactiones.
1012 2883 1067 2957 Ab
1100 2884 1164 2958 illis
1189 2888 1289 2977 igitur
1316 2888 1370 2980 qni
1397 2882 1594 2956 Cathedram

228 3000 505 3092 Alexandrinam,
530 3009 566 3072 nt
591 3001 748 3074 Dioscori
775 3024 991 3075 successores
1018 3012 1052 3074 et
1078 3000 1226 3098 discipuli
1254 3009 1502 3097 occupaverunt
1534 3019 1596 3093 per

230 3116 343 3191 scelus
378 3128 412 3189 et
437 3117 651 3211 seditionem,
678 3116 738 3191 sub
776 3118 980 3191 Orthodoxis
1013 3117 1289 3214 Imperatorihus3
1317 3121 1489 3190 autoritate
1516 3115 1594 3212 ry-

228 3235 368 3303 rannica
394 3232 456 3307 sub
470 3232 731 3325 Mubamedanis,
758 3237 937 3308 institutum
949 3234 1092 3325 videtur,
1117 3246 1154 3307 ut
1178 3258 1240 3333 per
1266 3235 1371 3308 iirsius
1397 3234 1596 3330 explicatam

228 3347 309 3419 fidei
335 3346 604 3443 confessionem,
632 3373 716 3447 quae
742 3352 836 3424 lieret
861 3354 895 3422 in
921 3355 994 3447 ipsa
1020 3351 1250 3425 Eucharistiae
1272 3330 1511 3442 distributione,
1538 3350 1595 3422 di-

230 3476 476 3557 gnoscerentur
507 3467 765 3564 Monophysitae
790 3471 943 3561 genuini,
976 3490 1043 3540 non
1067 3468 1168 3542 modo
1196 3468 1237 3541 ah
1266 3468 1481 3558 Orthodoxis,
1509 3466 1595 3542 car-

231 3579 453 3655 chedonensis
485 3583 627 3656 Concilii
664 3584 810 3656 Decreta
847 3584 1138 3681 amplectentibus,
1173 3579 1291 3660 uerum
1323 3595 1357 3657 et
1396 3609 1416 3656 a
1452 3584 1596 3657 diversis

232 3697 320 3788 aliis,
354 3721 438 3794 quos
470 3720 534 3771 nec
568 3699 717 3793 ejusdem
746 3696 885 3773 Concilii
912 3699 1100 3792 detestatio,
1133 3726 1196 3776 nea
1223 3706 1319 3776 unius
1344 3713 1482 3774 natiuae
1507 3724 1596 3796 pro-

231 3813 362 3905 fessio,
399 3839 419 3886 ιι
452 3820 622 3912 puriorum
658 3816 788 3890 illorum
821 3815 1130 3914 Menophysitarnm
1163 3820 1369 3893 anathemate
1403 3818 1596 3916 praestabat

233 3934 405 4005 immunes.
439 3933 541 4006 Tales
576 3942 671 4005 erant
697 3933 877 4031 Aeephali,
910 3937 1158 4028 Barsanuliani,
1192 3935 1312 4008 Juliani
1350 3937 1597 4010 Halicarnassei

235 4057 433 4139 sectatores,
459 4048 685 4142 Semidalitae,
712 4060 746 4122 et
772 4052 902 4147 quidam
936 4053 1003 4143 alii,
1037 4075 1176 4148 quom
1202 4051 1336 4125 historia
1362 4050 1596 4124 Patriarchalis

233 4166 391 4254 meminit,
418 4168 539 4260 quique
565 4165 683 4238 dudum
711 4170 846 4240 extincti
872 4180 959 4261 sunt,
986 4170 1046 4244 sed
1072 4173 1228 4243 nonnisi
1254 4180 1330 4266 post
1355 4168 1595 4242 Muhamedana

235 4288 397 4374 tempora.

339 4397 510 4471 XXXVlI.
544 4398 610 4470 Per
638 4421 741 4473 annos
773 4398 881 4497 prope
908 4412 1038 4474 centum
1057 4401 1251 4475 ,orthodoxi
1276 4426 1343 4475 non
1368 4402 1466 4475 modo
1492 4402 1598 4474 nullas
1611 4413 1689 4465 Facta
1699 4415 1801 4467 vitetur
1815 4414 1847 4466 ad
1860 4413 1915 4466 ‹tis—

233 4511 407 4585 Ecelesias
421 4512 617 4590 „habuerunt
642 4515 882 4610 Alexandriae,
909 4530 942 4592 et
967 4523 1000 4591 in
1027 4530 1096 4594 tota
1122 4521 1305 4616 Aegypt03
1339 4520 1400 4591 sed
1432 4542 1475 4591 ne
1508 4512 1597 4613 Epi·
1612 4500 1897 4556 ⁰⁸m⁰¹¹d⁰³¹³⁶⁰b¹m

237 4652 361 4726 scopos
388 4631 531 4726 quidem,
558 4634 779 4707 tantummodo
806 4634 1021 4726 Sacerdotes,
1047 4639 1102 4732 qui
1129 4658 1252 4729 magno
1288 4658 1349 4708 suo
1376 4635 1524 4731 periculo
1552 4659 1598 4708 ex

237 4744 379 4819 Graecia
407 4748 643 4821 ordinationem
667 4750 835 4846 petebant.
886 4751 1062 4826 Adversus
1095 4776 1155 4825 eos
1187 4762 1276 4824 tanta
1308 4751 1370 4823 fuit
1394 4752 1597 4825 Haeretica-

235 4884 308 4933 rum
335 4866 493 4955 saevitia,
528 4876 564 4937 ut
587 4864 758 4962 Episcopo
792 4868 921 4941 cuidam
946 4868 1122 4942 Melchitae
1150 4872 1223 4941 sive
1251 4868 1447 4942 Orthodoxo
1475 4869 1596 4961 digitos

237 4982 397 5073 amputari
422 5004 484 5077 per
509 4980 643 5055 Arabes
668 4982 819 5075 fecerint,
845 4994 882 5057 ut
907 4989 1012 5058 sacris
1031 4990 1218 5060 ministeriis
1235 4988 1355 5060 inutilis
1381 4988 1480 5077 leret,
1507 4986 1596 5083 quod

235 5097 384 5190 ipsorum
410 5097 568 5190 historici,
594 5098 687 5173 velut
713 5100 907 5199 obsequium
933 5102 1007 5175 Deo
1034 5106 1244 5200 praestitum,
1270 5108 1303 5175 in
1329 5104 1441 5177 literas
1467 5107 1596 5176 mittere
1632 5146 1637 5156 ·

288 5236 402 5279 rammi.
1059 5282 1062 5290 ,
1349 5222 1397 5294 13
