4525 6034
554 590 606 664 lb
630 586 838 665 inmolant
859 584 1052 663 COPTICAM
1074 586 1104 663 S.
1123 585 1269 663 BASILII.
1527 586 1600 661 167

225 773 305 836 loco.
354 773 438 834 Deus
464 774 586 851 matius
615 772 758 850 iareim,
794 777 850 832 etc.
886 787 986 851 neque
1025 771 1104 833 enim
1134 769 1192 833 ulia
1225 772 1323 833 oratio
1357 771 1600 851 praeparationis

226 872 360 933 occurrit
389 871 420 932 in
443 868 556 933 Codice
579 869 791 951 Scaligerano,
828 887 918 950 quent
945 869 1094 933 blaronita
1117 876 1240 932 secutus
1263 877 1328 947 est,
1352 886 1409 931 nec
1431 871 1462 931 in
1484 878 1602 949 nostro,

228 987 286 1031 nec
309 970 339 1030 in
360 967 464 1051 Regiis
487 977 548 1031 tum
572 969 700 1049 antiquis
729 976 791 1029 tum
813 969 1045 1031 recentioribus.
1090 967 1256 1030 Observari
1285 985 1406 1049 quoque
1428 975 1549 1048 oportet
1572 976 1602 1032 et

227 1069 259 1133 iu
280 1067 351 1147 ista,
375 1075 406 1129 et
428 1069 458 1129 in
480 1067 547 1130 aliis
570 1067 757 1130 orationibus
779 1067 952 1147 vertendis,
982 1084 1044 1130 nou
1066 1075 1183 1129 temere
1204 1084 1261 1129 nos
1285 1065 1322 1129 ab
1345 1066 1513 1147 interprete
1534 1067 1603 1131 lla-

221 1168 321 1229 ronita
344 1167 529 1248 recessisse,
558 1168 609 1247 qui
639 1165 722 1247 quod
751 1165 882 1228 Arabica
914 1165 980 1229 sola
1009 1165 1136 1228 haberet
1158 1184 1232 1246 prae
1255 1165 1366 1245 oculis,
1389 1183 1485 1248 saepe
1507 1184 1602 1229 voces

219 1268 319 1328 murus
350 1267 491 1346 proprias
522 1264 671 1328 adhibuit:
702 1273 735 1327 ut
763 1282 830 1326 cum
859 1264 951 1326 vertit
973 1283 1160 1345 aeptamur
1180 1264 1239 1326 ltoa
1260 1284 1381 1341 mass,
1410 1283 1477 1327 cum
1508 1266 1548 1328 sit
1570 1268 1601 1327 in

218 1364 362 1448 originali
383 1359 547 1427 Arenaria
569 1383 647 1446 quae
670 1364 796 1445 proprie
826 1364 1022 1425 ministerium
1051 1363 1238 1444 Liturgicum
1259 1363 1419 1447 significat.
1466 1363 1602 1425 Hostiam

219 1460 441 1525 benedictionis
461 1459 524 1526 τοῦ
545 1460 755 1542 θυσιασμοῦ.
772 1462 976 1541 θσαίβοίιιηι,
998 1463 1083 1525 etita
1105 1480 1242 1543 semper:
1265 1479 1333 1523 nam
1356 1463 1455 1527 bostia
1469 1480 1530 1526 non
1554 1470 1602 1526 est

219 1560 412 1626 sacrificium.
457 1561 538 1625 Male
560 1564 650 1625 etiam
674 1579 801 1643 prorsus
823 1568 853 1623 in
876 1561 936 1624 line
958 1561 1142 1643 doxologice
1163 1563 1270 1638 vertit,
1302 1570 1331 1624 ct
1350 1561 1467 1643 Spiritu
1494 1570 1602 1625 sancta

217 1661 411 1739 vivificam
433 1662 486 1742 qui
506 1661 644 1742 aequai's
665 1669 713 1724 est
732 1662 804 1723 tibi.-
831 1679 898 1723 nam
921 1660 970 1723 bic
999 1670 1031 1724 et
1059 1660 1130 1722 alibi
1153 1659 1291 1740 Coptitae
1314 1678 1436 1741 semper
1458 1659 1602 1723 adhibent

214 1745 252 1821 τό
269 1746 449 1836 ἰμοοὺσιον
470 1746 662 1837 νομοοέσιος
681 1778 818 1839 repperi,
838 1760 1089 1823 conmbstanriali
1110 1768 1217 1837 taeun,
1239 1777 1307 1821 curn
1322 1777 1442 1838 sensus,
1465 1759 1603 1840 aequalis

217 1865 249 1919 ct
267 1857 540 1919 eonwbstantialis
552 1859 613 1920 sint
635 1875 820 1939 magnopere
833 1857 955 1921 diversi.
990 1857 1066 1921 lllud
1080 1874 1157 1921 vero
1180 1874 1198 1920 a
1220 1857 1318 1921 multis
1341 1857 1407 1920 aliis
1423 1857 1601 1938 interpreti-

216 1954 273 2018 bus
297 1962 460 2037 peccatum
483 1955 645 2019 admissum
673 1966 739 2035 est,
768 1956 838 2019 dum
869 1959 1033 2021 verborum
1055 1958 1205 2038 Syrorum
1228 1964 1259 2019 et
1280 1956 1480 2019 Arabicarum
1502 1956 1602 2038 origi-

217 2071 285 2117 nem
316 2055 413 2136 magis
436 2073 526 2137 quam
547 2056 727 2119 seutentiam
749 2056 952 2119 attenderunt.

634 2316 756 2388 Oratio
786 2318 985 2388 Gratiarum
1010 2317 1180 2389 Aetionis.
1649 2344 1780 2398 nata.

323 2520 390 2598 Jnrs
414 2536 559 2615 incipiunt
581 2538 747 2617 orationes,
771 2556 896 2618 quarum
918 2538 1031 2618 prima,
1063 2536 1229 2600 seeundum
1259 2534 1412 2599 Canonem
1443 2555 1484 2600 er
1505 2535 1602 2599 Dida·
1670 2529 1758 2588 ontio
1785 2530 1926 2587 dutum

224 2636 317 2700 realia
341 2653 400 2697 seu
416 2633 686 2699 Constitutionibus
709 2636 895 2717 Apostolicis
914 2635 1081 2700 Ebnassalo
1104 2635 1242 2716 relatum,
1265 2637 1342 2699 baec
1364 2643 1421 2699 est.
1464 2635 1603 2717 Incipiet,
1616 2620 1731 2673 ¹⁰⁶⁰&-

223 2736 329 2817 inquit,
354 2734 511 2797 Sacerdos
532 2735 688 2797 celebrans
714 2736 755 2797 ab
777 2738 917 2798 manate
938 2737 1115 2798 Gratiarum
1138 2737 1279 2812 maenia
1304 2755 1395 2817 msam
1413 2736 1604 2816 posnnadum

224 2842 367 2915 sequeitur
395 2852 507 2896 sacrae
527 2833 707 2914 &Aptuca
727 2836 945 2915 interpretatio.
993 2835 1037 2897 lta
1059 2842 1187 2898 vocatur
1209 2834 1286 2896 haec
1308 2835 1423 2913 oratio,
1447 2834 1485 2896 ob
1507 2835 1604 2916 prima

223 2932 319 3015 ipsius
342 2932 449 2997 rerba.
494 2931 678 2995 Gravissima
701 2940 802 2996 autem
824 2934 937 2997 erravit
959 2934 1123 3013 Maronita,
1152 2932 1222 2995 dum
1249 2933 1340 2997 vertit
1364 2931 1540 2995 orunmaem
1562 2933 1605 2994 ad

226 3033 379 3114 &udan
400 3031 483 3094 nullo
506 3049 615 3094 sensu:
644 3050 711 3094 uam
740 3026 866 3113 Coptica
896 3039 927 3096 at
948 3033 1080 3096 Arabica
1110 3051 1172 3095 vox
1198 3032 1271 3095 nihil
1293 3032 1391 3094 minus
1412 3032 1602 3115 significant:

225 3139 255 3195 et
277 3140 312 3195 ut
335 3151 377 3194 er
399 3138 489 3193 antea
511 3131 682 3195 observatis
705 3131 894 3194 manifestum
917 3141 981 3211 est,
1011 3132 1162 3197 Sacerdos
1190 3132 1370 3195 restituente
1387 3132 1450 3213 jam
1472 3132 1602 3212 accepit,

224 3239 317 3311 atque
340 3230 420 3292 adeo
443 3230 606 3313 cingulum,
630 3231 750 3311 quando
774 3230 850 3293 banc
873 3233 1040 3295 orationem
1070 3233 1260 3314 pronunciat.
1304 3231 1451 3312 Adjunxit
1473 3247 1512 3291 eo
1534 3229 1603 3291 loco

224 3337 254 3393 et
277 3329 346 3391 aliis
360 3329 398 3391 ad
414 3330 580 3412 marginem
593 3329 711 3392 Graeca
736 3330 883 3411 quaedam
901 3340 933 3394 ut
956 3318 976 3395 ὁ
994 3319 1125 3418 Ἱερεύς,
1144 3321 1162 3392 r‘
1175 3316 1283 3406 Λαός,
1294 3336 1355 3395 etc.
1372 3314 1604 3413 προςεύξασθε

226 3446 303 3509 quae
313 3426 462 3491 formulae
476 3429 534 3491 nisi
547 3428 755 3508 explicentur,
771 3447 831 3510 quo
848 3432 1020 3511 pertineant
1040 3432 1072 3492 in
1094 3429 1225 3492 obscuro
1249 3436 1307 3493 est.
1353 3429 1469 3490 Primae
1485 3427 1605 3508 quidem

225 3527 298 3589 nibil
313 3526 395 3589 aliud
410 3534 480 3590 sunt
494 3545 582 3608 quam
596 3546 636 3590 ex
654 3529 776 3610 antiqua
792 3528 894 3610 lingua
910 3529 1111 3612 quaeGraeca
1125 3527 1191 3608 luit,
1203 3527 1345 3591 indicatio
1358 3545 1462 3591 earum
1476 3527 1605 3607 partium

191 3640 200 3650 ’
227 3644 307 3708 quae
330 3644 348 3687 a
373 3624 558 3704 Sacerdote,
580 3626 732 3707 Diacono,
760 3628 872 3709 populo
901 3628 1047 3692 dicendae
1071 3635 1168 3690 erant.
1215 3625 1421 3690 Secundarum
1444 3624 1502 3687 alia
1524 3626 1603 3687 ratio

226 3733 287 3789 est:
312 3743 383 3787 nam
405 3725 593 3789 hortationes
615 3734 685 3790 sunt
708 3736 739 3790 et
761 3728 1009 3791 commonitiones
1024 3728 1152 3791 Diaconi
1173 3726 1211 3790 ad
1225 3726 1368 3807 populum
1391 3732 1424 3787 ut
1445 3731 1523 3803 oret,
1546 3724 1605 3786 de-

227 3826 346 3908 signata
372 3824 460 3887 simul
483 3843 583 3888 causa
628 3825 703 3888 Cum
726 3843 802 3890 vero
825 3845 865 3890 ex
889 3829 1037 3888 communi
1066 3826 1147 3889 illius
1169 3825 1292 3907 linguae
1315 3824 1396 3906 apud
1417 3821 1605 3886 Alexandri·
1715 3819 1720 3829 '

226 3942 283 3987 nos
314 3942 373 3986 usu
401 3924 479 3987 haec
508 3942 605 4005 pauca
634 3925 729 3989 verba
757 3945 836 4007 quae
870 3925 1004 4006 quotidie
1033 3927 1064 3987 in
1091 3924 1240 3988 Ecclesiis
1254 3922 1470 3987 'audiebantur
1500 3940 1604 3986 omnes

225 4023 452 4107 intelligerent,
484 4033 664 4089 conservata
687 4025 810 4089 luerunt
832 4028 921 4089 etiam
945 4028 976 4088 in
1000 4025 1127 4106 Coptica
1149 4024 1299 4104 liturgia:
1330 4024 1495 4104 praecipue
1518 4021 1605 4084 cele-

226 4118 380 4187 berrimae
402 4122 473 4187 illae
496 4124 534 4188 de
557 4124 665 4207 quibus
688 4125 767 4188 inira
788 4124 915 4190 dicetur.
959 4126 1061 4205 Atque
1091 4123 1142 4186 vel
1170 4141 1211 4185 ex
1231 4121 1290 4186 boc
1312 4123 1402 4184 unico
1425 4129 1604 4203 argumento

228 4218 453 4284 demonstratur
475 4224 563 4307 on'go
586 4223 702 4287 Graeca
732 4223 927 4306 Copticorum
949 4226 1072 4299 rituum,
1102 4224 1192 4285 etiam
1223 4222 1250 4283 si
1277 4220 1387 4283 multae
1419 4219 1496 4280 aliae
1525 4216 1605 4279 illius

228 4319 356 4401 originis
378 4321 574 4401 probationes
596 4340 657 4385 non
679 4331 888 4405 suppeterent.
934 4326 1039 4389 Statim
1061 4324 1153 4405 igitur
1175 4328 1245 4403 past
1268 4321 1393 4402 primam
1415 4319 1499 4381 istius
1523 4314 1605 4377 Ora-

228 4418 317 4480 tionis
329 4418 500 4501 periodum,
523 4420 674 4484 Diaconus
692 4421 765 4485 dicit
777 4410 1016 4508 Προςεὺξασθε
1030 4422 1136 4497 Orate,
1159 4428 1190 4484 et
1204 4427 1236 4483 ut
1250 4421 1281 4482 in
1298 4418 1364 4481 aliis
1378 4414 1532 4480 codicibus
1547 4406 1606 4489 Εἰς

227 4502 396 4591 ἇνατολᾶς
421 4514 576 4597 dieasse:
604 4522 648 4583 ad
675 4520 828 4584 Martem
854 4524 1011 4603 adspicite.
1057 4521 1085 4584 ls
1113 4522 1193 4584 enim
1216 4517 1437 4600 antiquissimus
1457 4513 1606 4578 Christia-

228 4631 338 4677 norum
361 4634 427 4680 mos
451 4626 509 4697 est,
532 4619 632 4681 multis
647 4621 802 4705 liturgiae
825 4621 901 4684 locis
920 4622 1124 4699 confirmatus,
1147 4627 1179 4683 et
1201 4618 1329 4699 dequo,
1352 4621 1476 4698 praeter
1490 4612 1604 4675 infinita

229 4716 420 4796 antiquorum
443 4718 611 4781 testimonia
636 4720 821 4782 Graecorum
843 4729 875 4784 et
896 4720 1086 4798 Latinorum,
1114 4725 1220 4782 extant
1241 4715 1332 4779 multa
1356 4712 1435 4795 apud
1458 4713 1606 4776 Severum

229 4812 386 4894 Opuseulo
410 4815 448 4878 de
469 4817 635 4882 Exercitiis
659 4818 913 4897 Christianorum,
941 4817 1140 4881 Ebnassalum
1163 4816 1202 4879 de
1224 4815 1387 4890 Oratione,
1408 4809 1604 4884 Abulbircat3

228 4910 377 4977 dotorem
407 4915 552 4979 scientiae
574 4915 827 4983 Ecclesiasticus:
859 4936 1025 5000 anonymos
1053 4918 1156 4980 varios
1185 4923 1216 4978 et
1246 4913 1457 4976 Nestorianum
1481 4910 1605 4972 Amrum

227 5009 358 5076 llatbaei
380 5012 482 5078 lilium

262 5174 375 5217 reunsi
1349 5151 1397 5225 37
