4525 6034
676 558 755 631 490
963 556 1325 636 intonari
1378 554 1758 634 conubiis

677 754 747 832 tas,
774 747 908 840 aspexit
933 747 967 817 in
994 743 1144 834 coelum,
1171 743 1213 816 ad
1240 754 1274 815 te
1302 744 1436 815 Patrum
1463 764 1576 831 suum,
1603 745 1731 834 gratias
1757 743 1845 833 egit,
1870 737 2037 829 benedixit,

677 858 916 951 sanctificavit,
943 871 977 933 et
1003 859 1094 932 dedit
1118 857 1290 955 discipulis
1317 861 1387 932 suis
1422 858 1552 931 dicens:
1587 860 1746 953 accipite,
1782 856 1975 929 manducate
1998 879 2038 929 ex

678 998 721 1047 eo
749 998 814 1049 vos
841 997 974 1049 omnes:
1001 974 1064 1046 llic
1089 977 1185 1070 panis
1212 985 1265 1047 est
1291 996 1415 1071 corpus
1441 996 1572 1062 meum,
1599 971 1688 1067 quod
1722 992 1786 1066 pro
1820 972 1919 1046 vobis
1949 971 2037 1045 fran-

677 1090 767 1180 gitur
793 1094 826 1161 in
853 1093 1086 1165 remissionem
1107 1099 1334 1185 peccatorum.
1359 1091 1480 1162 Amen.
1701 1168 1708 1186 :

782 1206 945 1299 Populos.
971 1206 1092 1280 Amen.
1118 1206 1239 1278 Amen.
1266 1206 1387 1279 Amen
1421 1204 1596 1277 Credimus
1631 1215 1666 1277 et
1695 1207 1779 1286 certi
1811 1224 1939 1293 snmus,
1968 1201 2040 1274 lan-

678 1320 794 1393 damus
822 1332 855 1394 te
881 1322 1026 1394 Domine
1052 1319 1146 1393 Deus
1171 1330 1304 1413 noster,
1330 1320 1395 1393 boc
1422 1329 1597 1410 escere,
1623 1322 1729 1391 etita
1755 1317 1939 1405 credimus,
1963 1340 2040 1389 cor-

677 1458 740 1531 pus
767 1447 867 1509 tuum.

782 1553 967 1626 Sacerdos.
993 1550 1154 1624 Similiter
1178 1551 1317 1624 calicem
1344 1555 1525 1644 gratiarum
1552 1554 1692 1623 actionis
1718 1549 1890 1623 benedixit
1911 1558 1943 1619 et
1965 1569 2042 1618 san-

679 1666 837 1740 ctificavit
863 1678 898 1738 et
930 1667 1013 1739 dixit
1039 1666 1118 1740 illis:
1152 1671 1312 1762 accipite,
1347 1665 1451 1739 bibite
1484 1690 1531 1739 ex
1563 1689 1606 1739 ec
1638 1687 1704 1739 vos
1731 1688 1858 1739 omnes.
1910 1664 1970 1736 Hic
1994 1671 2042 1733 est

679 1783 770 1855 calix
792 1785 962 1887 sanguinis
981 1786 1059 1874 mei,
1086 1786 1142 1877 qui
1168 1804 1230 1877 pro
1257 1780 1358 1856 vobis
1386 1782 1581 1871 effundetur,
1607 1804 1669 1877 pro
1696 1781 1903 1854 redemtione
1927 1777 2043 1850 multo·

579 1900 585 1915 '
678 1920 760 1970 rum.
786 1901 907 1973 Amen.

782 2012 937 2106 Populus
963 2013 1010 2083 od
1036 2013 1186 2085 Calicem
1211 2015 1313 2085 dicct,
1347 2016 1468 2087 Amen.
1496 2013 1588 2086 Vere
1616 2022 1668 2089 est
1695 2018 1834 2107 sanguis
1855 2025 1942 2104 tuus,
1966 2033 2041 2083 cre·

682 2127 967 2303 dlmusSocerdos.
993 2229 1038 2302 Et
1065 2234 1337 2328 quotiescumque
1363 2233 1398 2304 id
1425 2231 1573 2306 feceritis
1600 2236 1796 2305 memoriam
1823 2235 1888 2304 mei
1913 2229 2041 2302 fidelis·

783 2345 945 2439 Populos.
973 2344 1116 2419 Mortem
1143 2359 1233 2420 tuam
1261 2351 1490 2422 annuntiamus
1516 2347 1679 2437 Domine,
1714 2357 1749 2418 et
1774 2349 2042 2420 resurrectionem

680 2473 767 2536 tuam
801 2472 949 2536 sanctam
982 2462 1170 2552 credimus,
1198 2469 1429 2536 ascensionem
1465 2475 1556 2537 tuam
1589 2474 1623 2535 et
1658 2464 1838 2535 adventum
1869 2472 1954 2533 tuum
1987 2480 2042 2532 se-

680 2578 836 2650 cundum:
869 2598 1028 2670 rogamus
1064 2590 1098 2650 te
1125 2579 1269 2651 Domine
1295 2578 1388 2653 Deus
1415 2589 1547 2654 noster:
1574 2578 1638 2653 boc
1672 2601 1756 2651 vere
1784 2581 1830 2651 ita
1861 2599 1937 2651 esse
1968 2597 2042 2647 cre-

681 2694 797 2766 dimus.
985 2790 989 2793 -

784 2808 968 2880 Sacerdos.
995 2807 1091 2880 Nunc
1120 2811 1218 2881 etiam
1245 2809 1388 2882 Domine
1414 2813 1610 2883 memoriam
1628 2821 1770 2903 agentes
1789 2812 1905 2882 mortis
1932 2815 1963 2879 et
1987 2829 2040 2877 re-

680 2926 896 2998 surrectionis
923 2934 1020 3015 tuae,
1054 2922 1222 2998 offerimus
1249 2924 1307 2998 tibi
1333 2924 1420 2998 bunc
1446 2948 1568 3021 panem
1595 2936 1630 2998 et
1653 2925 1740 2998 bunc
1775 2924 1932 2998 calicem:
1965 2945 2040 3016 gra·

679 3044 743 3112 tias
771 3050 911 3132 agentes
940 3038 1018 3129 tihi,
1046 3040 1136 3136 quod
1161 3038 1223 3136 pe'r
1250 3064 1292 3112 ea
1319 3041 1439 3135 dignos
1475 3041 1583 3115 iecisti
1619 3044 1682 3114 nos
1718 3041 1828 3115 standi
1868 3062 1979 3113 coram
2000 3047 2039 3126 tc,

678 3156 804 3253 tibique
831 3155 1042 3229 sacerdotale
1076 3158 1292 3229 ministerium
1324 3155 1513 3229 exhibendi.
1549 3158 1608 3232 14.
1634 3156 1809 3250 Rogamus
1845 3166 1878 3229 te
1912 3156 2040 3229 Domine

679 3280 714 3342 et
747 3271 965 3368 deprecamur
997 3281 1049 3361 te,
1088 3280 1125 3342 ut
1156 3275 1266 3344 mittas
1298 3282 1447 3345 sanctum
1482 3272 1658 3369 Spiritum,
1698 3280 1732 3344 et
1764 3277 1921 3346 virtutem
1954 3293 2040 3369 snper

679 3386 766 3460 bunc
792 3409 929 3482 ponem,
957 3396 991 3458 et
1022 3409 1123 3483 super
1158 3384 1245 3458 huuc
1276 3387 1434 3477 calicem,
1470 3387 1638 3483 iaciatque
1672 3400 1848 3485 utriunque
1874 3412 1990 3486 corpus
2012 3397 2040 3459 et

681 3505 876 3595 sanguinem
903 3501 1038 3575 Domini
1064 3511 1099 3573 et
1125 3501 1307 3576 salvatoris
1333 3507 1439 3576 nostri
1466 3504 1549 3577 desa
1577 3503 1715 3595 Christi,
1748 3509 1782 3576 in
1809 3506 1944 3579 saecula
1968 3525 2040 3579 sae-

682 3618 841 3691 culorum.
895 3618 1015 3690 Amen.

785 3734 969 3806 Sacerdos.
1002 3731 1183 3824 Mimanti,
1220 3744 1282 3806 etc.
1316 3733 1370 3806 Da
1402 3744 1438 3806 ut
1471 3732 1624 3808 omnibus
1658 3734 1716 3806 illa
1749 3734 1952 3809 sumentibus
1975 3734 2041 3806 iant

681 3850 724 3921 ad
750 3849 1044 3923 sanctificationem
1071 3859 1104 3921 et
1129 3832 1363 3946 plenitudinem
1391 3848 1534 3946 Spiritus
1562 3852 1686 3939 sancti,
1719 3861 1754 3922 ct
1786 3850 1828 3922 ad
1860 3850 2039 3924 roboratio-

681 3990 759 4039 nem
785 3967 881 4056 idei,
906 3978 942 4039 ut
967 3976 1002 4037 te
1035 3967 1258 4055 sanctificent,
1294 3990 1356 4062 per
1387 3965 1566 4038 Dominum
1599 3976 1634 4037 et
1669 3965 1874 4039 salvatorem
1908 3977 2040 4041 nostrum

681 4082 798 4154 tesam
826 4081 1011 4171 Christum,
1038 4104 1113 4154 eum
1139 4081 1265 4179 Spiritu
1292 4092 1428 4171 saneto,
1454 4084 1488 4152 in
1514 4080 1649 4154 saecula
1676 4080 1898 4155 saeculorum.
1937 4081 2040 4154 Amen
2148 4164 2152 4173 ἢ

785 4199 973 4270 Diaconos.
1000 4196 1090 4269 Toto
1117 4197 1222 4270 corde
1254 4198 1473 4294 deprecamur
1499 4196 1675 4268 Dominum
1701 4199 1811 4270 Deum
1836 4207 1990 4286 nostrum,
2011 4201 2041 4263 ut
2160 4202 2165 4211 '

681 4313 827 4407 benigne
853 4314 951 4387 nobis
978 4312 1143 4417 concedat
1171 4317 1328 4386 unionem
1353 4312 1476 4386 bonam
1502 4313 1644 4409 Spiritus
1672 4318 1788 4386 sancti.

785 4428 968 4501 Sacerdos.
995 4427 1048 4500 Da
1075 4427 1174 4501 nobis
1200 4439 1236 4501 ut
1261 4433 1412 4501 uniamur
1445 4433 1478 4501 in
1503 4430 1630 4525 Spiritu
1656 4438 1714 4500 tuo
1742 4439 1880 4519 sancto,
1910 4437 1943 4499 et
1972 4444 2041 4499 sana

679 4567 743 4619 nos
768 4568 831 4641 per
856 4543 942 4617 banc
969 4542 1191 4632 oblationem,
1217 4554 1254 4617 ut
1280 4548 1313 4616 in
1340 4556 1373 4618 te
1399 4548 1556 4617 vivamus
1582 4566 1644 4640 per
1671 4547 1782 4616 omnia
1809 4544 1945 4618 saecula
1969 4562 2040 4615 sae-

680 4660 840 4733 culorum.
881 4662 1001 4735 Amen.
1040 4659 1257 4732 Benedictum
1293 4665 1337 4734 sit
1371 4681 1490 4732 nomen
1524 4659 1675 4732 Domini:
1708 4672 1742 4733 et
1775 4656 2041 4750 benedictusqui

681 4779 775 4848 venit
800 4781 833 4847 in
860 4779 995 4848 nomine
1021 4774 1172 4848 Domini:
1199 4787 1234 4848 et
1259 4776 1475 4850 benedicatur
1489 4798 1612 4849 nomen
1625 4775 1755 4869 gloriae
1783 4779 1874 4869 eJus:
1899 4775 1962 4862 fiat,
1985 4769 2040 4854 liat,

682 4888 748 4963 fiat.
775 4891 944 4984 Populos:
996 4892 1085 4962 idem
1110 4895 1246 4984 repetit.
