4525 6034
288 1026 346 1117 ιι
391 1023 734 1118 erroneum
776 1026 1103 1119 nocuimus
1149 1026 1537 1122 luuroonnm

651 1241 1172 1363 boconvilla.

313 1550 407 1629 Hauc
428 1561 594 1644 liturgiam
617 1560 696 1622 inter
718 1561 908 1625 recentiores
931 1577 1134 1642 numeramus,
1157 1564 1312 1645 quianon
1334 1571 1419 1625 extat
1441 1563 1472 1626 in
1494 1563 1594 1626 multis

217 1665 389 1729 codicibus:
422 1662 535 1744 duplex
563 1670 663 1725 tamen
692 1663 758 1745 ejus
787 1664 945 1744 exemplar
973 1664 1178 1743 suppeditavit
1199 1663 1375 1729 Calbertina
1397 1663 1594 1731 Bibliotheca.

216 1764 420 1828 Patriarcham
441 1762 664 1825 Antiochenam
687 1762 738 1843 qui
752 1761 907 1825 Michaelis
930 1779 1041 1824 nomen
1059 1762 1199 1826 habuerit
1220 1763 1335 1826 nullum
1358 1763 1501 1828 habemus
1524 1774 1595 1828 ante

217 1863 347 1928 schisma
369 1879 426 1942 per
447 1861 630 1925 Severianos
657 1859 785 1936 lactum3
812 1878 914 1942 neque
942 1860 1087 1943 deinceps
1114 1863 1244 1943 aliquem
1273 1861 1361 1943 hujus
1384 1863 1513 1925 nominis
1535 1865 1595 1926 nisi

216 1981 296 2027 anno
319 1959 486 2024 Alexandri
514 1958 623 2022 lelll.
645 1959 719 2022 lesu
742 1958 854 2022 Christi
874 1958 1011 2022 ttoxct
1041 1977 1102 2040 quo
1136 1968 1273 2040 tempore
1295 1960 1429 2023 loannes
1456 1961 1594 2024 Alexan-

217 2061 322 2126 drinae
350 2058 555 2126 Jacobitarum
583 2057 742 2121 Ecclesiae
772 2056 965 2140 praesidebat
994 2055 1148 2119 LXXIV.
1177 2058 1293 2121 scilicet
1323 2059 1512 2138 Patriarcba,
1543 2061 1596 2142 qni

216 2160 321 2225 llarco
335 2160 396 2224 lilio
412 2159 528 2222 Zaraac
543 2158 703 2235 successit,
726 2164 757 2219 et
779 2164 849 2220 ante
872 2155 1090 2218 ordinationem
1112 2156 1280 2219 vocabatur
1301 2156 1491 2240 Abulmeged
1515 2158 1594 2224 filias

215 2258 375 2342 Abuguleb
384 2279 393 2333 3
409 2258 520 2338 quique
530 2256 685 2319 ordinatus
697 2263 745 2318 est
756 2252 1013 2320 annoDCCCCV.
1025 2254 1595 2337 MartyrummortuusDCCCCXXXl.

217 2357 329 2421 Christi
351 2354 542 2422 MCCXXVl.
566 2355 631 2416 lloc
653 2372 729 2417 vero
751 2354 842 2418 docet
865 2372 921 2417 nos
944 2353 1127 2434 subscriptio
1150 2356 1261 2418 vetusti
1282 2353 1518 2437 Evangeliorum
1531 2358 1594 2440 Sy-

215 2462 367 2524 riacorum
391 2453 520 2530 codicis,
544 2455 596 2534 qui
619 2453 718 2515 estin
741 2452 926 2516 bibliotheca
948 2451 1044 2535 Regia
1052 2473 1062 2529 ;
1086 2467 1164 2532 qnae
1185 2452 1277 2517 multa
1298 2469 1356 2516 nos
1379 2452 1479 2517 docet.
1517 2455 1594 2519 Nam

217 2560 287 2624 inde
317 2553 509 2636 intelligimus
539 2551 716 2614 hlicbaelem
744 2551 984 2628 Antiochenam,
1015 2553 1064 2613 cui
1092 2550 1170 2614 haec
1199 2550 1335 2636 liturgia
1362 2552 1518 2616 tribuenda
1547 2563 1595 2618 est

216 2656 354 2722 eumdem
383 2670 453 2716 esse
484 2652 535 2732 qui
557 2651 698 2713 eximium
720 2668 797 2731 opus
819 2650 944 2732 scripsit
965 2649 1010 2711 dc
1023 2652 1263 2729 praeparatione
1285 2651 1328 2713 ad
1348 2652 1593 2730 communicem,

216 2765 248 2820 et
270 2756 308 2818 de
330 2753 423 2815 variis
441 2749 630 2813 Christianae
653 2750 734 2812 vitae
756 2748 872 2828 olllciis,
896 2747 934 2810 de
956 2745 1015 2809 fide
1039 2754 1070 2810 et
1092 2765 1152 2828 qua
1173 2749 1292 2814 ratione
1314 2750 1443 2832 quisque
1465 2755 1496 2812 in
1517 2769 1594 2833 per-

215 2855 327 2919 fectum
350 2849 462 2913 Christi
493 2847 670 2928 discipulam
698 2846 831 2911 evadere
860 2853 961 2928 queat.
1006 2845 1188 2909 Praesertim
1210 2866 1285 2911 vero
1308 2850 1372 2931 agit
1394 2866 1452 2930 per
1472 2850 1594 2912 modum

216 2952 426 3035 quaestionum
455 2946 649 3010 allonachis
677 2948 920 3028 propositarum,
950 2944 989 3007 dc
1019 2944 1225 3009 Poenitentiae
1258 2948 1460 3027 necessitate,
1493 2940 1593 3030 dequo

217 3060 304 3115 certa
330 3033 509 3129 poenitendi
534 3043 656 3127 regula:
686 3045 804 3108 scilicet
831 3052 865 3107 ut
893 3045 1073 3125 quicumque
1100 3033 1219 3126 pecc'uti
1248 3045 1305 3108 sibi
1335 3047 1474 3109 conscius
1502 3047 1592 3128 toret,

215 3148 440 3215 confessionem
456 3145 552 3225 primo
576 3142 840 3226 apndMagistrum
862 3144 929 3206 sive
952 3139 1140 3223 spiritualem
1162 3150 1277 3224 patrem
1301 3142 1427 3223 iaceret,
1449 3147 1593 3227 suscipe-

213 3257 322 3329 retque
351 3244 522 3318 Cononem,
553 3259 613 3322 quo
641 3241 818 3322 perfunctus
848 3259 959 3305 secure
987 3249 1094 3322 posset
1120 3240 1158 3302 ad
1185 3249 1375 3305 sacramenta
1396 3245 1593 3324 percipienda

214 3346 374 3413 accedere.
419 3339 573 3404 lnvehitur
600 3357 708 3421 magna
737 3347 824 3420 parte
846 3339 934 3423 hujus
956 3341 1060 3420 operis
1082 3338 1112 3401 in
1137 3339 1385 3403 consuetudinem
1408 3359 1486 3422 quae
1509 3351 1591 3422 tunc,

213 3447 319 3528 inquit,
344 3441 424 3525 apud
448 3439 584 3522 Coptitas
607 3439 772 3518 obtinebat,
795 3440 876 3520 quod
895 3438 1035 3520 plerique
1056 3438 1277 3501 confessionem
1300 3438 1382 3520 apud
1402 3441 1591 3504 sacerdotem

213 3547 318 3610 lacere
340 3541 542 3626 negligerent.
586 3537 628 3600 At
657 3539 759 3617 coepit
785 3536 861 3601 haec
891 3555 986 3619 prava
1016 3537 1205 3619 consuetudo
1228 3537 1329 3599 induci
1351 3537 1431 3618 apud
1454 3539 1590 3621 Coptitas

213 3648 271 3710 sub
294 3645 398 3707 llarco
420 3640 453 3703 F.
478 3637 729 3701 Zaraaedoannis
751 3637 1002 3718 praedecessore,
1025 3636 1081 3698 sub
1104 3653 1165 3716 quo
1184 3633 1307 3698 vivebat
1319 3636 1448 3699 Michael
1467 3637 1591 3700 Damia-

213 3745 309 3808 tensis
331 3743 502 3823 Episcopus
526 3738 578 3818 qni
600 3736 726 3816 primus,
749 3735 831 3816 quod
852 3736 992 3812 sciamus,
1014 3732 1116 3816 legem
1139 3731 1177 3797 de
1201 3733 1374 3817 abroganda
1397 3735 1591 3800 confessione

213 3844 320 3921 suasit,
341 3849 374 3903 ut
396 3839 456 3902 alio
478 3836 548 3899 loco
572 3834 709 3897 diximus.
753 3833 887 3897 loannes
909 3836 999 3897 etiam
1021 3832 1110 3905 idem,
1132 3833 1164 3895 iu
1178 3831 1329 3898 Chronico
1343 3833 1491 3898 Orientali
1509 3836 1590 3916 quad

199 3937 319 4007 'Latine
343 3938 435 4002 edidit
456 3934 646 3998 Abrahamus
668 3930 857 3995 Echellensis
881 3950 948 3996 eam
970 3932 1079 3996 dicitur
1101 3931 1286 4015 abrogasse:
1313 3933 1415 4013 itaque
1443 3942 1528 3996 recte
1551 3933 1590 3997 de

213 4041 272 4104 illis
294 4037 424 4101 Michael
446 4032 585 4098 scribere
607 4032 714 4113 potuit.
760 4031 860 4113 Atque
883 4032 924 4093 ita
947 4032 1031 4113 ejus,
1054 4031 1181 4112 opinor,
1210 4037 1340 4093 aetatem
1361 4032 1506 4095 habemus
1528 4049 1589 4094 non
1653 4053 1656 4058 ·

214 4160 255 4203 ex
271 4138 323 4200 illo
339 4136 447 4213 solum,
469 4133 525 4196 sed
548 4149 589 4194 ex
611 4129 707 4193 altero
730 4130 819 4194 etiam
841 4130 923 4211 paris
945 4137 977 4193 et
999 4129 1146 4212 ejusdem,
1169 4136 1202 4190 ut
1224 4128 1354 4209 videtur,
1368 4147 1472 4193 manns
1485 4128 1590 4192 Evan-

214 4236 364 4321 geliorum
388 4234 504 4298 codice.
1217 4216 1223 4228 '

303 4333 335 4397 ld
358 4334 448 4397 babet
470 4328 626 4414 singulare
648 4327 723 4391 haec
745 4325 893 4409 liturgia,
915 4327 997 4406 quod
1019 4326 1174 4390 orationes
1198 4326 1362 4406 dispositae
1384 4334 1453 4388 sunt
1475 4342 1589 4388 sccun-

215 4435 285 4497 dum
307 4431 469 4513 Alphabeti
491 4428 609 4511 Syriaci
631 4427 734 4489 literas
758 4425 942 4488 Psalmorum
963 4424 1223 4489 Abecedariarum
1245 4443 1339 4488 more.

605 4739 1197 4798 ...ψ-
