4525 6034
462 605 547 683 sitit
574 604 704 682 onnon
730 603 976 683 Uh‘ll'hRShllS
1002 602 1233 681 AETHIOPUM.
1455 594 1532 678 479

171 798 270 871 nostri
294 790 455 866 Eustothii
481 803 515 865 et
541 796 686 866 omnium
711 791 850 866 liliorum
878 796 963 886 ejus,
991 796 1159 888 totiusque
1185 791 1308 889 populi.
1360 792 1531 866 Memento

171 935 279 985 eorum
304 913 446 984 Domine
472 920 507 981 et
532 909 655 1007 perfice
681 913 714 981 in
741 908 804 982 illis
832 912 984 982 timorem
1010 912 1153 982 nominis
1180 911 1243 998 tui,
1269 930 1399 1003 nosque
1424 908 1532 1002 dirige

171 1029 209 1100 ad
233 1026 416 1100 taciendam
448 1024 653 1100 voluntatem
687 1037 793 1099 mam:
831 1029 906 1123 quia
942 1023 999 1097 tihi
1031 1024 1170 1098 debetur
1203 1025 1311 1099 honor
1344 1036 1377 1097 et
1409 1022 1531 1117 gloria,

168 1166 249 1216 nnnc
274 1153 308 1215 et
334 1165 486 1239 semper,
513 1154 548 1215 et
572 1147 606 1215 in
633 1142 768 1214 saecula
796 1141 1016 1214 saeculorum.
1068 1142 1189 1215 Αωοη.

264 1259 365 1331 Servi
392 1263 439 1331 tui
465 1262 520 1355 qui
547 1262 733 1331 ministrant
758 1258 875 1347 hodie,
902 1256 1087 1346 Sacerdos,
1123 1259 1312 1348 Diaconns,
1345 1255 1464 1330 Clerus
1498 1265 1533 1327 et

167 1377 320 1473 populus,
348 1386 382 1449 et
408 1398 475 1469 ego
502 1399 630 1472 pauper
656 1398 777 1449 servus
804 1385 893 1463 tuus,
919 1384 1076 1471 peccator
1104 1385 1138 1446 et
1163 1396 1327 1470 nequam,
1361 1375 1427 1446 sint
1460 1370 1532 1460 ab·

168 1493 259 1565 soluti
285 1513 348 1587 per
373 1514 412 1565 os
438 1491 608 1564 Trinitatis
636 1503 790 1580 sunctae,
824 1492 949 1579 Patris,
980 1487 1056 1562 Filii
1082 1502 1115 1564 et
1148 1491 1290 1587 Spiritus
1333 1489 1463 1575 sancti3
1496 1496 1532 1558 et

167 1631 224 1705 per
248 1631 372 1681 nomen
396 1609 544 1698 Mariae,
578 1609 664 1681 coeli
692 1608 828 1681 secumdi
863 1619 898 1680 et
930 1612 1095 1681 textrinae
1128 1605 1358 1679 venerandae:
1403 1615 1436 1677 et
1470 1626 1532 1700 per

168 1747 205 1797 os
244 1722 340 1819 hujus
382 1722 560 1798 Ecclesiae
600 1722 795 1798 Catholicae
830 1735 865 1796 et
904 1724 1141 1820 Apostolicae:
1175 1745 1237 1819 per
1270 1745 1310 1796 os
1346 1720 1531 1817 quindecim

166 1840 419 1936 Prophetarum,
446 1849 480 1913 et
505 1841 677 1915 duodecim
705 1841 845 1913 liliorum
871 1841 1018 1914 illorum:
1057 1863 1119 1937 per
1152 1861 1192 1912 os
1228 1838 1402 1913 duodecim
1426 1839 1531 1933 Apo-

167 1957 340 2043 stolorum,
380 1967 414 2028 et
456 1961 665 2054 septuaginta
704 1957 959 2055 discipulorum,
991 1942 1319 2054 ‘quingentorumque
1363 1958 1532 2029 sociorum

166 2072 303 2145 illomm:
332 2076 432 2145 etiam
457 2097 519 2170 per
545 2097 585 2148 os
612 2078 716 2170 patris
742 2077 848 2147 nostri
875 2073 987 2147 divina
1013 2074 1199 2168 loquentis,
1231 2071 1338 2146 Marci
1363 2071 1532 2165 Evange-

165 2187 275 2278 listae,
302 2189 460 2285 Apostoli
486 2201 520 2262 et
545 2189 722 2287 Martyris:
749 2213 811 2286 per
837 2212 877 2263 os
903 2189 1117 2263 Patriarchae
1135 2192 1242 2262 sancti
1257 2189 1399 2278 Severi,
1426 2190 1533 2262 sancti

165 2303 350 2394 Athanasii,
378 2308 483 2379 sancti
508 2306 648 2380 loannis
675 2305 931 2402 chrysostomi,
958 2310 1064 2379 sancti
1091 2304 1229 2401 Gyrilli,
1256 2309 1361 2379 sancti
1389 2304 1532 2398 Grego-

166 2423 218 2510 rii,
249 2426 358 2493 sancti
389 2420 523 2511 Basilii,
557 2435 591 2495 et
617 2445 678 2520 per
713 2446 753 2496 os
791 2421 1001 2496 CCCXVIIl.
1055 2421 1343 2513 orthodoxorum,
1375 2426 1432 2525 qui
1465 2421 1533 2493 Ni-

166 2559 265 2608 caeae
299 2541 498 2631 congregati
525 2550 616 2627 sunt:
642 2549 678 2611 ut
705 2539 773 2613 ct.
802 2539 1108 2636 Constantinopoli:
1136 2548 1170 2610 et
1185 2537 1284 2611 cci.
1311 2540 1366 2634 quii
1390 2534 1533 2633 Ephesi:

166 2674 222 2748 per
259 2676 299 2725 os
340 2653 555 2728 Patriarchae
592 2658 698 2728 nostri
737 2655 837 2729 Ahba
886 2654 1038 2746 Gabriel:
1082 2654 1383 2752 Metropolitaeque
1426 2655 1532 2726 nostri

166 2767 260 2842 hhha
287 2769 331 2842 N.
359 2770 491 2844 tandem
518 2794 581 2867 per
607 2794 647 2844 os
674 2795 794 2861 meum,
821 2777 913 2845 servi
940 2775 986 2844 tui
1012 2773 1200 2869 peccatoris
1228 2783 1262 2844 et
1286 2792 1441 2868 nequam,
1468 2773 1533 2842 sint

170 2882 323 2958 absoluti:
350 2909 411 2983 per
438 2909 478 2959 os
505 2887 675 2961 'lhinitatis
702 2897 854 2976 sanctae,
882 2886 1007 2979 Patris,
1034 2898 1068 2960 et
1093 2886 1170 2959 Filii
1197 2899 1231 2960 et
1249 2888 1392 2985 Spiritus
1415 2888 1533 2974 sancti,

168 3004 237 3094 qnia
264 3001 400 3097 plenum
427 3006 602 3096 majestate
627 3013 681 3077 est
707 3015 740 3076 et
766 3004 873 3097 gloria
905 3026 1027 3077 nomen
1063 3011 1170 3094 mum,
1201 3027 1288 3077 nnnc
1321 3012 1355 3075 et
1388 3022 1534 3098 semper,

167 3128 198 3189 et
221 3122 253 3189 in
281 3119 419 3192 saecula
446 3122 666 3194 saeculorum.
717 3123 837 3195 Amen.

263 3235 441 3309 Sacerdos
467 3237 552 3308 dicit
580 3237 777 3309 Orationem
801 3241 942 3309 incessi.

263 3353 334 3423 llic
370 3356 511 3445 imponit
543 3353 719 3425 Sacerdos
750 3358 939 3442 toceoooo,
971 3353 1132 3448 amnique
1167 3358 1404 3441 emarcuerat
1439 3356 1534 3421 ortuo

167 3466 290 3538 &rum
319 3474 354 3539 et
378 3471 526 3540 nostiam
551 3472 623 3541 sine
648 3471 824 3541 occitania
849 3477 885 3544 et
906 3474 1016 3563 festos
1041 3470 1134 3540 dies:
1156 3472 1246 3561 facit
1270 3470 1375 3539 etiam
1400 3488 1530 3538 memo-

166 3586 249 3653 riam
274 3587 429 3655 cicorum
455 3591 491 3655 et
513 3593 737 3673 oportuerea,
766 3593 832 3657 tom
858 3588 953 3658 dicit.

264 3700 469 3773 Benedictus
502 3702 604 3774 Pater
640 3706 868 3799 omnipotens,
899 3706 934 3774 in
967 3700 1146 3776 saeculnm.
1198 3701 1396 3775 Benedictus
1431 3699 1534 3772 Filius

168 3819 355 3908 unigenitus
382 3816 483 3889 lesus
512 3817 678 3905 Christus,
709 3821 763 3914 qui
788 3818 888 3892 homo
916 3817 1023 3891 iactus
1051 3827 1103 3891 est
1129 3839 1175 3889 ex
1191 3816 1298 3891 Maria
1315 3826 1430 3889 sancta
1448 3815 1535 3888 Vir-

166 3936 256 4023 gine:
285 3943 323 4005 et
348 3931 542 4005 benedictus
570 3934 714 4030 Spiritus
741 3945 876 4007 sanctus
901 3933 1084 4007 Paraclitus
1111 3933 1204 4006 Dens
1224 3946 1355 4024 noster:
1382 3938 1417 4006 in
1443 3933 1534 4006 odo-

166 4067 235 4120 rem
260 4072 403 4122 suavem
429 4050 581 4123 'l'rinitati
607 4061 745 4123 sanctae
770 4052 846 4124 Deo
873 4060 999 4123 nostro.
1054 4050 1200 4145 Cumque
1234 4049 1409 4123 Sacerdos
1443 4051 1535 4120 ado-

168 4162 246 4234 lebit
279 4169 452 4238 iaceamus
486 4189 589 4260 mper
623 4166 736 4238 altare
775 4168 875 4245 dicet.
932 4166 1075 4239 Alleluia
1115 4166 1222 4239 Patri:
1268 4167 1398 4239 alleluia
1432 4165 1535 4238 Filio:

169 4279 297 4354 alleluia
325 4282 462 4379 Spiritui
487 4293 623 4373 sancto,
656 4306 742 4356 nunc
772 4294 807 4354 et
841 4305 990 4379 semper,
1022 4294 1056 4355 et
1089 4287 1121 4355 in
1154 4284 1288 4356 saecula
1315 4282 1533 4356 saeculorum.

168 4396 284 4471 Amen.
858 4384 861 4389 ’

267 4517 362 4587 Dens
389 4525 505 4588 noster
530 4519 563 4588 in
590 4526 776 4603 aeternum,
803 4518 928 4611 primus
964 4526 998 4588 et
1029 4519 1251 4604 novissimus,
1286 4514 1412 4610 absque
1443 4515 1535 4586 initio

172 4639 204 4700 et
228 4628 357 4726 alisque
383 4633 468 4724 line,
494 4654 635 4725 magnus
662 4635 696 4703 in
722 4630 870 4705 consiliis
899 4635 985 4722 suis,
1011 4641 1132 4728 potens
1159 4631 1365 4728 inoperihus
1393 4633 1474 4718 suis,
1501 4639 1537 4702 et

171 4748 301 4841 sapiens
329 4750 362 4819 in
389 4753 584 4843 operatione
611 4770 683 4838 sua,
710 4751 765 4843 qui
791 4772 830 4823 cs
856 4747 987 4845 nhiqne.
1013 4748 1187 4840 Rogamus
1205 4759 1239 4820 et
1265 4748 1482 4843 deprecamur
1501 4754 1535 4817 te

171 4858 328 4953 Domine,
355 4875 390 4937 ut
416 4870 464 4939 sis
490 4863 661 4939 nobiscnm
694 4867 728 4936 in
757 4865 821 4938 hac
852 4866 949 4939 hors:
984 4864 1124 4939 ostende
1155 4865 1277 4937 faciem
1312 4874 1400 4934 tuam
1433 4884 1535 4958 super

172 4997 248 5050 nos:
276 4989 349 5054 esto
375 4982 549 5056 nohissum
576 4993 610 5055 et
635 4986 668 5054 in
694 4982 804 5055 medio
830 4987 949 5056 nostri:
976 4982 1111 5079 purifica
1138 4980 1241 5056 corda
1266 4991 1382 5052 nostra
1398 4989 1432 5051 et
1447 5000 1535 5053 san-

174 5093 277 5168 ctiticn
317 5101 444 5171 animas
476 5109 625 5189 noshas,
660 5098 736 5171 dale
765 5102 943 5195 nequitiam
977 5109 1142 5191 nostram,
1174 5106 1208 5170 et
1240 5094 1365 5170 dimitto
1394 5106 1535 5193 peccatu
