4525 6034
510 566 541 644 S.
567 563 704 643 JhCDBl
730 564 917 643 APOSTOLI
941 565 1098 643 FRATRIS
1125 564 1269 642 DOMINI.
1531 567 1582 641 33

310 755 476 828 Miserere
502 752 613 843 nobis,
638 754 733 827 Deus
758 753 860 826 Pater
886 757 1107 850 omnipotens,
1135 763 1169 826 et
1194 757 1286 826 mitte
1309 751 1467 849 Spiritum
1489 763 1580 826 tumn

208 876 369 962 sanctum,
397 872 575 944 Dominum
601 881 635 942 et
660 871 895 958 vivificantem,
929 873 983 965 qui
1017 869 1075 941 tibi
1110 870 1230 943 throno
1264 868 1414 963 aequalis
1441 879 1511 959 est,
1545 879 1579 941 et

207 989 276 1062 filio
302 987 449 1084 aequalis
475 1009 601 1081 regno,
634 985 922 1059 consubstantialis
960 996 994 1058 ct
1025 997 1244 1076 coaetemus3
1281 990 1335 1081 qui
1370 982 1500 1058 locutus
1529 997 1581 1059 est

207 1110 243 1178 in
269 1105 365 1198 Lege
391 1115 426 1177 et
449 1102 626 1203 Prophetis
652 1113 687 1175 et
711 1102 812 1175 Novo
839 1102 1054 1176 Testamenta
1081 1113 1159 1193 tuo;
1187 1105 1243 1199 qui
1269 1100 1440 1174 deseendit
1464 1105 1498 1173 in
1525 1106 1579 1174 si-

205 1221 387 1294 militudine
413 1220 588 1295 columbae
615 1243 716 1317 super
734 1220 911 1292 Dominum
927 1230 1076 1292 nostrum
1098 1221 1215 1293 desum
1230 1218 1408 1309 Christum,
1434 1222 1466 1291 in
1493 1216 1579 1291 Jor-

208 1338 297 1410 dane
322 1337 472 1411 humine:
500 1343 556 1433 qui
581 1335 753 1411 descendit
778 1358 881 1431 super
911 1334 1097 1432 Apostolos
1131 1345 1268 1410 sanctos
1303 1337 1338 1406 in
1370 1333 1579 1409 similitudine

206 1455 394 1547 linguarum
421 1457 520 1548 ignis.

312 1570 474 1664 Populea.
501 1570 608 1666 llyrie
635 1570 762 1645 eleison
788 1575 852 1642 ter.

313 1699 500 1771 Sacerdos,
526 1699 572 1772 Ut
600 1698 782 1772 adveniens
808 1698 926 1770 alliciat
955 1720 1074 1795 panem
1101 1700 1218 1788 istum,
1248 1718 1370 1793 corpus
1397 1695 1580 1787 vivificum,

207 1839 334 1913 eorpus
361 1816 518 1904 salutare,
545 1837 669 1912 corpus
696 1813 857 1903 coeleste,
884 1836 1007 1910 corpus
1034 1814 1207 1888 animabus
1234 1822 1268 1886 et
1290 1811 1488 1911 corporibus
1516 1834 1580 1884 sa-

206 1930 311 2004 lutem
349 1941 541 2027 praestans,
584 1951 707 2027 corpus
746 1930 880 2002 Domini
929 1929 995 2002 Dei
1041 1940 1075 2003 et
1115 1929 1304 2003 Salvatoris
1351 1931 1457 2003 nostri
1497 1929 1581 2000 Jesu

208 2049 347 2138 Christi,
372 2051 407 2120 in
433 2050 663 2121 remissionem
695 2057 907 2143 peccatorum
940 2056 975 2119 et
998 2050 1104 2119 uitam
1138 2055 1308 2120 aeternam
1343 2042 1580 2143 accipientibus

207 2164 301 2236 illud.
508 2163 670 2257 Populus.
697 2165 817 2238 Amen.

315 2295 499 2368 Sacerdos.
525 2294 570 2368 Et
596 2298 725 2367 mistum
752 2296 840 2391 quod
866 2307 919 2369 est
944 2298 979 2367 in
1003 2295 1068 2368 hoc
1094 2293 1213 2384 euhoe,
1240 2294 1359 2368 efficiat
1385 2297 1581 2387 sanguinem

208 2413 416 2485 Testamenti
447 2411 558 2502 Novi,
591 2416 789 2504 sanguinem
820 2412 1020 2503 salutarem,
1053 2414 1251 2504 sauguinem
1282 2412 1468 2504 vivificum,
1495 2432 1582 2485 san-

208 2533 344 2622 guinem
372 2528 564 2619 coelestem,
590 2532 787 2622 sanguninem
812 2527 982 2601 animabus
1018 2537 1052 2600 et
1077 2525 1275 2623 corporibus
1310 2529 1449 2602 salutem
1474 2550 1583 2624 prae·

209 2654 364 2733 stantem,
391 2649 587 2738 sanguinem
613 2647 747 2719 Domini
772 2645 838 2717 Dei
864 2654 899 2716 et
924 2643 1113 2717 saluatoris
1140 2648 1245 2716 nostri
1272 2643 1355 2718 lesu
1382 2645 1521 2718 Christi:
1549 2647 1584 2716 in

208 2765 443 2834 remissionem
469 2772 684 2857 peccatorum
709 2770 744 2832 et
768 2763 871 2832 vitam
898 2769 1068 2832 aeternam
1094 2760 1349 2855 suscipientibus
1373 2758 1473 2831 illum.

316 2893 477 2988 Populus.
503 2895 622 2968 Amen.

319 3026 503 3098 Sacerdos.
529 3026 575 3098 Ut
600 3030 666 3101 sint
691 3026 788 3100 nobis
816 3038 851 3100 et
876 3025 1028 3100 omnibus
1064 3028 1120 3123 qui
1146 3049 1193 3098 ex
1224 3025 1288 3098 illis
1316 3027 1491 3121 accipient,
1517 3028 1583 3099 iis-

211 3166 281 3239 que
308 3142 606 3231 oommunicabunt,
634 3143 676 3215 ad
710 3146 917 3216 sanctitatem
945 3146 1125 3215 animarum
1154 3151 1411 3238 etcorporum,
1439 3140 1481 3212 ad
1506 3140 1583 3213 iru-

210 3258 447 3330 ctilicationem
482 3280 621 3355 operum
654 3257 835 3331 bonorum:
876 3259 919 3331 ad
965 3258 1250 3330 confirmationem
1289 3256 1465 3331 Ecclesiae
1506 3266 1584 3330 tuae

210 3384 370 3461 sanctae,
406 3397 504 3469 quam
539 3397 641 3471 super
672 3397 778 3449 verae
811 3375 887 3448 [idei
919 3384 1047 3472 petram
1080 3373 1245 3462 fundasti,
1273 3383 1308 3446 et
1341 3384 1461 3469 portae
1487 3372 1584 3446 inferi

209 3512 283 3561 nou
308 3490 550 3586 praevalebunt
576 3490 740 3565 adversus
766 3514 853 3581 eam,
879 3514 953 3563 cum
978 3490 1177 3563 liberaturus
1204 3493 1251 3563 sis
1277 3488 1367 3562 illam
1400 3488 1442 3562 ab
1470 3495 1584 3562 omni-

208 3604 278 3678 bus
305 3604 499 3680 haeresibus
515 3619 549 3680 et
563 3607 730 3682 scandalis
745 3611 950 3704 operantium
963 3611 1164 3703 iniquitates,
1186 3606 1349 3702 usquead
1366 3630 1584 3681 consumma-

210 3726 340 3795 tionem
367 3725 510 3797 saeouli:
537 3747 599 3820 per
625 3728 779 3818 gratiam,
806 3725 1066 3799 misericordiam
1092 3736 1127 3797 et
1153 3746 1299 3797 amorem
1327 3745 1408 3815 erga
1433 3722 1584 3795 homines

209 3842 374 3932 unigeniti
399 3839 476 3912 Filii
502 3845 561 3931 tui,
586 3864 650 3937 per
676 3865 774 3937 quem
801 3852 836 3913 et
862 3864 935 3913 cum
963 3864 1029 3937 quo
1056 3851 1090 3913 te
1117 3841 1216 3914 decet
1241 3840 1349 3933 gloria
1376 3850 1410 3911 et
1434 3836 1549 3912 honor.

321 3972 481 4067 Populus.
508 3977 628 4047 Amen.

318 4103 493 4211 §acatos
518 4106 710 4178 inclinatus.
746 4107 971 4204 Quapropter·
984 4106 1150 4181 oderimus
1177 4106 1257 4196 tibi,
1281 4105 1444 4194 Domine,
1471 4107 1585 4178 sacri-

211 4220 325 4293 ficium
352 4218 418 4292 boc
443 4223 649 4294 tremendum
676 4234 710 4295 et
735 4226 939 4295 incruentum
964 4246 1027 4321 pro
1053 4222 1137 4298 locis
1165 4226 1228 4296 tuis
1255 4227 1379 4297 sanctis
1413 4246 1499 4319 quae
1524 4243 1587 4317 per

214 4335 519 4410 manifestationem
549 4336 670 4411 Christi
696 4338 771 4410 Filii
796 4342 842 4411 tui
868 4340 1055 4430 ihustrasti3
1090 4344 1269 4437 praecipue
1301 4362 1388 4413 vero
1414 4362 1477 4436 pro
1504 4338 1587 4410 Sion

216 4464 351 4543 sancta,
377 4462 483 4526 matre
510 4458 654 4527 omnium
675 4453 918 4550 Ecclesiamm,
946 4467 980 4528 et
1005 4480 1069 4554 pro
1095 4456 1250 4531 Ecclesia
1280 4466 1336 4528 tua
1370 4464 1485 4529 sancta
1516 4462 1587 4527 toto

216 4566 305 4643 orbe
330 4568 454 4643 dilhrsa.

322 4701 509 4775 Diocunan.
551 4702 698 4775 Benedic
731 4706 883 4778 Domine.
916 4705 1057 4778 Oramus
1092 4714 1126 4778 et
1160 4705 1377 4803 deprecemur
1409 4705 1586 4777 Dominum

213 4819 327 4892 Dema
353 4817 590 4908 nostrum,hoo
610 4824 769 4917 temporis
789 4832 969 4913 momento,
987 4844 1123 4914 magno,
1146 4822 1290 4896 timendo
1309 4829 1343 4893 et
1369 4827 1497 4911 sancto,
1519 4841 1583 4916 pro

213 4932 368 5030 patribus
389 4944 422 5006 et
444 4934 632 5008 rectoribus
650 4939 787 5028 uostris,
808 4941 865 5034 qui
885 4937 983 5011 hodie
1003 4936 1101 5011 nobis
1125 4947 1293 5034 praesunt,
1313 4946 1348 5009 et
1368 4937 1586 5034 inpraesenti

214 5053 288 5122 vita
304 5048 480 5125 Ecclesias
507 5062 642 5126 sanctas
659 5053 725 5126 Dei
750 5064 891 5150 pascunt
916 5064 951 5127 et
968 5052 1172 5148 gubemant:
1199 5053 1400 5129 venerandis
1424 5065 1458 5129 et
1479 5051 1588 5125 beatis
