4525 6034
701 593 778 666 274
1209 599 1569 678 LITURGIA

700 786 829 841 aetatem
859 779 976 842 illarum
1006 781 1211 843 determinare
1240 799 1408 863 aggressus
1432 791 1490 846 est.
1534 786 1647 847 Verum
1670 783 1864 848 Orthodoxos
1887 802 1950 846 non
1971 783 2067 863 luisse,

699 878 750 957 qui
773 886 1000 957 couterentur,
1025 881 1055 942 in
1078 898 1137 961 qua
1160 880 1304 960 Severus,
1328 881 1522 960 Philoxenus,
1545 884 1660 964 Petrus,
1685 882 1848 964 Gnapheus
1870 882 1999 962 scilicet,
2018 883 2067 945 la-

699 977 856 1056 cobusque
880 977 1046 1042 Baradatus
1069 981 1149 1041 inter
1171 988 1294 1041 sanctos
1317 989 1604 1062 commemorantur,
1627 984 1740 1045 certius
1763 991 1810 1046 est
1833 1000 1924 1063 quarn
1946 990 1981 1043 ut
2001 999 2068 1062 pro·

698 1075 820 1139 batione
844 1076 988 1160 indigeat.
1033 1078 1199 1141 Maronitac
1229 1079 1322 1161 igitur
1351 1079 1419 1142 dum
1448 1082 1533 1143 istum
1561 1083 1618 1144 sibi
1640 1081 1869 1145 vindicaverunt
1890 1081 1922 1141 in
1946 1079 2069 1143 Romam

699 1174 850 1252 editione,
878 1177 1008 1256 majores
1031 1195 1103 1240 suos
1127 1178 1158 1238 in
1181 1176 1303 1240 haeresi
1324 1177 1526 1242 Jacobitarum
1548 1180 1643 1244 fuisse
1665 1181 1775 1243 incauti
1794 1178 2004 1264 prodiderunt,
2025 1185 2068 1241 aut

698 1271 805 1336 saltem
828 1291 971 1335 summam
994 1276 1187 1353 imperitiam,
1211 1275 1279 1337 dum
1302 1275 1474 1341 haereticos
1497 1279 1733 1342 anathematibus
1756 1278 1962 1342 Consiliorum
1983 1295 2068 1357 repe·

697 1373 757 1433 titis
781 1374 987 1453 proscriptos,
1021 1374 1100 1435 intcr
1129 1373 1256 1438 coelites
1279 1383 1493 1455 reposuerunt
1538 1377 1645 1442 Severi
1667 1378 1787 1461 quidem
1810 1395 1922 1440 nomen
1944 1374 2068 1439 sustule-

696 1481 776 1550 runt,
800 1472 855 1534 sed
878 1473 953 1536 alios
976 1473 1174 1553 reliquerunt,
1198 1491 1258 1536 non
1281 1474 1378 1537 minus
1402 1474 1559 1541 damnatae
1582 1497 1671 1559 quam
1692 1477 1744 1541 ille
1765 1477 1947 1552 memoriae,
1970 1474 2067 1555 quihus

697 1591 764 1634 cum
787 1571 873 1634 Maro
895 1574 926 1634 in
949 1572 1127 1652 quibusdam
1150 1571 1305 1635 codicibus
1323 1572 1479 1654 adjunctus
1501 1578 1682 1656 reperiatur,
1704 1593 1812 1639 vanam
1834 1592 1904 1637 esse
1929 1573 2066 1636 sanctita·

698 1672 735 1733 tis
766 1671 844 1733 illius
874 1672 1061 1753 opinionem,
1092 1671 1130 1733 de
1159 1689 1218 1751 qua
1248 1677 1407 1752 tantopere
1429 1676 1617 1737 recentiores
1640 1676 1794 1755 laborant,
1819 1674 1888 1735 hinc
1909 1672 1985 1735 licet
2005 1673 2066 1735 exi·

697 1774 832 1838 stimare.

806 2034 840 2103 7.
883 2033 948 2118 Qut
974 2055 1077 2125 cuper
1103 2034 1319 2104 admirantem
1344 2031 1446 2103 Petri
1468 2034 1703 2126 fundaverunt
1729 2033 1844 2104 doctos
1869 2031 1965 2124 fidei.

797 2224 933 2301 Locurro
951 2235 1088 2316 ambigua
1112 2242 1160 2297 est
1182 2236 1208 2297 si
1231 2233 1326 2297 verba
1348 2236 1550 2299 tantummodo
1573 2236 1776 2299 attenduntur.
1822 2234 1853 2296 Si
1880 2234 1961 2296 enirn
1984 2247 2065 2312 pres-

643 2361 648 2368 ·
695 2342 757 2402 sius
791 2337 1000 2418 explicentur,
1029 2338 1209 2400 vertendum
1238 2339 1297 2400 erit
1324 2356 1419 2417 supro
1449 2340 1643 2401 adamantem
1668 2342 1837 2419 petrinum
1869 2355 1949 2418 quae
1979 2334 2064 2397 verba

694 2441 874 2502 senteutiam
905 2435 1055 2518 duplicem
1085 2437 1206 2500 clllcere
1237 2453 1334 2516 aeque
1364 2447 1501 2518 possunt.
1547 2440 1644 2500 Prima
1673 2445 1721 2501 est
1751 2446 1785 2500 ut
1807 2436 1998 2519 significetur
2016 2449 2063 2495 eos

695 2539 882 2616 aedificasse,
905 2558 961 2602 scu
984 2541 1150 2602 instituisse
1161 2540 1316 2603 Ecclesias
1338 2557 1430 2620 supra
1452 2539 1567 2601 firmam
1589 2545 1717 2619 petram,
1741 2554 1809 2598 cum
1832 2534 1913 2597 nulla
1936 2535 1977 2596 sit
1997 2523 2063 2595 ada·

693 2644 792 2699 mante
814 2639 920 2701 durior
942 2646 993 2700 aut
1015 2637 1155 2701 solidior:
1179 2638 1293 2717 altera,
1316 2657 1409 2719 super
1432 2638 1616 2701 adamantem
1639 2636 1737 2712 l’etri,
1767 2636 1834 2697 sire
1862 2633 1976 2695 firmam
2004 2630 2061 2712 ejus

693 2736 798 2814 iidem,
827 2756 936 2818 nempe
965 2738 1128 2800 reserando
1158 2739 1236 2800 hanc
1264 2738 1469 2819 metaphoram
1500 2736 1538 2798 ad
1567 2735 1640 2798 illud
1670 2735 1711 2797 lh
1738 2753 1771 2796 cs
1798 2733 1910 2795 Petrus
1933 2740 1963 2794 et
1983 2748 2063 2808 cuper

672 2833 773 2895 ,huuc
797 2845 919 2916 petram
950 2837 1118 2916 aedificabo
1149 2837 1319 2898 Ecclesiam
1345 2856 1452 2901 meam.
1499 2835 1661 2915 Utrumque
1688 2832 1933 2914 frequentissime
1962 2829 2062 2911 legitur

692 2931 724 2992 in
748 2932 944 2997 Orientalium
967 2934 1127 3017 liturgiis,
1160 2943 1191 2998 et
1220 2935 1285 2998 aliis
1314 2934 1441 3014 Olliciis,
1472 2953 1540 2997 cum
1568 2934 1606 2996 de
1634 2933 1714 2996 Petri
1737 2925 1866 2994 Primatu
1891 2948 1952 2992 non
1974 2929 2060 2990 minus

694 3029 872 3096 Orthodoxe
895 3037 1043 3110 sentiant,
1073 3053 1161 3115 quam
1185 3032 1340 3097 Catholici.
1384 3034 1516 3115 Utraque
1540 3033 1720 3117 significatio
1743 3031 1783 3094 ad
1803 3030 1884 3094 idem
1906 3029 2059 3092 reducitur.

781 3133 907 3214 Reliqua
929 3133 1040 3197 nullam
1064 3133 1248 3216 singularem
1271 3132 1515 3195 observationem
1537 3133 1720 3196 desiderant.

1124 3406 1678 3457 ψ

1130 3733 1629 3911 lllUltGll

916 3953 1853 4166 sloorrtorarnni.

1179 4303 1301 4372 Oratio
1329 4308 1409 4371 unte
1435 4301 1574 4372 Pacem.

769 4505 954 4577 Sacerdos.
1008 4479 1169 4582 Domus
1197 4506 1290 4578 Deus
1317 4508 1509 4578 misericors
1536 4515 1672 4594 sancte,
1699 4515 1733 4575 ot
1759 4503 1975 4596 omnipotens,
1999 4501 2051 4592 qui

691 4643 729 4691 es
757 4644 839 4716 pax,
868 4622 1098 4716 tranquillitas,
1126 4624 1261 4711 caritas,
1288 4620 1440 4709 dulcedo,
1468 4624 1626 4710 castitas,
1658 4628 1693 4690 et
1724 4618 1873 4691 bonitas:
1904 4615 1996 4686 Pater
2019 4619 2050 4681 et

672 4721 853 4811 ⁴Dominus
882 4740 1026 4809 omnium
1054 4741 1109 4832 qui
1136 4760 1255 4832 pacem
1284 4735 1439 4830 diligunt:
1475 4747 1610 4832 praesta
1643 4735 1743 4807 nobis
1770 4744 1806 4804 ut
1838 4732 1924 4827 pleni
1948 4727 2048 4798 humi-

688 4851 791 4940 litale,
820 4863 855 4924 et
880 4877 954 4948 spe,
982 4865 1081 4948 atque
1108 4857 1142 4924 in
1170 4853 1234 4925 tide
1261 4875 1345 4924 vera
1372 4851 1575 4932 confirmati,
1602 4871 1734 4922 necnon
1760 4852 1793 4920 in
1821 4843 1973 4942 spirituali
1996 4843 2047 4926 tui,

689 4979 723 5039 et
750 4979 859 5041 mutua
879 4969 1055 5043 dilectione
1074 4972 1232 5065 proximi,
1258 4973 1403 5041 invicem
1423 4968 1671 5062 amplectamur,
1684 4988 1746 5061 per
1759 4963 1980 5037 abundantiam
1992 4955 2044 5025 di·

687 5083 841 5158 lectionis
869 5108 956 5181 quae
983 5096 1036 5160 est
1061 5085 1231 5182 plenitudo
1257 5086 1344 5177 legis
1371 5095 1466 5172 tuae,
1500 5094 1536 5155 ut
1570 5086 1673 5156 simus
1706 5080 1767 5154 tibi
1791 5081 1849 5154 lilii
1875 5068 2043 5170 uunquilli·
