4525 6034
554 558 605 638 lli
637 557 939 637 irroratis
972 554 1253 635 SYthChS.
1532 557 1582 637 95

218 743 335 807 Graeco
365 759 548 807 conversos:
577 745 735 827 septimum
762 750 861 806 autem
883 740 921 805 ad
948 742 1075 806 verbum
1099 752 1237 835 torpori
1259 723 1408 840 wiltbtplt
1425 722 1470 810 ΠΒ
1488 747 1583 810 amr:

217 836 317 921 ἐχέτω
338 832 396 926 τὴν
417 829 621 907 ἀκολουθίαν
642 842 700 928 τῆς
719 841 818 928 τιμῆς
838 842 965 904 horroris
985 846 1233 923 cmmepaeatiam.
1255 842 1361 924 Neque
1384 844 1415 903 in
1435 840 1485 904 illa
1507 861 1583 905 ver-

216 943 302 1004 sione
324 942 418 1005 verba
439 942 489 1005 illa
511 946 715 1025 reperiuntur,
737 943 878 1004 Ecelema
899 941 1039 1024 Ιίοηιαηα
1060 962 1178 1022 semper
1194 942 1300 1005 habuit
1316 943 1489 1029 primatum,
1511 942 1584 1006 licet

214 1041 245 1105 id
266 1042 456 1105 affirmaverit
483 1042 671 1106 Abrahamus
698 1040 896 1105 Echellensis.
946 1041 1021 1104 Nam
1050 1041 1153 1105 versio
1183 1060 1271 1123 quam
1298 1043 1441 1120 citamus,
1469 1060 1506 1104 ea
1535 1050 1583 1105 est

215 1159 304 1222 qoam
326 1143 460 1204 continet
482 1140 588 1206 Codex
612 1142 766 1206 llediceus
795 1142 826 1203 in
847 1142 1019 1204 membrana
1042 1143 1175 1223 scriptus
1198 1148 1267 1203 ante
1291 1158 1403 1219 anuos,
1434 1149 1465 1203 ut
1492 1142 1582 1204 mini·

215 1259 306 1319 mum,
328 1243 549 1325 septingentos.
593 1243 669 1307 Cum
697 1260 772 1305 vero
796 1241 834 1304 ad
855 1240 1021 1322 Epistolam
1043 1237 1187 1321 Cypriani
1210 1239 1249 1302 ad
1271 1240 1393 1316 Fidum,
1422 1242 1473 1320 qni
1501 1242 1584 1304 Eilas
1656 1231 1700 1283 M
1723 1229 1811 1303 Panes.
1843 1234 1906 1291 θα

216 1349 360 1417 vocatur,
402 1347 535 1404 notatum
573 1343 760 1423 reperiamus
804 1340 910 1404 laetam
954 1359 1025 1403 esse
1065 1343 1238 1403 versionem
1279 1356 1357 1403 anno
1399 1337 1584 1403 Graecorum
1614 1317 1668 1370 Νὴ·
1685 1319 1765 1373 M·

214 1438 480 1504 occcaxcvnr.
503 1441 554 1522 qur
577 1451 624 1504 esi
644 1441 672 1504 r.
695 1441 727 1505 c.
749 1439 960 1504 cccxxxvi.
990 1439 1125 1523 ejusaem
1150 1440 1255 1502 aarum
1286 1458 1355 1502 esse
1378 1439 1497 1502 viderur
1521 1438 1583 1503 aa·
1714 1424 1717 1434 '

214 1557 337 1617 nonum,
361 1541 412 1621 qui
441 1541 548 1603 eodem
569 1540 721 1605 volumine
752 1541 960 1618 continentur,
988 1541 1210 1621 interpretatio.
1255 1539 1352 1602 Habet
1378 1539 1466 1602 etiam
1493 1547 1584 1603 vetu-

215 1640 302 1704 statis
325 1638 465 1703 indicium
486 1658 547 1704 non
569 1640 734 1719 mediocre,
758 1641 838 1721 quod
861 1640 1000 1704 Canones
1023 1638 1257 1715 illosArahicos
1280 1656 1341 1700 noo
1363 1647 1583 1721 repraesentat,

215 1757 318 1821 neque
340 1740 553 1818 narrationem,
576 1759 654 1822 quae
675 1740 864 1804 Praelaticne
886 1739 1018 1804 Arabica
1040 1740 1222 1817 continetur,
1245 1736 1394 1800 ullatenus
1416 1737 1582 1805 confirmet.

302 1839 337 1902 ln
359 1839 418 1902 illis
440 1858 517 1904 vero
541 1839 706 1920 Cancrum,
728 1842 779 1923 qui
801 1840 928 1904 Arabici
955 1840 1047 1922 vulgo
1070 1837 1218 1916 dicontur,
1242 1836 1497 1916 Collectionihus,
1526 1839 1583 1901 Ni·
1625 1833 1695 1887 inter
1710 1832 1906 1889 θῐῐθῦῑῑῑθϋί)ι

215 1958 314 2003 caeno
336 1939 472 2005 Concilio
495 1939 697 2003 attribuuntur
718 1959 796 2021 quoe
824 1942 855 2003 io
881 1938 1213 2020 Constantinopolitano
1242 1937 1403 2001 constituta
1431 1938 1583 2100 sunt,Pde
1596 1920 1905 2061 ἓῗὲἕέῃθῗπῗὺυῖἴῗὲθ

1546 2057 1584 2100 fl·
1608 2097 1613 2108 .

214 2036 415 2103 oanslaoone
438 2040 590 2123 dignitatis
612 2041 736 2122 Ephesi,
760 2039 797 2103 ad
827 2058 936 2103 noram
958 2040 1091 2117 Romam,
1114 2037 1261 2117 simulque
1284 2035 1381 2100 honor
1403 2039 1501 2117 quani
1596 2097 1678 2149 cauit

214 2138 396 2202 triarchatus
426 2139 717 2221 Hierosolymitanae
747 2140 812 2204 sedi
846 2138 996 2204 tribuitur.
1053 2137 1127 2200 Earn
1154 2136 1395 2199 constitutionem
1423 2139 1526 2201 retulit
1554 2138 1584 2200 io

214 2235 439 2301 Ncmocanonis
461 2240 508 2301 sui
531 2256 597 2320 cap.
622 2241 650 2301 7.
673 2238 841 2321 Gregorius
869 2237 1101 2322 Ahullaragius,
1128 2236 1176 2299 his
1204 2236 1306 2299 verbis
1334 2235 1471 2312 Onatuor
1498 2245 1587 2299 auat

214 2335 432 2413 Patriarehae,
445 2340 541 2417 prata
561 2358 715 2400 mmm
735 2348 866 2419 quatuor
882 2340 1018 2419 partirem
1039 2338 1151 2401 morat.
1190 2335 1337 2415 Princeps
1357 2354 1432 2398 cero
1453 2354 1587 2398 mmmm

214 2436 359 2514 mudum,
382 2445 428 2499 est
448 2437 635 2500 Potriarcba
655 2438 821 2514 Romanus,
839 2446 912 2518 post
939 2458 1006 2500 mon
1027 2437 1265 2511 Alexandrhnoe,
1286 2442 1346 2497 tum
1370 2434 1586 2498 Constantino·

212 2534 385 2615 politanas,
416 2538 488 2617 poia
522 2538 563 2599 ab
594 2537 715 2617 Epheso
744 2539 788 2599 ad
819 2537 924 2600 arbem
959 2535 1320 2616 Comtaatbtopolitaaom
1354 2534 1587 2597 Patriarehalem

214 2633 678 2715 mammaemammal
703 2635 793 2699 Nuoa
813 2636 913 2699 namo
932 2642 1044 2698 cacata
1065 2644 1118 2697 est.
1163 2634 1237 2697 Post
1263 2654 1329 2697 aaa
1356 2636 1490 2716 septime
1517 2633 1585 2696 Pa-

215 2733 357 2794 triarcha
377 2731 591 2810 Andocbenns,
613 2738 666 2815 pari
686 2737 719 2796 ia
740 2743 832 2798 totum
854 2733 1007 2797 Οήωιεειιι
1019 2736 1263 2815 jurisdmmaem
1273 2734 1393 2799 obtinet.
1418 2733 1491 2797 Cam
1512 2753 1587 2797 aero

214 2830 506 2915 Hierosolymilarms
526 2832 738 2913 Episcopatu,
760 2836 939 2896 constantes
955 2833 1010 2896 asab
1025 2836 1189 2896 unwritate
1204 2833 1403 2914 Metropoleos
1415 2833 1587 2896 Caesareae

215 2929 350 3011 Philippi
369 2932 481 2994 dadum
500 2931 590 3012 foret,
612 2933 709 2995 bonor
730 2935 826 3014 moirti
845 2932 1079 2995 Patriarcbatas
1106 2934 1152 2994 illi
1172 2932 1317 3012 ἀοίκων,
1338 2935 1394 2996 sed
1414 2935 1503 2996 salon
1524 2952 1586 2995 aa·

215 3032 342 3095 torilate
364 3030 572 3112 Metropolitae
595 3030 780 3107 Caesareae,
808 3040 839 3094 et
863 3031 1042 3093 Anbocbeai
1061 3030 1276 3094 Patriarehae.
1320 3032 1402 3095 llaec
1424 3031 1535 3095 hahent
1556 3034 1586 3093 in

197 3128 461 3193 auisuanonum
483 3128 720 3195 collectionibus
748 3130 887 3193 Arabicis
915 3130 1086 3209 lacohitae,
1117 3148 1192 3211 quas
1220 3129 1435 3214 Abuliaragius
1463 3139 1586 3193 secutus

87 3296 90 3299 ,
216 3235 275 3291 est.
318 3228 424 3290 llirum
446 3238 545 3293 tamem
566 3230 757 3293 Patriarehae
780 3229 1043 3311 Hierosolymitani
1065 3230 1175 3292 nullius
1198 3229 1278 3311 apud
1300 3230 1367 3293 illos
1391 3237 1496 3293 extare
1517 3250 1587 3293 me·

217 3327 360 3403 moriam3
383 3347 492 3409 neque,
515 3331 541 3392 si
563 3330 614 3411 qui
636 3349 677 3392 ex
698 3329 816 3392 illorum
838 3337 932 3407 secta,
955 3328 1005 3391 vel
1032 3347 1072 3392 ex
1093 3329 1292 3410 Nestoriana,
1320 3332 1350 3393 in
1377 3330 1453 3393 urbe
1481 3338 1586 3393 sancta

217 3426 434 3508 Episcopatum
466 3436 646 3509 gesserunt,
676 3428 801 3491 honoris
826 3428 877 3490 illa
904 3429 1117 3512 praerogativa
1147 3430 1247 3512 potiti·
1262 3429 1403 3493 videntur
1429 3448 1508 3493 esse.
1553 3429 1585 3491 ln

216 3526 400 3590 Nestoriana
421 3527 539 3608 quidem
560 3528 697 3591 Ecclesia
719 3530 797 3591 inter
810 3527 994 3609 Metropoles
1017 3537 1196 3592 recensetur
1216 3529 1395 3609 Jerusalem,
1417 3529 1472 3592 sed
1495 3531 1586 3612 vige·

79 3654 83 3667 ·
217 3626 296 3689 simo
319 3627 452 3688 secundo
474 3626 554 3703 loco,
577 3635 688 3690 lanima
710 3629 796 3690 abest
817 3635 850 3690 ut
872 3627 1041 3691 attributam
1064 3628 1230 3692 aNicaeuo
1253 3626 1388 3692 Concilio
1410 3629 1586 3711 dignitatem

217 3727 403 3788 servaverit:
427 3743 493 3787 cum
516 3745 577 3789 non
600 3727 688 3790 modo
712 3727 899 3806 Catholicns,
930 3729 981 3809 qui
1002 3746 1174 3809 supremum
1200 3730 1267 3810 ipsc
1296 3728 1354 3791 sibi
1380 3729 1586 3793 Pontificatum

216 3825 298 3887 inter
320 3843 394 3888 suos
416 3828 581 3908 arrogavit,
603 3827 675 3889 licet
696 3826 726 3888 in
749 3826 866 3889 Pseudo
887 3826 1028 3890 Nicaeois
1056 3827 1116 3890 illis
1139 3826 1312 3891 Canonibus
1341 3836 1411 3909 post
1438 3828 1586 3889 Hieroso-

216 3925 393 4006 lymitanum
415 3925 597 4007 Episcopum
619 3928 797 4006 nominetur,
821 3945 888 3989 eurn
910 3925 1072 4006 praecedat
1079 3946 1088 4002 3
1109 3944 1215 3990 verum
1238 3926 1341 4008 plures
1364 3927 1413 3989 alii
1426 3927 1585 4007 hletropo—

216 4022 291 4087 litae
314 4024 442 4103 urbium,
466 4043 544 4107 quae
568 4025 637 4089 olim
660 4045 698 4089 ne
720 4026 889 4107 Episcopos
912 4026 1032 4107 quidem
1058 4024 1236 4089 habuerant.
1279 4026 1382 4108 ltaque
1404 4027 1484 4089 inter
1506 4025 1585 4103 illos,

216 4129 251 4185 ut
273 4124 354 4185 inter
373 4123 538 4200 Jacobitas,
560 4143 626 4187 cum
649 4125 910 4207 hierosolymitani
937 4125 1085 4188 Antislitis
1117 4127 1229 4190 mentio
1251 4127 1391 4209 injicitur,
1415 4144 1476 4189 non
1498 4124 1586 4187 aliter

218 4230 349 4285 vocatur
371 4241 458 4303 quam
479 4222 683 4304 Metropolita,
706 4231 737 4286 et
759 4225 826 4287 talis
849 4223 1058 4308 eratlgnatius
1072 4224 1110 4286 ad
1124 4242 1213 4306 quem
1225 4224 1477 4289 commentarium
1498 4243 1585 4289 suum

216 4325 249 4385 in
273 4321 381 4386 laeohi
402 4323 565 4406 liturgiam
589 4324 710 4404 scripsit
731 4322 894 4405 Dionysius
916 4323 1073 4388 Barsalihi.
1127 4323 1270 4408 Legimus
1293 4325 1381 4388 etiam
1403 4326 1433 4386 in
1455 4324 1586 4388 llistoria

217 4419 457 4485 Patriareharum
479 4412 762 4500 Alexandrincmm,
786 4423 930 4504 Cyrillom
962 4423 1053 4486 silium
1075 4423 1216 4504 Loklaki,
1247 4443 1327 4488 novo
1350 4425 1489 4506 exemplo
1512 4424 1587 4487 Hie-

217 4518 383 4601 rcsolymis
405 4522 628 4603 Metropolitum
657 4523 868 4601 constituisse,
896 4521 952 4585 sed
980 4523 1252 4588 contradicentibus
1281 4543 1341 4587 non
1369 4523 1458 4587 modo
1490 4524 1585 4606 Syris,

218 4636 326 4681 serum
348 4621 422 4700 ipsis
444 4621 621 4704 Aegypths,
652 4620 732 4703 quod
763 4621 838 4685 haec
867 4622 1012 4684 institutio
1042 4624 1080 4686 ad
1108 4622 1291 4688 Antiocheni
1319 4624 1509 4686 Patriarehae
1534 4623 1586 4705 jus

217 4726 385 4799 spectaret,
409 4740 450 4784 ex
471 4723 569 4785 veteri
591 4721 756 4802 disciplina.
793 4720 854 4784 Soli
876 4722 968 4805 igitur
990 4721 1098 4786 Graeci
1119 4723 1188 4786 urbi
1210 4730 1333 4787 sanctae
1355 4722 1586 4787 Patriarehalem

218 4817 396 4899 dignitatern
418 4827 627 4899 servaverunt,
650 4838 777 4902 quorum
799 4821 939 4902 exemplo
950 4820 1057 4901 Latini,
1081 4841 1149 4885 cum
1171 4842 1237 4885 eam
1260 4824 1349 4886 armis
1372 4831 1584 4904 occupassent,

217 4915 357 4982 Latinum
384 4921 585 4985 Patriareham
611 4921 817 5000 instituerunt,
853 4921 939 5001 cujus
968 4922 1157 5004 postmodum
1184 4922 1253 4987 loco
1280 4911 1389 5008 κωφὸν
1414 4910 1585 5009 πρόςαητον

218 5013 334 5082 Romae
357 5021 561 5106 constituitur,
584 5020 690 5102 Neque
713 5026 819 5083 contra
840 5020 871 5082 id
892 5020 974 5103 quod
996 5020 1054 5084 huc
1075 5040 1173 5104 usque
1195 5022 1306 5085 dictum
1326 5021 1392 5104 luit,
1415 5021 1503 5104 objici
1524 5017 1608 5103 po-'
