<?xml version="1.0" encoding="UTF-8"?>
<!DOCTYPE html PUBLIC "-//W3C//DTD XHTML 1.0 Transitional//EN"
    "http://www.w3.org/TR/xhtml1/DTD/xhtml1-transitional.dtd">
<html xmlns="http://www.w3.org/1999/xhtml" xml:lang="en" lang="en">
 <head>
  <title>
</title>
<meta http-equiv="Content-Type" content="text/html;charset=utf-8" />
  <meta name='ocr-system' content='tesseract 3.04.00' />
  <meta name='ocr-capabilities' content='ocr_page ocr_carea ocr_par ocr_line ocrx_word'/>
</head>
<body>
  <div class='ocr_page' id='page_1' title='image "./liturgiarumorie00unkngoog/liturgiarumorie00unkngoog_0843.png"; bbox 0 0 4525 6034; ppageno 0'>
   <div class='ocr_carea' id='block_1_1' title="bbox 589 589 1565 672">
    <p class='ocr_par' dir='ltr' id='par_1_1' title="bbox 589 589 1565 672">
     <span class='ocr_line' id='line_1_1' title="bbox 589 589 1565 672; baseline -0.002 -1"><span class='ocrx_word' id='word_1_1' title='bbox 589 591 1183 672; x_wconf 76' lang='lat' dir='ltr'><strong>SAllGllJADOBl.</strong></span> <span class='ocrx_word' id='word_1_2' title='bbox 1492 589 1565 670; x_wconf 73' lang='lat'><strong>120</strong></span> 
     </span>
    </p>
   </div>
   <div class='ocr_carea' id='block_1_2' title="bbox 122 781 1658 5185">
    <p class='ocr_par' dir='ltr' id='par_1_2' title="bbox 170 781 1568 1806">
     <span class='ocr_line' id='line_1_2' title="bbox 303 781 1568 878; baseline 0.002 -24"><span class='ocrx_word' id='word_1_3' title='bbox 303 782 472 855; x_wconf 77' lang='lat' dir='ltr'><strong>Memento</strong></span> <span class='ocrx_word' id='word_1_4' title='bbox 497 785 608 870; x_wconf 89' lang='lat' dir='ltr'><strong>etiam,</strong></span> <span class='ocrx_word' id='word_1_5' title='bbox 634 783 794 869; x_wconf 88' lang='lat' dir='ltr'><strong>Domine,</strong></span> <span class='ocrx_word' id='word_1_6' title='bbox 830 781 963 854; x_wconf 90' lang='lat' dir='ltr'><strong>Patrum</strong></span> <span class='ocrx_word' id='word_1_7' title='bbox 999 793 1190 856; x_wconf 88' lang='lat' dir='ltr'><strong>nostrorum</strong></span> <span class='ocrx_word' id='word_1_8' title='bbox 1221 786 1352 878; x_wconf 91' lang='lat' dir='ltr'><strong>piorum</strong></span> <span class='ocrx_word' id='word_1_9' title='bbox 1378 795 1412 856; x_wconf 93' lang='lat' dir='ltr'><strong>et</strong></span> <span class='ocrx_word' id='word_1_10' title='bbox 1438 782 1568 856; x_wconf 85' lang='lat' dir='ltr'><strong>Ortho-</strong></span> 
     </span>
     <span class='ocr_line' id='line_1_3' title="bbox 205 896 1567 996; baseline 0 -26"><span class='ocrx_word' id='word_1_11' title='bbox 205 899 383 986; x_wconf 80' lang='lat' dir='ltr'><strong>doxorum,</strong></span> <span class='ocrx_word' id='word_1_12' title='bbox 409 896 622 971; x_wconf 86' lang='lat' dir='ltr'><strong>Patriarchae</strong></span> <span class='ocrx_word' id='word_1_13' title='bbox 656 902 762 971; x_wconf 86' lang='lat' dir='ltr'><strong>nostri</strong></span> <span class='ocrx_word' id='word_1_14' title='bbox 794 897 927 970; x_wconf 86' lang='lat' dir='ltr'><strong>Domini</strong></span> <span class='ocrx_word' id='word_1_15' title='bbox 959 898 1001 971; x_wconf 87' lang='lat' dir='ltr'><strong>N.</strong></span> <span class='ocrx_word' id='word_1_16' title='bbox 1037 908 1072 972; x_wconf 89' lang='lat' dir='ltr'><strong>et</strong></span> <span class='ocrx_word' id='word_1_17' title='bbox 1100 898 1235 971; x_wconf 85' lang='lat' dir='ltr'>Domini</span> <span class='ocrx_word' id='word_1_18' title='bbox 1267 898 1307 970; x_wconf 90' lang='lat' dir='ltr'><strong>N.</strong></span> <span class='ocrx_word' id='word_1_19' title='bbox 1341 911 1375 973; x_wconf 91' lang='lat' dir='ltr'><strong>et</strong></span> <span class='ocrx_word' id='word_1_20' title='bbox 1404 899 1567 996; x_wconf 85' lang='lat' dir='ltr'>Episcopi</span> 
     </span>
     <span class='ocr_line' id='line_1_4' title="bbox 203 1013 1566 1110; baseline -0.001 -23"><span class='ocrx_word' id='word_1_21' title='bbox 203 1018 304 1087; x_wconf 80' lang='lat' dir='ltr'><strong>nostri</strong></span> <span class='ocrx_word' id='word_1_22' title='bbox 335 1016 469 1087; x_wconf 85' lang='lat' dir='ltr'><strong>Domini</strong></span> <span class='ocrx_word' id='word_1_23' title='bbox 501 1013 543 1086; x_wconf 89' lang='lat' dir='ltr'><strong>N.</strong></span> <span class='ocrx_word' id='word_1_24' title='bbox 575 1014 856 1110; x_wconf 72' lang='lat' dir='ltr'><strong>Presbyterorum</strong></span> <span class='ocrx_word' id='word_1_25' title='bbox 890 1037 1022 1110; x_wconf 88' lang='lat' dir='ltr'><strong>quoque</strong></span> <span class='ocrx_word' id='word_1_26' title='bbox 1058 1025 1092 1087; x_wconf 90' lang='lat' dir='ltr'><strong>et</strong></span> <span class='ocrx_word' id='word_1_27' title='bbox 1122 1016 1366 1104; x_wconf 89' lang='lat' dir='ltr'><strong>Diaconomm,</strong></span> <span class='ocrx_word' id='word_1_28' title='bbox 1401 1028 1435 1089; x_wconf 90' lang='lat' dir='ltr'><strong>et</strong></span> <span class='ocrx_word' id='word_1_29' title='bbox 1466 1018 1566 1087; x_wconf 86' lang='lat' dir='ltr'><strong>totius</strong></span> 
     </span>
     <span class='ocr_line' id='line_1_5' title="bbox 204 1130 1565 1224; baseline -0.001 -21"><span class='ocrx_word' id='word_1_30' title='bbox 204 1131 332 1204; x_wconf 79' lang='lat' dir='ltr'><strong>Ordinis</strong></span> <span class='ocrx_word' id='word_1_31' title='bbox 359 1130 606 1203; x_wconf 87' lang='lat' dir='ltr'><strong>Ecclesiastici:</strong></span> <span class='ocrx_word' id='word_1_32' title='bbox 633 1154 707 1203; x_wconf 88' lang='lat' dir='ltr'><strong>eum</strong></span> <span class='ocrx_word' id='word_1_33' title='bbox 734 1130 920 1203; x_wconf 84' lang='lat' dir='ltr'><strong>infirmitate</strong></span> <span class='ocrx_word' id='word_1_34' title='bbox 945 1153 1029 1203; x_wconf 92' lang='lat' dir='ltr'><strong>mea.</strong></span> <span class='ocrx_word' id='word_1_35' title='bbox 1083 1131 1227 1203; x_wconf 84' lang='lat' dir='ltr'><strong>Peccata</strong></span> <span class='ocrx_word' id='word_1_36' title='bbox 1258 1134 1441 1224; x_wconf 81' lang='lat' dir='ltr'><strong>juventutis</strong></span> <span class='ocrx_word' id='word_1_37' title='bbox 1469 1153 1565 1203; x_wconf 89' lang='lat' dir='ltr'><strong>meae</strong></span> 
     </span>
     <span class='ocr_line' id='line_1_6' title="bbox 200 1246 1567 1345; baseline 0 -27"><span class='ocrx_word' id='word_1_38' title='bbox 200 1269 242 1318; x_wconf 90' lang='lat' dir='ltr'><strong>ue</strong></span> <span class='ocrx_word' id='word_1_39' title='bbox 267 1250 458 1320; x_wconf 91' lang='lat' dir='ltr'><strong>memineris</strong></span> <span class='ocrx_word' id='word_1_40' title='bbox 483 1246 583 1338; x_wconf 86' lang='lat' dir='ltr'><strong>milri,</strong></span> <span class='ocrx_word' id='word_1_41' title='bbox 618 1247 679 1320; x_wconf 87' lang='lat' dir='ltr'><strong>sed</strong></span> <span class='ocrx_word' id='word_1_42' title='bbox 712 1246 894 1320; x_wconf 90' lang='lat' dir='ltr'><strong>secundum</strong></span> <span class='ocrx_word' id='word_1_43' title='bbox 927 1246 1189 1319; x_wconf 87' lang='lat' dir='ltr'><strong>misericordiam</strong></span> <span class='ocrx_word' id='word_1_44' title='bbox 1222 1257 1312 1345; x_wconf 88' lang='lat' dir='ltr'><strong>tuam</strong></span> <span class='ocrx_word' id='word_1_45' title='bbox 1337 1247 1473 1320; x_wconf 79' lang='lat' dir='ltr'><strong>vivifica</strong></span> <span class='ocrx_word' id='word_1_46' title='bbox 1500 1270 1567 1320; x_wconf 85' lang='lat' dir='ltr'><strong>me.-</strong></span> 
     </span>
     <span class='ocr_line' id='line_1_7' title="bbox 200 1362 1564 1461; baseline 0 -26"><span class='ocrx_word' id='word_1_47' title='bbox 200 1362 366 1436; x_wconf 90' lang='lat' dir='ltr'><strong>Memento</strong></span> <span class='ocrx_word' id='word_1_48' title='bbox 393 1385 524 1460; x_wconf 83' lang='lat' dir='ltr'><strong>qnoque</strong></span> <span class='ocrx_word' id='word_1_49' title='bbox 550 1363 687 1436; x_wconf 73' lang='lat' dir='ltr'><strong>nauum</strong></span> <span class='ocrx_word' id='word_1_50' title='bbox 713 1374 901 1437; x_wconf 89' lang='lat' dir='ltr'><strong>nostrorum</strong></span> <span class='ocrx_word' id='word_1_51' title='bbox 928 1366 1155 1461; x_wconf 88' lang='lat' dir='ltr'><strong>captivomm,</strong></span> <span class='ocrx_word' id='word_1_52' title='bbox 1181 1363 1403 1453; x_wconf 89' lang='lat' dir='ltr'><strong>infirmorum,</strong></span> <span class='ocrx_word' id='word_1_53' title='bbox 1434 1366 1564 1437; x_wconf 87' lang='lat' dir='ltr'><strong>variis-</strong></span> 
     </span>
     <span class='ocr_line' id='line_1_8' title="bbox 201 1478 1564 1575; baseline -0.001 -23"><span class='ocrx_word' id='word_1_54' title='bbox 201 1501 263 1575; x_wconf 88' lang='lat' dir='ltr'><strong>que</strong></span> <span class='ocrx_word' id='word_1_55' title='bbox 287 1479 416 1552; x_wconf 86' lang='lat' dir='ltr'><strong>morbis</strong></span> <span class='ocrx_word' id='word_1_56' title='bbox 442 1478 673 1569; x_wconf 87' lang='lat' dir='ltr'><strong>laborantium,</strong></span> <span class='ocrx_word' id='word_1_57' title='bbox 699 1489 734 1551; x_wconf 90' lang='lat' dir='ltr'><strong>et</strong></span> <span class='ocrx_word' id='word_1_58' title='bbox 760 1500 874 1551; x_wconf 90' lang='lat' dir='ltr'><strong>eoram</strong></span> <span class='ocrx_word' id='word_1_59' title='bbox 902 1482 957 1573; x_wconf 90' lang='lat' dir='ltr'><strong>qui</strong></span> <span class='ocrx_word' id='word_1_60' title='bbox 984 1504 1005 1552; x_wconf 90' lang='lat' dir='ltr'><strong>a</strong></span> <span class='ocrx_word' id='word_1_61' title='bbox 1031 1478 1186 1572; x_wconf 89' lang='lat' dir='ltr'><strong>malignis</strong></span> <span class='ocrx_word' id='word_1_62' title='bbox 1202 1479 1369 1575; x_wconf 89' lang='lat' dir='ltr'><strong>spiritibus</strong></span> <span class='ocrx_word' id='word_1_63' title='bbox 1395 1480 1564 1553; x_wconf 81' lang='lat' dir='ltr'><strong>infestan-</strong></span> 
     </span>
     <span class='ocr_line' id='line_1_9' title="bbox 200 1596 1564 1693; baseline -0.001 -25"><span class='ocrx_word' id='word_1_64' title='bbox 200 1607 257 1668; x_wconf 92' lang='lat' dir='ltr'><strong>tur.</strong></span> <span class='ocrx_word' id='word_1_65' title='bbox 311 1598 395 1669; x_wconf 78' lang='lat' dir='ltr'><strong>Aeni</strong></span> <span class='ocrx_word' id='word_1_66' title='bbox 421 1619 552 1693; x_wconf 88' lang='lat' dir='ltr'><strong>quoque</strong></span> <span class='ocrx_word' id='word_1_67' title='bbox 579 1606 612 1669; x_wconf 90' lang='lat' dir='ltr'><strong>et</strong></span> <span class='ocrx_word' id='word_1_68' title='bbox 638 1619 784 1669; x_wconf 92' lang='lat' dir='ltr'><strong>coronae</strong></span> <span class='ocrx_word' id='word_1_69' title='bbox 812 1599 889 1668; x_wconf 89' lang='lat' dir='ltr'><strong>anni</strong></span> <span class='ocrx_word' id='word_1_70' title='bbox 914 1596 1116 1688; x_wconf 86' lang='lat' dir='ltr'><strong>benedicito,</strong></span> <span class='ocrx_word' id='word_1_71' title='bbox 1142 1597 1318 1693; x_wconf 82' lang='lat' dir='ltr'><strong>perficiens</strong></span> <span class='ocrx_word' id='word_1_72' title='bbox 1344 1597 1467 1671; x_wconf 85' lang='lat' dir='ltr'><strong>bonam</strong></span> <span class='ocrx_word' id='word_1_73' title='bbox 1492 1620 1564 1668; x_wconf 88' lang='lat' dir='ltr'><strong>vo-</strong></span> 
     </span>
     <span class='ocr_line' id='line_1_10' title="bbox 170 1712 875 1806; baseline -0.001 -22"><span class='ocrx_word' id='word_1_74' title='bbox 170 1712 353 1785; x_wconf 90' lang='lat' dir='ltr'><strong>·luntatem</strong></span> <span class='ocrx_word' id='word_1_75' title='bbox 382 1722 481 1801; x_wconf 88' lang='lat' dir='ltr'><strong>tuam,</strong></span> <span class='ocrx_word' id='word_1_76' title='bbox 509 1735 592 1806; x_wconf 88' lang='lat' dir='ltr'><strong>erga</strong></span> <span class='ocrx_word' id='word_1_77' title='bbox 619 1735 718 1785; x_wconf 88' lang='lat' dir='ltr'><strong>omne</strong></span> <span class='ocrx_word' id='word_1_78' title='bbox 743 1716 875 1785; x_wconf 83' lang='lat' dir='ltr'><strong>vivens.</strong></span> 
     </span>
    </p>

    <p class='ocr_par' dir='ltr' id='par_1_3' title="bbox 194 1828 1566 2504">
     <span class='ocr_line' id='line_1_11' title="bbox 299 1828 1565 1927; baseline 0.001 -26"><span class='ocrx_word' id='word_1_79' title='bbox 299 1830 453 1901; x_wconf 74' lang='grc' dir='ltr'><strong>Εἰευαιιι</strong></span> <span class='ocrx_word' id='word_1_80' title='bbox 477 1851 604 1902; x_wconf 79' lang='lat' dir='ltr'><strong>aecem.</strong></span> <span class='ocrx_word' id='word_1_81' title='bbox 645 1828 690 1901; x_wconf 84' lang='lat' dir='ltr'><strong>Et</strong></span> <span class='ocrx_word' id='word_1_82' title='bbox 715 1828 821 1902; x_wconf 89' lang='lat' dir='ltr'><strong>libera</strong></span> <span class='ocrx_word' id='word_1_83' title='bbox 847 1851 923 1917; x_wconf 90' lang='lat' dir='ltr'><strong>nos,</strong></span> <span class='ocrx_word' id='word_1_84' title='bbox 949 1830 1103 1918; x_wconf 90' lang='lat' dir='ltr'><strong>Domine,</strong></span> <span class='ocrx_word' id='word_1_85' title='bbox 1130 1828 1173 1901; x_wconf 82' lang='lat' dir='ltr'><strong>al)</strong></span> <span class='ocrx_word' id='word_1_86' title='bbox 1201 1834 1290 1903; x_wconf 90' lang='lat' dir='ltr'><strong>omni</strong></span> <span class='ocrx_word' id='word_1_87' title='bbox 1315 1833 1565 1927; x_wconf 76' lang='lat' dir='ltr'><strong>impugnatione</strong></span> 
     </span>
     <span class='ocr_line' id='line_1_12' title="bbox 196 1945 1566 2032; baseline 0 -15"><span class='ocrx_word' id='word_1_88' title='bbox 196 1945 363 2019; x_wconf 87' lang='lat' dir='ltr'><strong>lominum</strong></span> <span class='ocrx_word' id='word_1_89' title='bbox 395 1946 573 2019; x_wconf 92' lang='lat' dir='ltr'><strong>malorum:</strong></span> <span class='ocrx_word' id='word_1_90' title='bbox 609 1947 651 2020; x_wconf 82' lang='lat' dir='ltr'><strong>al)</strong></span> <span class='ocrx_word' id='word_1_91' title='bbox 686 1949 775 2018; x_wconf 90' lang='lat' dir='ltr'><strong>omni</strong></span> <span class='ocrx_word' id='word_1_92' title='bbox 807 1947 941 2018; x_wconf 85' lang='lat' dir='ltr'><strong>incursu</strong></span> <span class='ocrx_word' id='word_1_93' title='bbox 975 1956 1009 2017; x_wconf 87' lang='lat' dir='ltr'><strong>et</strong></span> <span class='ocrx_word' id='word_1_94' title='bbox 1043 1945 1256 2019; x_wconf 80' lang='lat' dir='ltr'><strong>infestatione</strong></span> <span class='ocrx_word' id='word_1_95' title='bbox 1288 1945 1503 2032; x_wconf 83' lang='lat' dir='ltr'><strong>daemonnm,</strong></span> <span class='ocrx_word' id='word_1_96' title='bbox 1532 1957 1566 2018; x_wconf 92' lang='lat' dir='ltr'><strong>et</strong></span> 
     </span>
     <span class='ocr_line' id='line_1_13' title="bbox 196 2061 1565 2159; baseline -0.002 -24"><span class='ocrx_word' id='word_1_97' title='bbox 196 2063 237 2135; x_wconf 85' lang='lat' dir='ltr'><strong>ab</strong></span> <span class='ocrx_word' id='word_1_98' title='bbox 265 2061 419 2136; x_wconf 81' lang='lat' dir='ltr'><strong>omnibus</strong></span> <span class='ocrx_word' id='word_1_99' title='bbox 446 2062 555 2159; x_wconf 86' lang='lat' dir='ltr'><strong>plagis</strong></span> <span class='ocrx_word' id='word_1_100' title='bbox 583 2086 668 2157; x_wconf 91' lang='lat' dir='ltr'><strong>quae</strong></span> <span class='ocrx_word' id='word_1_101' title='bbox 694 2073 907 2159; x_wconf 87' lang='lat' dir='ltr'><strong>peecatorum</strong></span> <span class='ocrx_word' id='word_1_102' title='bbox 934 2073 1123 2135; x_wconf 89' lang='lat' dir='ltr'><strong>nostrorum</strong></span> <span class='ocrx_word' id='word_1_103' title='bbox 1150 2085 1253 2135; x_wconf 88' lang='lat' dir='ltr'><strong>causa</strong></span> <span class='ocrx_word' id='word_1_104' title='bbox 1273 2074 1437 2136; x_wconf 81' lang='lat' dir='ltr'><strong>venturae</strong></span> <span class='ocrx_word' id='word_1_105' title='bbox 1464 2084 1565 2157; x_wconf 90' lang='lat' dir='ltr'><strong>super</strong></span> 
     </span>
     <span class='ocr_line' id='line_1_14' title="bbox 194 2177 1564 2274; baseline 0 -23"><span class='ocrx_word' id='word_1_106' title='bbox 194 2201 256 2252; x_wconf 88' lang='lat' dir='ltr'><strong>nos</strong></span> <span class='ocrx_word' id='word_1_107' title='bbox 282 2179 405 2250; x_wconf 81' lang='lat' dir='ltr'><strong>forent</strong></span> <span class='ocrx_word' id='word_1_108' title='bbox 458 2177 635 2252; x_wconf 76' lang='lat' dir='ltr'><strong>conserva</strong></span> <span class='ocrx_word' id='word_1_109' title='bbox 664 2200 795 2274; x_wconf 92' lang='lat' dir='ltr'><strong>quoqne</strong></span> <span class='ocrx_word' id='word_1_110' title='bbox 821 2201 883 2250; x_wconf 94' lang='lat' dir='ltr'><strong>nos</strong></span> <span class='ocrx_word' id='word_1_111' title='bbox 910 2181 944 2249; x_wconf 92' lang='lat' dir='ltr'><strong>in</strong></span> <span class='ocrx_word' id='word_1_112' title='bbox 970 2177 1209 2251; x_wconf 86' lang='lat' dir='ltr'><strong>observatione</strong></span> <span class='ocrx_word' id='word_1_113' title='bbox 1226 2179 1454 2253; x_wconf 86' lang='lat' dir='ltr'><strong>mandatorum</strong></span> <span class='ocrx_word' id='word_1_114' title='bbox 1481 2190 1564 2252; x_wconf 86' lang='lat' dir='ltr'><strong>tuo-</strong></span> 
     </span>
     <span class='ocr_line' id='line_1_15' title="bbox 194 2295 1563 2391; baseline -0.001 -23"><span class='ocrx_word' id='word_1_115' title='bbox 194 2319 264 2368; x_wconf 91' lang='lat' dir='ltr'><strong>rum</strong></span> <span class='ocrx_word' id='word_1_116' title='bbox 291 2304 493 2383; x_wconf 83' lang='lat' dir='ltr'><strong>sanctorum,</strong></span> <span class='ocrx_word' id='word_1_117' title='bbox 521 2299 598 2391; x_wconf 89' lang='lat' dir='ltr'><strong>quia</strong></span> <span class='ocrx_word' id='word_1_118' title='bbox 623 2306 658 2367; x_wconf 94' lang='lat' dir='ltr'><strong>tu</strong></span> <span class='ocrx_word' id='word_1_119' title='bbox 683 2296 777 2367; x_wconf 89' lang='lat' dir='ltr'><strong>Deus</strong></span> <span class='ocrx_word' id='word_1_120' title='bbox 803 2297 996 2368; x_wconf 78' lang='lat' dir='ltr'><strong>misericors</strong></span> <span class='ocrx_word' id='word_1_121' title='bbox 1023 2317 1079 2384; x_wconf 90' lang='lat' dir='ltr'><strong>es,</strong></span> <span class='ocrx_word' id='word_1_122' title='bbox 1115 2305 1150 2366; x_wconf 88' lang='lat' dir='ltr'><strong>et</strong></span> <span class='ocrx_word' id='word_1_123' title='bbox 1182 2295 1240 2368; x_wconf 85' lang='lat' dir='ltr'><strong>tibi</strong></span> <span class='ocrx_word' id='word_1_124' title='bbox 1267 2295 1409 2389; x_wconf 90' lang='lat' dir='ltr'><strong>gloriam</strong></span> <span class='ocrx_word' id='word_1_125' title='bbox 1436 2295 1563 2368; x_wconf 81' lang='lat' dir='ltr'><strong>referi-</strong></span> 
     </span>
     <span class='ocr_line' id='line_1_16' title="bbox 194 2414 638 2504; baseline 0 -20"><span class='ocrx_word' id='word_1_126' title='bbox 194 2435 278 2504; x_wconf 85' lang='lat' dir='ltr'><strong>mus,</strong></span> <span class='ocrx_word' id='word_1_127' title='bbox 307 2420 342 2484; x_wconf 90' lang='lat' dir='ltr'><strong>et</strong></span> <span class='ocrx_word' id='word_1_128' title='bbox 366 2414 549 2504; x_wconf 88' lang='lat' dir='ltr'><strong>unigenito,</strong></span> <span class='ocrx_word' id='word_1_129' title='bbox 576 2423 638 2484; x_wconf 88' lang='lat' dir='ltr'><strong>eto.</strong></span> 
     </span>
    </p>

    <p class='ocr_par' dir='ltr' id='par_1_4' title="bbox 193 2526 1564 2951">
     <span class='ocr_line' id='line_1_17' title="bbox 296 2526 1564 2623; baseline 0.005 -26"><span class='ocrx_word' id='word_1_130' title='bbox 296 2526 494 2600; x_wconf 83' lang='lat' dir='ltr'><strong>inclinatas.</strong></span> <span class='ocrx_word' id='word_1_131' title='bbox 546 2527 715 2601; x_wconf 77' lang='lat' dir='ltr'><strong>Memento</strong></span> <span class='ocrx_word' id='word_1_132' title='bbox 742 2527 885 2599; x_wconf 90' lang='lat' dir='ltr'><strong>Domine</strong></span> <span class='ocrx_word' id='word_1_133' title='bbox 910 2526 1045 2598; x_wconf 88' lang='lat' dir='ltr'><strong>Patrum</strong></span> <span class='ocrx_word' id='word_1_134' title='bbox 1070 2536 1105 2599; x_wconf 89' lang='lat' dir='ltr'><strong>et</strong></span> <span class='ocrx_word' id='word_1_135' title='bbox 1129 2527 1282 2600; x_wconf 79' lang='lat' dir='ltr'><strong>Fratrum</strong></span> <span class='ocrx_word' id='word_1_136' title='bbox 1309 2531 1364 2623; x_wconf 93' lang='lat' dir='ltr'><strong>qui</strong></span> <span class='ocrx_word' id='word_1_137' title='bbox 1389 2527 1564 2603; x_wconf 89' lang='lat' dir='ltr'><strong>nobiscum</strong></span> 
     </span>
     <span class='ocr_line' id='line_1_18' title="bbox 195 2641 1563 2741; baseline 0.001 -25"><span class='ocrx_word' id='word_1_138' title='bbox 195 2643 324 2732; x_wconf 71' lang='lat' dir='ltr'><strong>adstant</strong></span> <span class='ocrx_word' id='word_1_139' title='bbox 349 2653 383 2714; x_wconf 89' lang='lat' dir='ltr'><strong>et</strong></span> <span class='ocrx_word' id='word_1_140' title='bbox 408 2654 523 2716; x_wconf 89' lang='lat' dir='ltr'><strong>orant:</strong></span> <span class='ocrx_word' id='word_1_141' title='bbox 550 2652 585 2716; x_wconf 92' lang='lat' dir='ltr'><strong>et</strong></span> <span class='ocrx_word' id='word_1_142' title='bbox 610 2666 726 2717; x_wconf 89' lang='lat' dir='ltr'><strong>eorum</strong></span> <span class='ocrx_word' id='word_1_143' title='bbox 753 2647 808 2739; x_wconf 92' lang='lat' dir='ltr'><strong>qui</strong></span> <span class='ocrx_word' id='word_1_144' title='bbox 844 2641 988 2716; x_wconf 86' lang='lat' dir='ltr'><strong>anobis</strong></span> <span class='ocrx_word' id='word_1_145' title='bbox 1015 2647 1258 2737; x_wconf 87' lang='lat' dir='ltr'><strong>migraverunt:</strong></span> <span class='ocrx_word' id='word_1_146' title='bbox 1291 2657 1327 2717; x_wconf 88' lang='lat' dir='ltr'><strong>ut</strong></span> <span class='ocrx_word' id='word_1_147' title='bbox 1359 2667 1474 2718; x_wconf 89' lang='lat' dir='ltr'><strong>eorum</strong></span> <span class='ocrx_word' id='word_1_148' title='bbox 1507 2649 1563 2741; x_wconf 89' lang='lat' dir='ltr'><strong>qul</strong></span> 
     </span>
     <span class='ocr_line' id='line_1_19' title="bbox 193 2760 1560 2858; baseline 0.001 -26"><span class='ocrx_word' id='word_1_149' title='bbox 193 2760 371 2833; x_wconf 89' lang='lat' dir='ltr'><strong>voluerunt</strong></span> <span class='ocrx_word' id='word_1_150' title='bbox 397 2760 537 2851; x_wconf 86' lang='lat' dir='ltr'><strong>ollerre,</strong></span> <span class='ocrx_word' id='word_1_151' title='bbox 570 2784 634 2834; x_wconf 89' lang='lat' dir='ltr'><strong>nee</strong></span> <span class='ocrx_word' id='word_1_152' title='bbox 668 2771 860 2858; x_wconf 87' lang='lat' dir='ltr'><strong>potuerunt:</strong></span> <span class='ocrx_word' id='word_1_153' title='bbox 895 2763 1072 2857; x_wconf 90' lang='lat' dir='ltr'><strong>unicuique</strong></span> <span class='ocrx_word' id='word_1_154' title='bbox 1106 2760 1258 2835; x_wconf 90' lang='lat' dir='ltr'><strong>concede</strong></span> <span class='ocrx_word' id='word_1_155' title='bbox 1283 2761 1442 2834; x_wconf 87' lang='lat' dir='ltr'><strong>honestas</strong></span> <span class='ocrx_word' id='word_1_156' title='bbox 1468 2764 1560 2857; x_wconf 90' lang='lat' dir='ltr'><strong>peti-</strong></span> 
     </span>
     <span class='ocr_line' id='line_1_20' title="bbox 194 2882 420 2951; baseline -0.009 -1"><span class='ocrx_word' id='word_1_157' title='bbox 194 2882 302 2951; x_wconf 84' lang='lat' dir='ltr'><strong>tiones</strong></span> <span class='ocrx_word' id='word_1_158' title='bbox 331 2899 420 2950; x_wconf 88' lang='lat' dir='ltr'><strong>suas.</strong></span> 
     </span>
    </p>

    <p class='ocr_par' dir='ltr' id='par_1_5' title="bbox 122 2992 1658 3666">
     <span class='ocr_line' id='line_1_21' title="bbox 295 2992 1658 3091; baseline 0.001 -26"><span class='ocrx_word' id='word_1_159' title='bbox 295 2992 449 3065; x_wconf 78' lang='lat' dir='ltr'><strong>Eleoam</strong></span> <span class='ocrx_word' id='word_1_160' title='bbox 473 3015 599 3066; x_wconf 79' lang='lat' dir='ltr'><strong>vocent.</strong></span> <span class='ocrx_word' id='word_1_161' title='bbox 645 2994 812 3067; x_wconf 84' lang='lat' dir='ltr'><strong>Memento</strong></span> <span class='ocrx_word' id='word_1_162' title='bbox 840 2995 982 3067; x_wconf 92' lang='lat' dir='ltr'><strong>Domine</strong></span> <span class='ocrx_word' id='word_1_163' title='bbox 1009 2998 1153 3068; x_wconf 90' lang='lat' dir='ltr'><strong>omnium</strong></span> <span class='ocrx_word' id='word_1_164' title='bbox 1169 3018 1319 3091; x_wconf 90' lang='lat' dir='ltr'><strong>quorum</strong></span> <span class='ocrx_word' id='word_1_165' title='bbox 1346 2997 1561 3080; x_wconf 88' lang='lat' dir='ltr'><strong>meminimus,</strong></span> <span class='ocrx_word' id='word_1_166' title='bbox 1655 3007 1658 3021; x_wconf 93' lang='lat'>&#39;</span> 
     </span>
     <span class='ocr_line' id='line_1_22' title="bbox 192 3110 1561 3207; baseline 0.002 -28"><span class='ocrx_word' id='word_1_167' title='bbox 192 3118 225 3180; x_wconf 91' lang='lat' dir='ltr'><strong>et</strong></span> <span class='ocrx_word' id='word_1_168' title='bbox 250 3132 392 3206; x_wconf 91' lang='lat' dir='ltr'><strong>quorum</strong></span> <span class='ocrx_word' id='word_1_169' title='bbox 419 3132 485 3183; x_wconf 92' lang='lat' dir='ltr'><strong>non</strong></span> <span class='ocrx_word' id='word_1_170' title='bbox 512 3114 728 3182; x_wconf 87' lang='lat' dir='ltr'><strong>meminimus.</strong></span> <span class='ocrx_word' id='word_1_171' title='bbox 781 3111 923 3206; x_wconf 85' lang='lat' dir='ltr'><strong>Suscipe</strong></span> <span class='ocrx_word' id='word_1_172' title='bbox 950 3112 1113 3183; x_wconf 86' lang='lat' dir='ltr'><strong>sacrificia</strong></span> <span class='ocrx_word' id='word_1_173' title='bbox 1148 3133 1263 3184; x_wconf 89' lang='lat' dir='ltr'><strong>eorum</strong></span> <span class='ocrx_word' id='word_1_174' title='bbox 1295 3115 1327 3182; x_wconf 90' lang='lat' dir='ltr'><strong>in</strong></span> <span class='ocrx_word' id='word_1_175' title='bbox 1359 3110 1561 3207; x_wconf 88' lang='lat' dir='ltr'><strong>amplissima</strong></span> 
     </span>
     <span class='ocr_line' id='line_1_23' title="bbox 191 3225 1561 3323; baseline 0.004 -28"><span class='ocrx_word' id='word_1_176' title='bbox 191 3232 335 3319; x_wconf 82' lang='lat' dir='ltr'><strong>regione</strong></span> <span class='ocrx_word' id='word_1_177' title='bbox 363 3225 534 3299; x_wconf 87' lang='lat' dir='ltr'><strong>coelomm</strong></span> <span class='ocrx_word' id='word_1_178' title='bbox 559 3237 698 3299; x_wconf 79' lang='lat' dir='ltr'><strong>tuonom.</strong></span> <span class='ocrx_word' id='word_1_179' title='bbox 747 3225 908 3299; x_wconf 86' lang='lat' dir='ltr'><strong>Retrihue</strong></span> <span class='ocrx_word' id='word_1_180' title='bbox 934 3226 998 3300; x_wconf 89' lang='lat' dir='ltr'><strong>illis</strong></span> <span class='ocrx_word' id='word_1_181' title='bbox 1024 3228 1183 3300; x_wconf 80' lang='lat' dir='ltr'><strong>laetitiam</strong></span> <span class='ocrx_word' id='word_1_182' title='bbox 1209 3226 1341 3315; x_wconf 88' lang='lat' dir='ltr'><strong>salutis,</strong></span> <span class='ocrx_word' id='word_1_183' title='bbox 1368 3237 1402 3299; x_wconf 91' lang='lat' dir='ltr'><strong>et</strong></span> <span class='ocrx_word' id='word_1_184' title='bbox 1427 3237 1561 3323; x_wconf 88' lang='lat' dir='ltr'><strong>praesta</strong></span> 
     </span>
     <span class='ocr_line' id='line_1_24' title="bbox 192 3341 1561 3434; baseline 0.001 -20"><span class='ocrx_word' id='word_1_185' title='bbox 192 3342 253 3416; x_wconf 93' lang='lat' dir='ltr'><strong>illis</strong></span> <span class='ocrx_word' id='word_1_186' title='bbox 279 3341 438 3415; x_wconf 84' lang='lat' dir='ltr'><strong>auxilium</strong></span> <span class='ocrx_word' id='word_1_187' title='bbox 466 3368 487 3416; x_wconf 91' lang='lat' dir='ltr'><strong>a</strong></span> <span class='ocrx_word' id='word_1_188' title='bbox 513 3353 565 3415; x_wconf 92' lang='lat' dir='ltr'><strong>te:</strong></span> <span class='ocrx_word' id='word_1_189' title='bbox 591 3341 715 3415; x_wconf 90' lang='lat' dir='ltr'><strong>robora</strong></span> <span class='ocrx_word' id='word_1_190' title='bbox 742 3342 818 3416; x_wconf 89' lang='lat' dir='ltr'><strong>illos</strong></span> <span class='ocrx_word' id='word_1_191' title='bbox 844 3346 967 3416; x_wconf 86' lang='lat' dir='ltr'><strong>virtute</strong></span> <span class='ocrx_word' id='word_1_192' title='bbox 993 3354 1061 3434; x_wconf 88' lang='lat' dir='ltr'><strong>tua,</strong></span> <span class='ocrx_word' id='word_1_193' title='bbox 1088 3354 1122 3416; x_wconf 91' lang='lat' dir='ltr'><strong>et</strong></span> <span class='ocrx_word' id='word_1_194' title='bbox 1149 3366 1241 3417; x_wconf 90' lang='lat' dir='ltr'><strong>arma</strong></span> <span class='ocrx_word' id='word_1_195' title='bbox 1268 3342 1344 3416; x_wconf 90' lang='lat' dir='ltr'><strong>illos</strong></span> <span class='ocrx_word' id='word_1_196' title='bbox 1369 3342 1561 3416; x_wconf 82' lang='lat' dir='ltr'><strong>fortitudine</strong></span> 
     </span>
     <span class='ocr_line' id='line_1_25' title="bbox 122 3459 1559 3555; baseline 0.002 -25"><span class='ocrx_word' id='word_1_197' title='bbox 122 3502 127 3512; x_wconf 90' lang='lat'><strong>·</strong></span> <span class='ocrx_word' id='word_1_198' title='bbox 192 3468 267 3550; x_wconf 86' lang='lat' dir='ltr'><strong>tua,</strong></span> <span class='ocrx_word' id='word_1_199' title='bbox 304 3463 382 3555; x_wconf 90' lang='lat' dir='ltr'><strong>quia</strong></span> <span class='ocrx_word' id='word_1_200' title='bbox 416 3470 451 3532; x_wconf 90' lang='lat' dir='ltr'><strong>tu</strong></span> <span class='ocrx_word' id='word_1_201' title='bbox 486 3482 524 3533; x_wconf 89' lang='lat' dir='ltr'><strong>es</strong></span> <span class='ocrx_word' id='word_1_202' title='bbox 560 3463 770 3549; x_wconf 71' lang='lat' dir='ltr'><strong>misericors,</strong></span> <span class='ocrx_word' id='word_1_203' title='bbox 803 3470 836 3532; x_wconf 87' lang='lat' dir='ltr'><strong>et</strong></span> <span class='ocrx_word' id='word_1_204' title='bbox 869 3460 927 3534; x_wconf 88' lang='lat' dir='ltr'><strong>tibi</strong></span> <span class='ocrx_word' id='word_1_205' title='bbox 962 3459 1103 3553; x_wconf 81' lang='lat' dir='ltr'><strong>gloriam</strong></span> <span class='ocrx_word' id='word_1_206' title='bbox 1135 3460 1332 3548; x_wconf 76' lang='lat' dir='ltr'><strong>referimus,</strong></span> <span class='ocrx_word' id='word_1_207' title='bbox 1370 3469 1403 3530; x_wconf 91' lang='lat' dir='ltr'><strong>et</strong></span> <span class='ocrx_word' id='word_1_208' title='bbox 1434 3462 1559 3554; x_wconf 91' lang='lat' dir='ltr'><strong>unige-</strong></span> 
     </span>
     <span class='ocr_line' id='line_1_26' title="bbox 191 3578 364 3666; baseline 0 -20"><span class='ocrx_word' id='word_1_209' title='bbox 191 3578 273 3666; x_wconf 90' lang='lat' dir='ltr'><strong>nito,</strong></span> <span class='ocrx_word' id='word_1_210' title='bbox 301 3585 364 3647; x_wconf 88' lang='lat' dir='ltr'><strong>eto.</strong></span> 
     </span>
    </p>

    <p class='ocr_par' dir='ltr' id='par_1_6' title="bbox 294 3692 628 3785">
     <span class='ocr_line' id='line_1_27' title="bbox 294 3692 628 3785; baseline 0 -22"><span class='ocrx_word' id='word_1_211' title='bbox 294 3692 457 3785; x_wconf 76' lang='lat' dir='ltr'><strong>Populea.</strong></span> <span class='ocrx_word' id='word_1_212' title='bbox 509 3693 628 3764; x_wconf 88' lang='lat' dir='ltr'><strong>Amen.</strong></span> 
     </span>
    </p>

    <p class='ocr_par' dir='ltr' id='par_1_7' title="bbox 189 3808 1559 4251">
     <span class='ocr_line' id='line_1_28' title="bbox 294 3808 1558 3906; baseline 0.002 -27"><span class='ocrx_word' id='word_1_213' title='bbox 294 3808 469 3880; x_wconf 79' lang='lat' dir='ltr'><strong>Sacerdos</strong></span> <span class='ocrx_word' id='word_1_214' title='bbox 494 3809 684 3879; x_wconf 83' lang='lat' dir='ltr'><strong>inclinatus.</strong></span> <span class='ocrx_word' id='word_1_215' title='bbox 736 3808 904 3882; x_wconf 87' lang='lat' dir='ltr'><strong>Memento</strong></span> <span class='ocrx_word' id='word_1_216' title='bbox 936 3810 1080 3882; x_wconf 79' lang='lat' dir='ltr'><strong>DomIne</strong></span> <span class='ocrx_word' id='word_1_217' title='bbox 1112 3808 1244 3902; x_wconf 82' lang='lat' dir='ltr'><strong>Regum</strong></span> <span class='ocrx_word' id='word_1_218' title='bbox 1277 3820 1312 3882; x_wconf 90' lang='lat' dir='ltr'><strong>et</strong></span> <span class='ocrx_word' id='word_1_219' title='bbox 1342 3809 1558 3906; x_wconf 77' lang='lat' dir='ltr'><strong>Reginamm</strong></span> 
     </span>
     <span class='ocr_line' id='line_1_29' title="bbox 191 3923 1559 4023; baseline 0.004 -28"><span class='ocrx_word' id='word_1_220' title='bbox 191 3927 244 4019; x_wconf 89' lang='lat' dir='ltr'><strong>qui</strong></span> <span class='ocrx_word' id='word_1_221' title='bbox 275 3947 394 3997; x_wconf 87' lang='lat' dir='ltr'><strong>veram</strong></span> <span class='ocrx_word' id='word_1_222' title='bbox 427 3923 624 4017; x_wconf 88' lang='lat' dir='ltr'><strong>religionem</strong></span> <span class='ocrx_word' id='word_1_223' title='bbox 655 3924 865 4022; x_wconf 84' lang='lat' dir='ltr'><strong>profitentur:</strong></span> <span class='ocrx_word' id='word_1_224' title='bbox 900 3926 1056 3998; x_wconf 87' lang='lat' dir='ltr'><strong>auxilinm</strong></span> <span class='ocrx_word' id='word_1_225' title='bbox 1087 3924 1152 3998; x_wconf 91' lang='lat' dir='ltr'><strong>illis</strong></span> <span class='ocrx_word' id='word_1_226' title='bbox 1188 3926 1230 3997; x_wconf 90' lang='lat' dir='ltr'><strong>da</strong></span> <span class='ocrx_word' id='word_1_227' title='bbox 1263 3949 1325 4023; x_wconf 90' lang='lat' dir='ltr'><strong>per</strong></span> <span class='ocrx_word' id='word_1_228' title='bbox 1359 3940 1559 4000; x_wconf 88' lang='lat' dir='ltr'><strong>armaturam</strong></span> 
     </span>
     <span class='ocr_line' id='line_1_30' title="bbox 189 4041 1558 4139; baseline 0.002 -26"><span class='ocrx_word' id='word_1_229' title='bbox 189 4045 341 4137; x_wconf 89' lang='lat' dir='ltr'><strong>spiritus:</strong></span> <span class='ocrx_word' id='word_1_230' title='bbox 369 4061 485 4115; x_wconf 87' lang='lat' dir='ltr'><strong>omnes</strong></span> <span class='ocrx_word' id='word_1_231' title='bbox 514 4045 568 4137; x_wconf 93' lang='lat' dir='ltr'><strong>qui</strong></span> <span class='ocrx_word' id='word_1_232' title='bbox 594 4041 668 4114; x_wconf 90' lang='lat' dir='ltr'><strong>illos</strong></span> <span class='ocrx_word' id='word_1_233' title='bbox 696 4041 837 4114; x_wconf 91' lang='lat' dir='ltr'><strong>oderunt</strong></span> <span class='ocrx_word' id='word_1_234' title='bbox 864 4041 990 4136; x_wconf 85' lang='lat' dir='ltr'><strong>subjice</strong></span> <span class='ocrx_word' id='word_1_235' title='bbox 1016 4041 1092 4132; x_wconf 90' lang='lat' dir='ltr'><strong>illis,</strong></span> <span class='ocrx_word' id='word_1_236' title='bbox 1118 4054 1155 4115; x_wconf 90' lang='lat' dir='ltr'><strong>ut</strong></span> <span class='ocrx_word' id='word_1_237' title='bbox 1180 4065 1242 4118; x_wconf 93' lang='lat' dir='ltr'><strong>nos</strong></span> <span class='ocrx_word' id='word_1_238' title='bbox 1265 4042 1471 4139; x_wconf 88' lang='lat' dir='ltr'><strong>tranquillam</strong></span> <span class='ocrx_word' id='word_1_239' title='bbox 1497 4049 1558 4116; x_wconf 88' lang='lat' dir='ltr'><strong>vi-</strong></span> 
     </span>
     <span class='ocr_line' id='line_1_31' title="bbox 191 4169 435 4251; baseline -0.004 -21"><span class='ocrx_word' id='word_1_240' title='bbox 191 4169 257 4230; x_wconf 88' lang='lat' dir='ltr'><strong>tam</strong></span> <span class='ocrx_word' id='word_1_241' title='bbox 285 4180 435 4251; x_wconf 84' lang='lat' dir='ltr'><strong>agamus.</strong></span> 
     </span>
    </p>

    <p class='ocr_par' dir='ltr' id='par_1_8' title="bbox 189 4273 1559 4600">
     <span class='ocr_line' id='line_1_32' title="bbox 293 4273 1558 4370; baseline 0.001 -24"><span class='ocrx_word' id='word_1_242' title='bbox 293 4275 443 4346; x_wconf 85' lang='lat' dir='ltr'><strong>Eleoons</strong></span> <span class='ocrx_word' id='word_1_243' title='bbox 468 4297 594 4346; x_wconf 83' lang='lat' dir='ltr'><strong>vocem.</strong></span> <span class='ocrx_word' id='word_1_244' title='bbox 628 4274 713 4361; x_wconf 82' lang='lat' dir='ltr'><strong>Quia</strong></span> <span class='ocrx_word' id='word_1_245' title='bbox 741 4285 774 4347; x_wconf 92' lang='lat' dir='ltr'><strong>tu</strong></span> <span class='ocrx_word' id='word_1_246' title='bbox 801 4298 839 4347; x_wconf 89' lang='lat' dir='ltr'><strong>es</strong></span> <span class='ocrx_word' id='word_1_247' title='bbox 867 4273 1015 4347; x_wconf 86' lang='lat' dir='ltr'><strong>salvator</strong></span> <span class='ocrx_word' id='word_1_248' title='bbox 1033 4285 1067 4347; x_wconf 89' lang='lat' dir='ltr'><strong>et</strong></span> <span class='ocrx_word' id='word_1_249' title='bbox 1081 4273 1271 4362; x_wconf 72' lang='lat' dir='ltr'><strong>auxiliator,</strong></span> <span class='ocrx_word' id='word_1_250' title='bbox 1298 4275 1425 4370; x_wconf 88' lang='lat' dir='ltr'><strong>dasque</strong></span> <span class='ocrx_word' id='word_1_251' title='bbox 1442 4278 1558 4347; x_wconf 90' lang='lat' dir='ltr'><strong>victo-</strong></span> 
     </span>
     <span class='ocr_line' id='line_1_33' title="bbox 189 4389 1559 4488; baseline 0 -26"><span class='ocrx_word' id='word_1_252' title='bbox 189 4395 274 4464; x_wconf 87' lang='lat' dir='ltr'><strong>riam</strong></span> <span class='ocrx_word' id='word_1_253' title='bbox 301 4391 452 4464; x_wconf 88' lang='lat' dir='ltr'><strong>omnibus</strong></span> <span class='ocrx_word' id='word_1_254' title='bbox 481 4395 535 4486; x_wconf 87' lang='lat' dir='ltr'><strong>qni</strong></span> <span class='ocrx_word' id='word_1_255' title='bbox 562 4401 699 4488; x_wconf 91' lang='lat' dir='ltr'><strong>sperant</strong></span> <span class='ocrx_word' id='word_1_256' title='bbox 724 4394 755 4462; x_wconf 93' lang='lat' dir='ltr'><strong>in</strong></span> <span class='ocrx_word' id='word_1_257' title='bbox 784 4402 829 4483; x_wconf 89' lang='lat' dir='ltr'><strong>te,</strong></span> <span class='ocrx_word' id='word_1_258' title='bbox 855 4392 1018 4480; x_wconf 86' lang='lat' dir='ltr'><strong>Domine,</strong></span> <span class='ocrx_word' id='word_1_259' title='bbox 1054 4390 1178 4486; x_wconf 88' lang='lat' dir='ltr'><strong>tibique</strong></span> <span class='ocrx_word' id='word_1_260' title='bbox 1213 4391 1353 4484; x_wconf 87' lang='lat' dir='ltr'><strong>gloriam</strong></span> <span class='ocrx_word' id='word_1_261' title='bbox 1385 4389 1559 4463; x_wconf 78' lang='lat' dir='ltr'><strong>referimus</strong></span> 
     </span>
     <span class='ocr_line' id='line_1_34' title="bbox 190 4491 1533 4600; baseline 0.001 -21"><span class='ocrx_word' id='word_1_262' title='bbox 190 4517 223 4579; x_wconf 86' lang='lat' dir='ltr'><strong>et</strong></span> <span class='ocrx_word' id='word_1_263' title='bbox 248 4511 433 4600; x_wconf 90' lang='lat' dir='ltr'><strong>unigenito,</strong></span> <span class='ocrx_word' id='word_1_264' title='bbox 460 4517 522 4581; x_wconf 85' lang='lat' dir='ltr'><strong>eta.</strong></span> <span class='ocrx_word' id='word_1_265' title='bbox 1531 4491 1533 4496; x_wconf 32' lang='lat'><strong>¹</strong></span> 
     </span>
    </p>

    <p class='ocr_par' dir='ltr' id='par_1_9' title="bbox 294 4625 628 4719">
     <span class='ocr_line' id='line_1_35' title="bbox 294 4625 628 4719; baseline -0.006 -22"><span class='ocrx_word' id='word_1_266' title='bbox 294 4625 454 4719; x_wconf 80' lang='lat' dir='ltr'><strong>Populos.</strong></span> <span class='ocrx_word' id='word_1_267' title='bbox 509 4626 628 4698; x_wconf 83' lang='lat' dir='ltr'><strong>Amen.</strong></span> 
     </span>
    </p>

    <p class='ocr_par' dir='ltr' id='par_1_10' title="bbox 188 4740 1559 5185">
     <span class='ocr_line' id='line_1_36' title="bbox 294 4740 1559 4837; baseline 0 -25"><span class='ocrx_word' id='word_1_268' title='bbox 294 4741 469 4813; x_wconf 74' lang='lat' dir='ltr'><strong>Sacerdos</strong></span> <span class='ocrx_word' id='word_1_269' title='bbox 495 4742 686 4813; x_wconf 75' lang='lat' dir='ltr'><strong>inclinatas.</strong></span> <span class='ocrx_word' id='word_1_270' title='bbox 740 4740 1013 4837; x_wconf 82' lang='lat' dir='ltr'><strong>Quandoquidem</strong></span> <span class='ocrx_word' id='word_1_271' title='bbox 1041 4751 1074 4813; x_wconf 91' lang='lat' dir='ltr'><strong>tu</strong></span> <span class='ocrx_word' id='word_1_272' title='bbox 1100 4745 1257 4815; x_wconf 89' lang='lat' dir='ltr'><strong>vivorum</strong></span> <span class='ocrx_word' id='word_1_273' title='bbox 1290 4750 1324 4813; x_wconf 88' lang='lat' dir='ltr'><strong>et</strong></span> <span class='ocrx_word' id='word_1_274' title='bbox 1356 4750 1559 4812; x_wconf 84' lang='lat' dir='ltr'><strong>mortuorum</strong></span> 
     </span>
     <span class='ocr_line' id='line_1_37' title="bbox 191 4854 1559 4953; baseline -0.001 -23"><span class='ocrx_word' id='word_1_275' title='bbox 191 4856 393 4949; x_wconf 88' lang='lat' dir='ltr'><strong>dominaris,</strong></span> <span class='ocrx_word' id='word_1_276' title='bbox 419 4869 585 4932; x_wconf 91' lang='lat' dir='ltr'><strong>memento</strong></span> <span class='ocrx_word' id='word_1_277' title='bbox 612 4858 745 4930; x_wconf 84' lang='lat' dir='ltr'><strong>Petrum</strong></span> <span class='ocrx_word' id='word_1_278' title='bbox 772 4867 983 4946; x_wconf 85' lang='lat' dir='ltr'><strong>sanctorum,</strong></span> <span class='ocrx_word' id='word_1_279' title='bbox 1013 4856 1274 4953; x_wconf 89' lang='lat' dir='ltr'><strong>Prophetarum,</strong></span> <span class='ocrx_word' id='word_1_280' title='bbox 1308 4854 1559 4952; x_wconf 82' lang='lat' dir='ltr'><strong>Apostolomm,</strong></span> 
     </span>
     <span class='ocr_line' id='line_1_38' title="bbox 188 4972 1557 5070; baseline -0.001 -24"><span class='ocrx_word' id='word_1_281' title='bbox 188 4972 380 5069; x_wconf 89' lang='lat' dir='ltr'><strong>Virginum,</strong></span> <span class='ocrx_word' id='word_1_282' title='bbox 414 4974 592 5048; x_wconf 86' lang='lat' dir='ltr'><strong>Genitn&#39;eis</strong></span> <span class='ocrx_word' id='word_1_283' title='bbox 625 4974 708 5067; x_wconf 90' lang='lat' dir='ltr'><strong>Dei,</strong></span> <span class='ocrx_word' id='word_1_284' title='bbox 741 4977 880 5049; x_wconf 84' lang='lat' dir='ltr'><strong>Joannie</strong></span> <span class='ocrx_word' id='word_1_285' title='bbox 918 4974 1105 5070; x_wconf 88' lang='lat' dir='ltr'><strong>Baptistae,</strong></span> <span class='ocrx_word' id='word_1_286' title='bbox 1144 4972 1319 5069; x_wconf 86' lang='lat' dir='ltr'><strong>Stephani,</strong></span> <span class='ocrx_word' id='word_1_287' title='bbox 1360 4974 1557 5069; x_wconf 74' lang='lat' dir='ltr'><strong>Martymm,</strong></span> 
     </span>
     <span class='ocr_line' id='line_1_39' title="bbox 190 5091 701 5185; baseline -0.002 -21"><span class='ocrx_word' id='word_1_288' title='bbox 190 5091 288 5164; x_wconf 87' lang='lat' dir='ltr'><strong>simul</strong></span> <span class='ocrx_word' id='word_1_289' title='bbox 313 5114 389 5165; x_wconf 87' lang='lat' dir='ltr'><strong>cum</strong></span> <span class='ocrx_word' id='word_1_290' title='bbox 415 5091 569 5165; x_wconf 85' lang='lat' dir='ltr'><strong>omnibus</strong></span> <span class='ocrx_word' id='word_1_291' title='bbox 592 5094 701 5185; x_wconf 88' lang='lat' dir='ltr'><strong>justis.</strong></span> 
     </span>
    </p>
   </div>
   <div class='ocr_carea' id='block_1_3' title="bbox 0 0 2268 6034">
    <p class='ocr_par' dir='ltr' id='par_1_11' title="bbox 0 0 2268 6034">
     <span class='ocr_line' id='line_1_40' title="bbox 0 0 2268 6034; baseline 0 5"><span class='ocrx_word' id='word_1_292' title='bbox 0 0 2268 6034; x_wconf 95' lang='lat' dir='ltr'><strong> </strong></span> 
     </span>
    </p>
   </div>
  </div>
 </body>
</html>
