4525 6034
598 551 1219 632 sancrtnlslttt.
1545 555 1589 630 11

218 742 271 817 bis
297 746 333 815 in
359 743 420 815 illis
447 762 546 833 esse,
571 742 732 834 Domine,
766 749 800 815 et
835 744 945 815 servis
976 743 1040 816 tuis
1075 746 1131 837 qui
1163 754 1241 839 post
1274 766 1337 817 nos
1363 747 1396 816 in
1423 744 1593 818 saeculum

216 883 323 956 usque
349 859 448 931 futuri
473 867 558 932 sunt.

176 1020 341 1193 &Oratio
364 1101 432 1175 pro
453 1080 624 1169 Ecclesia,
651 1102 750 1175 qaam
776 1079 842 1150 boc
860 1079 937 1150 loco
956 1078 1119 1152 recitabit
1131 1081 1307 1153 Sacerdos
1319 1084 1447 1173 jeiunii
1464 1012 1609 1154 dietas.N
1745 1190 1750 1203 ι

323 1285 456 1360 cutum
489 1287 655 1360 idolorum
688 1285 731 1360 ab
772 1288 862 1359 omni
894 1284 978 1358 orbe
1017 1287 1135 1382 procul
1169 1311 1324 1362 remove:
1367 1289 1525 1364 Satanan
1561 1298 1680 1428 elmee
1623 1290 1695 1342 ΗΜ
1702 1294 1840 1344 mmm
1850 1304 1920 1348 ww
1963 1322 1981 1381 2

218 1425 352 1475 omnem
377 1407 534 1477 virtutem
561 1407 634 1497 ejus
667 1407 850 1500 pessimam
882 1411 1040 1493 contere,
1073 1414 1108 1475 et
1135 1403 1242 1496 dejice
1269 1405 1330 1479 sub
1357 1378 1868 1501 1111111113ιιο-ΜΜἸΜωκιόω
1955 1424 2005 1513 ‘fx‘

218 1525 296 1593 sais
323 1521 505 1594 velociter:
544 1521 703 1594 haereses
739 1528 773 1592 et
798 1529 934 1595 autores
967 1542 1082 1591 earum
1110 1542 1301 1618 compesce,
1328 1530 1363 1593 ut
1388 1520 1619 1609 rescindatur
1961 1520 1976 1545 ”·

220 1648 252 1709 et
279 1636 495 1733 abrumpatur
512 1641 619 1711 omnis
635 1637 802 1709 haeretica
823 1639 985 1732 pravitas,
1001 1635 1179 1710 Ecclesiae
1199 1648 1432 1711 messenatae
1451 1641 1593 1711 inimica.

219 1753 385 1844 Domine,
416 1758 502 1828 sicut
528 1753 627 1845 olim,
653 1757 698 1826 ita
724 1764 759 1825 et
784 1775 870 1824 nunc
897 1775 955 1825 eas
983 1753 1152 1850 deprime;
1179 1753 1274 1825 aufer
1300 1754 1373 1827 illas
1399 1754 1594 1827 haereticis:

218 1869 379 1943 tenebras
414 1869 525 1944 cordis
559 1875 628 1961 sui,
663 1873 897 1965 miseriamque
933 1873 1014 1965 ipsis
1047 1892 1140 1943 suam
1174 1874 1352 1967 perspicue
1385 1871 1593 1943 demonstra:

219 2010 399 2084 compesce
431 1987 589 2060 invidiam
621 2010 756 2076 eorum,
790 1987 948 2076 consilia,
973 1985 1247 2078 machinationes,
1274 1986 1388 2076 dolos,
1416 1998 1450 2059 et
1475 1987 1595 2059 detra-

153 2134 157 2143 ·
219 2108 363 2196 cilones,
388 2104 594 2201 dextrasque
621 2105 739 2200 quibus
765 2104 945 2178 adversum
977 2126 1040 2176 nos
1069 2103 1257 2193 abutuntur,
1284 2103 1433 2177 imbelles
1461 2107 1594 2177 omnino

220 2243 297 2293 esso
314 2220 445 2314 jubeto.
488 2219 731 2295 Conventicula
745 2242 860 2292 eorum
873 2223 1035 2316 reprime,
1052 2219 1165 2294 divide
1180 2220 1441 2295 consultationes
1465 2242 1595 2310 eorum,

222 2338 375 2427 oDeus,
402 2340 459 2433 qui
485 2337 654 2434 dissipasti
679 2337 853 2410 consibum
878 2330 1123 2443 1101111ορ1111ἑῖ

321 2454 528 2527 Adolebit
513 2477 685 2526 incessam
710 2455 757 2525 od
784 2456 956 2527 Orientem
981 2452 1090 2525 tribas
1103 2428 1254 2526 “oicibas

321 2569 477 2663 Exurge,
502 2570 647 2645 Domine
674 2571 780 2658 Deus,
808 2570 1005 2666 dissipentur
1031 2591 1149 2642 omnes
1175 2573 1297 2642 inimici
1325 2574 1381 2661 tui,
1408 2581 1442 2642 et
1465 2572 1596 2665 fugiant

223 2685 354 2759 afacie
381 2697 437 2758 tua
464 2709 580 2759 omnes
608 2690 664 2782 qui
690 2686 831 2759 oderunt
855 2710 977 2760 nomen
1004 2697 1154 2759 sanctum
1182 2697 1281 2758 tuum.

324 2804 517 2876 Conversus
551 2806 599 2875 ad
631 2804 864 2895 Occidentem,
898 2804 1127 2894 Sacerdotes,
1159 2804 1339 2875 Diaconos
1371 2811 1406 2876 et
1437 2805 1596 2899 popatam

222 2920 422 2993 incensabit.

326 3036 370 3109 Et
396 3036 537 3133 populus
563 3046 638 3108 tuus
664 3036 782 3110 millies
809 3035 948 3109 millenis
968 3033 1265 3129 benedictionibus,
1292 3048 1326 3109 et
1344 3037 1458 3110 decem
1477 3037 1595 3112 mibies

223 3153 364 3228 millibus
392 3151 576 3225 cumulatus
603 3152 781 3249 adimpleat
806 3175 923 3225 omnes
948 3153 1138 3229 voluntates
1164 3164 1249 3226 tuas.

330 3271 411 3340 Tam
437 3291 620 3341 conversa
645 3271 693 3340 ad
719 3272 890 3342 Orientem
916 3271 1017 3341 dicet.

325 3385 393 3457 Per
418 3388 578 3478 gratiam,
605 3386 811 3459 clementiam
839 3397 872 3459 et
899 3408 1048 3460 amorem
1075 3409 1158 3480 erga
1183 3386 1334 3462 homines
1361 3387 1418 3460 fibi
1443 3392 1489 3460 tui
1514 3390 1595 3462 uni-

226 3504 339 3594 geniti,
366 3503 499 3573 Domini
524 3502 588 3574 Dei
615 3513 649 3575 et
675 3502 862 3577 Salvatoris
889 3506 994 3577 nostri
1020 3502 1103 3577 lesu
1130 3502 1265 3596 Christi,
1292 3514 1354 3577 etc.

326 3618 480 3711 Popalas
505 3619 596 3690 dicet
621 3618 819 3716 Symbolum
851 3619 927 3692 lidei
954 3618 1181 3694 Ortbodoxae.
1233 3620 1397 3694 Adotebit
1421 3622 1597 3694 Sacerdos

225 3740 276 3805 ter
303 3738 473 3806 incensrrm
499 3736 547 3805 ad
572 3736 753 3823 Orientem,
780 3735 941 3832 dabitque
967 3736 1168 3808 tbaribatarn
1193 3738 1246 3808 illi
1262 3743 1320 3833 qai
1338 3740 1476 3833 deferre
1498 3739 1595 3826 solet,

226 3855 289 3921 tran
317 3852 431 3921 dicent
446 3850 657 3944 Symbolum:
685 3873 751 3946 qao
779 3859 930 3948 ternpore
955 3853 1086 3924 lavabit
1100 3854 1276 3927 Sacerdos
1291 3861 1345 3926 ter
1363 3880 1482 3929 manas
1506 3880 1595 3944 snas,

226 3974 258 4037 et
282 3974 464 4062 antequam
480 3990 541 4041 eas
555 3968 741 4062 abstergat,
770 3974 986 4041 concertetar
1012 3970 1060 4040 ad
1069 3970 1240 4063 propalam,
1268 3971 1453 4067 edacetqae
1479 3996 1596 4044 manas

227 4103 269 4152 ec
287 4106 380 4178 aqua
394 4107 512 4156 coram
538 4108 590 4171 eo,
618 4092 653 4156 ct
679 4110 702 4156 o
727 4084 885 4158 sordibus
910 4086 1090 4182 diligenter
1113 4087 1286 4181 parqabit.

327 4201 415 4272 Post
438 4205 676 4273 recitationem
702 4202 852 4295 Samboti
878 4203 979 4290 dicet,
1006 4202 1080 4274 Pax
1106 4204 1268 4276 omnibus.

328 4314 628 4412 Respondebitqae
649 4319 806 4413 popalus,
833 4318 877 4392 Et
901 4342 976 4391 cum
1002 4321 1118 4415 spiritu
1145 4330 1212 4392 tuo.

332 4433 413 4504 Tam
439 4456 622 4508 conrasas
640 4435 791 4532 signabit
805 4436 966 4530 popalmn
981 4436 1085 4509 semel
1100 4440 1136 4506 in
1152 4437 1283 4508 modam
1303 4441 1426 4526 maris,
1446 4445 1481 4509 et
1504 4439 1596 4511 dicet

228 4545 315 4619 banc
340 4552 539 4622 orationem.

601 4730 721 4830 amo
750 4759 863 4832 oraro
885 4762 986 4853 paen
1011 4761 1058 4831 a
1085 4761 1233 4833 Parem

331 4938 515 5011 Sacerdos
566 4939 659 5013 Deus
694 4962 816 5034 magne
843 4949 877 5013 et
901 4951 1056 5034 aeterne,
1083 4945 1139 5038 qui
1165 4942 1333 5016 bominem
1359 4942 1485 5042 absque
1512 4949 1593 5021 vitio
1654 4955 1740 5010 Ἀσπα
1703 4956 1811 5027 arias
1841 4954 1882 5009 Εὖ
1868 4951 1920 5025 vri

108 5068 112 5087 ·
237 5052 401 5128 condidisti
428 5065 461 5129 et
487 5067 626 5161 mortem
653 5079 739 5152 quae
761 5056 906 5132 Satanae
931 5059 1091 5133 invidia
1081 5081 1115 5131 m
1141 5060 1295 5134 mundum
1314 5063 1508 5158 intraverat,
1533 5042 1641 5184 per⁶B⁰
1635 5064 1820 5186 'mmmm
1811 5041 1921 5115 '‘²⁰⁰7‘
