4525 6034
704 571 779 647 302
1208 569 1567 647 birunain

703 759 831 832 insidiis
858 769 892 831 ct
917 758 1046 853 laqueis
1073 755 1290 844 daemonum,
1324 780 1344 828 a
1378 755 1467 830 lame
1492 760 1683 853 perniciosa
1718 757 1936 832 doctrinarum
1958 763 2047 833 mala-

702 899 794 949 rum:
823 885 857 948 et
882 874 924 948 ab
952 873 1073 946 insrdtu
1098 873 1242 947 bostium
1268 873 1459 961 audacium3
1486 897 1506 945 a
1532 874 1684 959 manibus
1710 874 1851 947 liliorum
1877 874 2048 967 alienorum

703 991 746 1064 ab
774 989 960 1064 bominibus
994 990 1105 1076 malis,
1140 1000 1174 1062 et
1207 990 1381 1063 sceleratis
1406 1012 1572 1086 perversa
1599 989 1829 1086 loquentibus:
1861 1003 1954 1089 atque
1977 1017 2049 1067 con-

702 1109 838 1181 firmans
865 1130 928 1180 nos
955 1128 1017 1202 per
1046 1106 1312 1201 tranquillitatem
1346 1128 1433 1201 quae
1470 1130 1490 1179 a
1517 1117 1551 1178 tc
1579 1116 1653 1195 est,
1678 1107 1800 1198 dignos
1822 1108 1913 1181 effice
1935 1122 1968 1183 ut
1995 1133 2050 1182 non

703 1224 845 1321 spoliati,
874 1221 1114 1313 custodiamur,
1151 1221 1194 1294 ad
1227 1222 1373 1295 ultimum
1405 1245 1512 1318 usque
1545 1226 1638 1296 vitae
1670 1232 1808 1296 nostrae
1842 1228 2052 1320 spiritumet

700 1340 886 1412 referamus
901 1338 960 1411 tibi
973 1338 1103 1411 laudem
1116 1337 1279 1435 simulque
1300 1342 1470 1432 unigenito
1481 1339 1568 1412 Filio
1582 1349 1639 1412 tuo
1656 1349 1690 1412 ct
1701 1338 1839 1436 Spiritui
1854 1352 1976 1434 sancto,
1999 1354 2050 1415 etc.

805 1454 969 1548 Populus.
1022 1452 1143 1526 Amen.
1718 1520 1730 1537 ,

804 1571 980 1643 Sacerdos
1011 1571 1204 1644 inclinatus.
1256 1572 1427 1645 Memento
1459 1572 1602 1644 Domine
1628 1571 1760 1665 Regum
1792 1573 1934 1647 bdelium
1965 1574 2052 1648 cni-

702 1692 896 1777 stianorum,
924 1697 958 1759 et
983 1690 1191 1760 exercituum
1218 1711 1345 1778 eorum,
1372 1688 1535 1762 adversus
1563 1710 1624 1762 eos
1661 1694 1718 1784 qui
1749 1699 1868 1762 corna
1903 1690 1972 1762 illos
1995 1715 2051 1787 pu-

700 1817 813 1898 gnant.
866 1804 1034 1877 Memento
1062 1808 1162 1877 etiarn
1188 1806 1333 1877 Domine
1359 1827 1474 1877 eorum
1502 1808 1557 1900 qui
1583 1808 1618 1877 in
1643 1810 1726 1878 mari
1757 1809 1932 1898 navigant,
1957 1811 2054 1879 autin
2171 1864 2175 1871 .

698 1920 917 2007 incommodis
943 1918 1115 1992 itineribus
1141 1931 1336 1994 versantu:
1365 1920 1501 2001 infirmis
1529 1930 1564 1993 et
1588 1924 1622 1993 in
1648 1910 1767 1994 dolore
1794 1926 1994 2013 constitutis,
2016 1923 2054 1995 li-

697 2035 905 2109 berationem
932 2046 966 2108 et
992 2039 1165 2110 sanitatem
1192 2041 1259 2110 cito
1287 2038 1444 2110 concede.
1475 2036 1645 2110 Memento
1673 2042 1772 2110 etiam
1798 2039 1944 2110 Domine
1969 2044 2054 2128 aens,

698 2153 863 2241 imbrium,
889 2156 977 2225 roris
1004 2164 1038 2226 et
1063 2151 1240 2241 fructuum,
1267 2165 1301 2225 et
1328 2176 1476 2227 coronae
1503 2156 1603 2226 anni:
1637 2154 1679 2225 ad
1712 2165 1745 2226 te
1772 2157 1863 2225 enim
1894 2160 2055 2267 respipiunt

699 2269 788 2343 oculi
813 2274 995 2342 universae
1020 2272 1148 2362 carnis,
1175 2279 1209 2341 et
1234 2282 1269 2343 tu
1295 2273 1345 2343 eis
1373 2269 1540 2345 distribuis
1566 2274 1659 2343 vitae
1692 2275 1889 2343 necessaria
1922 2274 2054 2344 intem-

698 2409 782 2484 pore
809 2398 1009 2483 opportuno.

802 2503 954 2574 bleonus
979 2525 1105 2575 cucero.
1158 2503 1295 2598 Adjuva
1330 2506 1428 2576 etiarn
1457 2503 1601 2576 Domine
1645 2525 1761 2575 omnes
1800 2501 1932 2595 Reges
1955 2527 2057 2579 ueram

698 2619 894 2712 religionem
920 2619 1136 2714 prolitentes,
1172 2629 1207 2692 et
1240 2620 1398 2716 populum
1432 2631 1521 2692 tuum
1554 2622 1610 2716 qni
1636 2623 1765 2715 quaerit
1795 2620 1888 2715 apud
1915 2630 1948 2691 tc
1971 2622 2055 2692 reiu-

697 2740 799 2829 gium.
854 2730 1046 2830 Comprime
1072 2734 1302 2807 Ecclesiarum
1329 2735 1519 2824 schismata,
1547 2758 1726 2831 compesce
1761 2735 1957 2831 superbiam
1980 2759 2058 2829 gen-

642 2884 644 2891 ⁴
697 2855 796 2937 tium,
831 2850 991 2924 haereses
1018 2874 1038 2923 a
1063 2850 1285 2925 fundamentis
1312 2851 1462 2926 destrue:
1495 2875 1557 2925 cos
1585 2856 1641 2948 qui
1665 2855 1700 2923 in
1726 2851 1935 2942 carceribus,
1961 2852 2057 2933 exilio,

699 2976 755 3040 aut
787 2972 948 3075 servitute
983 2977 1075 3056 sunt,
1113 2966 1238 3040 libera:
1273 2992 1334 3043 eos
1374 2972 1491 3065 quiin
1527 2972 1739 3063 captivitate,
1780 2969 2057 3065 persecutionibus

698 3094 754 3156 aut
784 3083 933 3180 periculo
966 3093 1061 3189 sunt,
1097 3087 1206 3180 eripe:
1240 3106 1300 3159 eos
1333 3089 1388 3181 qui
1420 3088 1627 3178 gravissimis
1666 3084 1793 3158 morbis
1834 3084 2058 3173 conflictantur,

697 3222 798 3273 sana:
826 3222 887 3273 eos
914 3203 969 3295 qui
995 3200 1113 3274 dolore
1140 3210 1174 3273 et
1200 3204 1353 3294 angustia
1386 3205 1487 3274 animi
1512 3210 1679 3289 tenentur,
1712 3224 1855 3292 recrea3
1884 3202 1986 3275 reduc
2009 3223 2058 3274 cos

698 3319 753 3410 qui
783 3320 817 3387 in
850 3318 953 3406 mari,
981 3328 1036 3388 aut
1062 3316 1252 3413 longinquis
1278 3316 1448 3389 itineribus
1474 3339 1621 3414 peregre
1646 3315 1784 3390 absunt:
1816 3317 1946 3392 imbres
1980 3331 2057 3391 tem-

696 3437 866 3528 pestivos,
908 3455 1087 3529 roremque
1119 3433 1329 3507 commodum
1360 3426 1446 3508 locis
1485 3434 1664 3509 secundum
1695 3439 1936 3507 necessitatem
1972 3437 2057 3507 mitte

696 3549 844 3621 Benedio
871 3569 1021 3622 coronae
1047 3553 1124 3622 anni
1151 3572 1211 3645 per
1237 3555 1379 3643 gratiam
1397 3561 1499 3643 tuam,
1526 3554 1602 3648 quia
1629 3561 1663 3623 tu
1677 3550 1825 3624 clemens
1854 3575 1895 3624 es
1923 3562 1956 3624 et
1979 3546 2057 3621 mul·

696 3674 751 3736 tac
774 3667 1037 3757 misericordiae,
1064 3676 1099 3738 et
1135 3666 1194 3739 tibi
1218 3667 1349 3740 laudem
1376 3667 1542 3741 oderimus
1570 3679 1605 3741 et
1630 3670 1799 3759 unigenito
1825 3667 1915 3742 Filio
1943 3678 2007 3754 tuo,
2030 3674 2057 3737 et

696 3780 832 3875 Spiritui
859 3793 915 3855 tuo
942 3786 1164 3856 sanctissimo.

799 3897 961 3991 Populus.
1013 3899 1135 3971 Amen.

801 4013 976 4087 Sacerdos
1002 4018 1194 4089 inclinatus.
1246 4015 1415 4090 Memento
1442 4017 1585 4088 Domine
1611 4018 1754 4088 omnium
1785 4021 1921 4112 piorum
1953 4027 1985 4089 et
2005 4015 2056 4106 jn·

696 4138 839 4219 storum,
871 4141 1068 4227 patrumque
1101 4144 1310 4224 sanctorum,
1346 4136 1400 4228 qui
1435 4132 1476 4207 ab
1504 4133 1636 4207 Adamo
1662 4154 1769 4228 usque
1795 4133 1839 4205 ad
1869 4134 1957 4206 banc
1982 4130 2055 4201 diem

693 4244 833 4319 fuerunt.
865 4247 909 4320 Et
928 4249 1077 4341 Virginis
1097 4250 1224 4322 Mariae
1243 4249 1372 4323 thorum
1392 4250 1600 4343 conjugalem
1615 4272 1682 4323 uon
1700 4261 1879 4346 expertae,
1907 4249 2056 4323 loannis·

695 4362 885 4459 Baptistae,
924 4364 1085 4461 Stephani
1125 4369 1221 4461 primi
1253 4368 1497 4456 Diaconorum3
1531 4376 1565 4438 et
1590 4389 1706 4440 conum
1733 4370 1882 4439 omnium
1911 4370 1965 4463 qui
1988 4363 2055 4459 pla·

695 4493 833 4553 cuerunt
859 4503 972 4554 coram
1000 4492 1044 4554 te.

798 4597 948 4669 Eleoons
972 4621 1097 4668 ccccm.
1143 4598 1316 4671 Constitue
1343 4610 1377 4672 et
1402 4622 1545 4673 recense
1572 4620 1635 4671 nos
1652 4598 1809 4688 Domine,
1836 4601 1929 4671 inter
1954 4608 2055 4670 coetu
2119 4604 2125 4615 '

695 4711 891 4785 dilectorum
912 4724 1053 4804 tuorum,
1080 4717 1166 4786 inter
1189 4716 1322 4788 ordines
1340 4739 1456 4790 eorum
1481 4720 1536 4811 qni
1560 4715 1746 4788 dilexerunt
1770 4718 1954 4787 veritatem
1969 4724 2056 4796 tuam

694 4832 728 4899 in
755 4828 906 4901 coetibus
933 4834 1061 4925 piorum
1089 4840 1123 4901 et
1145 4834 1322 4923 justorum,
1348 4837 1403 4928 qui
1431 4841 1697 4928 expectaverunt
1722 4831 1866 4904 salutem
1895 4843 1998 4917 tuam,
2029 4833 2057 4899 in

696 4947 1015 5038 congregationibus
1042 4955 1224 5044 martyrum
1252 4952 1307 5043 qui
1333 4958 1473 5021 mortem
1499 4972 1573 5021 cum
1599 4971 1661 5045 spe
1687 4959 1742 5021 tua
1769 4945 2057 5021 sustinueruntzin

692 5062 843 5157 partibus
859 5064 1042 5160 praeclaris
1058 5065 1295 5157 religiosorum
1313 5074 1443 5139 tuorum
1460 5077 1494 5138 et
1517 5070 1702 5159 virginum:
1723 5070 1756 5137 in
1781 5085 1950 5137 consessu
1966 5063 2056 5153 Apo-
