4525 6034
649 612 1181 691 ALEXANDRlllO.
1500 611 1578 687 419

214 799 421 896 Aethiopiam
446 803 660 897 pervenisset
684 822 808 893 magno
835 824 897 873 suo
918 801 1097 897 periculo)
1123 800 1271 891 linguam
1290 799 1442 872 ediscere
1469 822 1584 896 opor··

214 917 312 1007 tabat,
338 940 413 990 oum
438 918 546 990 nullus
571 919 805 1013 Aegyptiacae
832 928 887 989 aut
902 916 1074 991 Arabicae
1101 916 1187 1014 apud
1212 915 1397 1014 Aethiopes
1423 914 1536 990 usual
1556 958 1579 974 -

213 1044 278 1123 ret,
313 1035 370 1106 vel
402 1036 435 1104 in
470 1033 560 1106 civili
593 1036 816 1124 commercio,
850 1031 908 1106 vel
934 1038 967 1105 in
992 1033 1095 1107 rebus
1128 1033 1386 1107 Ecclesiasticis.
1432 1032 1517 1105 Nam
1544 1039 1579 1105 in

214 1153 318 1223 sacris
345 1161 519 1247 usurpatur
546 1149 666 1222 dudum
692 1154 778 1221 inter
803 1173 864 1224 eos
891 1150 1018 1242 lingna,
1056 1173 1154 1245 mam
1186 1150 1416 1246 Aethiopicam
1441 1154 1579 1247 proprie

214 1266 425 1362 appellamus,
453 1291 472 1339 a
499 1267 631 1359 vulgari
658 1270 739 1339 satis
765 1265 913 1354 diversa,
950 1277 984 1338 et
1009 1269 1041 1337 iu
1076 1266 1267 1362 quotidiano
1293 1289 1371 1353 usu,
1405 1288 1448 1338 ea
1481 1290 1579 1362 φιιιιιι

211 1381 424 1455 Ambaricam
450 1393 594 1455 vocant:
623 1392 657 1454 et
683 1386 835 1478 quamvis
862 1387 944 1455 ritus
970 1386 1140 1478 utriusque
1172 1382 1349 1455 Ecclesiae
1381 1385 1447 1455 sint
1479 1382 1579 1456 valde

212 1498 347 1590 similes,
374 1508 572 1588 esttamen,
598 1503 637 1572 ui
661 1498 768 1572 adhuc
793 1498 1014 1588 observatur,
1041 1499 1149 1595 aliqua
1174 1502 1260 1572 iuter
1293 1522 1354 1574 eos
1387 1498 1578 1573 differentia.

209 1614 311 1689 Aliud
343 1618 399 1708 jus
433 1624 570 1711 praeter
602 1619 837 1688 institutionem
871 1615 1107 1712 Metropolitae
1139 1638 1207 1688 nou
1241 1615 1396 1688 videntur
1422 1614 1579 1691 habuisse

209 1730 423 1803 Patriarchae
449 1730 670 1805 Alexandrini
697 1737 728 1803 in
754 1731 982 1827 Aethiopiam:
1015 1754 1082 1804 uon
1108 1732 1257 1821 fructus,
1288 1731 1578 1828 eleemosynarum

208 1853 344 1921 nomine
370 1847 447 1919 inde
475 1847 714 1944 percipiebant,
740 1870 808 1920 non
835 1849 931 1921 oham
959 1849 1258 1938 contributiouem,
1285 1847 1401 1944 quales
1428 1872 1474 1921 ex
1499 1848 1579 1922 Ae-
1678 1912 1682 1920 .

208 1969 304 2060 gppti
331 1962 589 2060 Episcopatibus
622 1975 656 2036 et
681 1964 894 2038 hlonasteriis
922 1967 1083 2057 exigere,
1117 1968 1216 2037 edam
1254 1964 1381 2060 absque
1417 1968 1578 2039 simoniae

209 2082 400 2175 suspicione
429 2079 590 2154 solebant
643 2081 712 2152 Sed
747 2084 877 2176 quotics
913 2079 1062 2153 mittebat
1092 2080 1171 2153 Rex
1200 2079 1404 2176 Aethiopiae
1439 2085 1473 2153 iu
1498 2083 1578 2154 Ae-

208 2206 360 2291 gyptum,
388 2194 430 2268 ad
447 2196 677 2291 postulandam
692 2195 925 2293 Metropolitae
952 2196 1199 2269 Ordinationem
1227 2202 1260 2268 in
1287 2195 1432 2269 defuncti
1457 2199 1578 2288 locum,

207 2331 345 2383 munera
379 2311 476 2384 simul
506 2317 638 2385 mittere
669 2313 802 2386 solebat
835 2313 876 2384 ad
910 2313 1152 2401 Patriarcham,
1187 2325 1221 2387 ut
1253 2312 1378 2410 aliquot
1408 2313 1577 2387 Historiae

206 2426 461 2499 Alexandrinae
488 2428 654 2524 exemplis
682 2428 890 2501 manifestum
918 2439 979 2500 est.
1022 2430 1058 2502 lu
1087 2435 1219 2522 signmn
1246 2434 1345 2503 etiarn
1369 2430 1578 2525 jurisdictio-

206 2546 276 2632 uis,
322 2543 513 2616 scribebant
551 2543 765 2617 Paniarchae
804 2548 978 2640 quotannis
1012 2545 1126 2619 literas
1165 2549 1197 2617 iu
1237 2546 1471 2644 Aethiopiam,
1510 2568 1577 2617 non

207 2658 338 2753 quidem
367 2659 567 2757 synodicas,
600 2669 636 2732 ut
661 2660 703 2732 ad
728 2659 969 2734 Antiochenam
1002 2661 1210 2750 Ecclesiam,
1245 2667 1339 2757 qu'us
1366 2662 1577 2751 Patriarchis,

205 2785 240 2847 ut
273 2774 433 2848 iratribus
465 2787 517 2872 et,
532 2777 845 2868 consacerdotibus,
880 2783 1042 2852 rationem
1076 2778 1262 2852 reddebant
1294 2780 1371 2852 fidei
1406 2803 1503 2868 suae,
1544 2790 1578 2852 et

206 2895 472 2964 communionem
508 2897 594 2966 inter
625 2904 798 2989 utramque
840 2894 955 2968 sedem
989 2918 1158 2968 renovare
1199 2895 1416 2988 satagebant:
1459 2917 1577 2966 verum

205 3009 450 3080 Heortcstiecs
476 3032 537 3082 seu
563 3009 744 3083 Pascbales
770 3010 943 3084 mittebant
968 3011 1188 3102 solummodo,
1214 3023 1368 3107 tanquam
1385 3014 1577 3107 superiores

207 3125 248 3198 ad
275 3124 467 3198 inferiorem
493 3126 689 3200 Ecclesiam.

312 3241 399 3313 CIX
450 3244 504 3314 De
545 3242 850 3339 Hierosolymitana
881 3244 1040 3319 Dioecesi
1082 3254 1207 3316 certum
1250 3254 1318 3333 est,
1361 3244 1449 3340 quod
1489 3248 1574 3317 inter
1589 3229 1896 3373 Dffwffigmdfflm

207 3357 377 3448 Graecos,
408 3371 444 3432 ut
476 3361 638 3434 observat
671 3361 767 3434 Nilus
806 3363 1057 3457 Doxapatrius,
1096 3359 1329 3433 Alexandrino
1363 3359 1576 3433 Pah'iarchae

207 3472 360 3567 subjecta
386 3475 497 3566 luerit,
523 3481 587 3549 etsi
607 3482 679 3572 jam
705 3478 747 3551 ab
775 3478 899 3573 aliquot
930 3475 1074 3550 saeculis
1105 3479 1276 3572 proprium
1307 3474 1429 3550 habeat
1461 3477 1577 3550 Patri-

208 3590 363 3682 arcbom,
396 3597 466 3687 qui,
499 3604 534 3666 ut
567 3593 686 3690 reliqui
712 3617 828 3667 omnes
856 3595 1010 3668 Graecae
1035 3592 1230 3684 Ecclesiae,
1266 3593 1577 3689 Constantinopoli-

207 3716 320 3779 tanum
347 3714 553 3804 superiorem
581 3713 746 3803 agnoseit,
772 3720 808 3781 et
833 3709 875 3781 ab
902 3733 945 3783 eo
981 3712 1175 3799 instituitur,
1208 3710 1307 3806 pleno
1338 3711 1434 3802 jure,
1467 3732 1577 3805 neque

208 3822 308 3895 ullam
335 3823 434 3899 habet
460 3827 690 3900 Alexandrino
718 3826 968 3920 subjectionem.
1021 3826 1162 3899 Constat
1192 3824 1225 3895 id
1257 3849 1303 3897 ex
1329 3824 1463 3898 Notitiis
1488 3827 1577 3923 Epi-

208 3939 402 4035 scopalibus
434 3945 554 4033 variis,
589 3965 672 4040 quas
705 3942 811 4016 fusius
845 3941 887 4015 ad
919 3965 1062 4015 examen
1096 3963 1263 4014 revocare
1294 3964 1363 4015 nou
1397 3953 1448 4015 est
1480 3941 1577 4036 hujus

206 4054 282 4127 loci.
336 4056 373 4130 ld
400 4061 531 4132 unicum
557 4058 829 4133 observabimus:
864 4059 952 4154 quod
979 4080 1041 4154 per
1067 4081 1174 4130 annos
1201 4057 1290 4130 mille
1316 4067 1351 4130 et
1374 4057 1482 4131 ferme
1508 4058 1578 4131 du-

208 4183 327 4245 centos
359 4177 393 4245 in
424 4175 687 4250 Patriarcbarum
718 4175 1022 4250 Alexandrinorum
1063 4172 1287 4247 taeohturun
1328 4173 1466 4247 historia
1498 4174 1577 4247 nibil

208 4293 373 4378 occurrit,
410 4314 475 4387 quo
507 4291 591 4365 haec
624 4315 739 4366 eorum
773 4297 932 4365 autoritas
960 4295 992 4363 in
1026 4314 1106 4364 suae
1138 4299 1253 4364 sectae
1285 4289 1435 4366 homines
1469 4293 1578 4385 possit

189 4404 358 4478 'stabiliri
413 4407 543 4504 Quippe
585 4421 662 4482 ante
697 4407 858 4505 Cyrillam
892 4409 930 4481 F.
956 4406 1109 4488 ‚Lalrlalri
1146 4407 1330 4480 ordinatum
1366 4428 1416 4478 an.
1470 4406 1500 4477 J.
1538 4404 1576 4478 C.

207 4519 447 4596 thCXXXV.
472 4547 541 4598 non
565 4524 718 4617 legimus,
744 4528 922 4597 institutum
948 4524 1053 4598 fuisse
1079 4523 1419 4621 Hierosolymitanum
1442 4521 1577 4594 bletro-

202 4636 346 4733 politum
380 4639 423 4712 ah
455 4640 686 4715 Alexandrino
720 4640 787 4714 ullo
820 4639 1026 4713 Patriarcha:
1062 4651 1161 4735 atque
1201 4643 1286 4712 inter
1327 4639 1390 4711 alia
1428 4663 1576 4714 accusa-

207 4755 307 4825 tionis
334 4760 460 4851 capim‚
495 4780 581 4853 quae
616 4757 778 4832 adversus
811 4760 910 4832 istum
942 4760 1113 4855 proposita
1147 4766 1238 4844 sunt,
1270 4753 1350 4827 illud
1380 4755 1461 4845 luit,
1487 4758 1576 4853 quod

204 4868 455 4974 'Metropolitum
480 4873 723 4972 Hierosolymis
751 4875 999 4963 constituendo,
1024 4875 1098 4967 jura
1125 4870 1324 4945 Antiocheni
1351 4872 1576 4965 Pah'iarcbae,

209 4987 251 5058 ad
280 5011 375 5083 quem
403 4990 591 5064 Palaestina
618 4990 810 5087 spectabat,
837 4992 1008 5065 violasset.
1060 4991 1142 5064 lude
1168 5011 1243 5062 cum
1268 4990 1404 5060 mutatio
1430 4991 1576 5061 maxima

207 5126 319 5177 rerum
346 5105 435 5180 iacta
462 5107 579 5200 luerit,
605 5108 760 5204 nullaque
786 5109 890 5181 ferme
918 5111 950 5181 in
987 5108 1122 5180 Oriente
1150 5117 1242 5181 secta
1281 5105 1423 5200 aliquam
1448 5104 1575 5178 Eccle-

128 5251 132 5262 ·
246 5244 360 5290 runnu
1321 5226 1370 5300 69
