4525 6034
514 638 652 715 bbSllll
678 638 727 713 llll
753 635 937 714 tttslot'tt
963 637 1138 712 ANDREAE
1164 638 1280 714 llell.
1506 633 1581 711 545

209 825 334 922 tibique
368 830 402 898 in
435 824 619 898 substantia
654 823 800 920 aequali,
832 846 920 896 nnnc
953 833 987 895 et
1022 845 1174 920 semper,
1209 828 1302 897 etin
1335 825 1471 898 saecula
1497 850 1583 899 sae-

209 941 369 1015 culorum.
697 949 700 953 ‘

305 1056 475 1151 Populus.
528 1057 648 1128 Amen.

311 1173 500 1244 Diaconcs.
554 1171 687 1245 Stemus
716 1172 887 1259 decenter,
916 1181 1041 1245 stemus
1073 1182 1289 1266 reverenter,
1323 1177 1504 1270 intentique
1530 1179 1584 1251 si-

208 1311 298 1377 mus,
327 1289 403 1361 dum
430 1288 513 1361 baec
538 1287 722 1386 Anapbora
750 1312 824 1361 cum
851 1311 935 1384 pace
961 1285 1141 1385 peragitur.

312 1405 473 1499 Populus.
526 1405 792 1479 Misericordiam
819 1415 853 1476 et
879 1427 1019 1501 pacem,
1047 1427 1087 1477 ac
1115 1405 1311 1478 sacrificium
1345 1416 1377 1479 et
1404 1413 1584 1499 gratiarum

209 1525 384 1594 actionem.
1548 1525 1560 1556 ³

313 1637 499 1710 Sacerdos.
554 1638 685 1712 Caritas
712 1638 778 1711 Dei
799 1640 921 1728 Patris,
948 1641 1057 1731 gratia
1074 1639 1208 1710 Domini
1225 1643 1332 1712 nostri
1354 1640 1436 1715 Jesu
1462 1638 1585 1716 Christi

208 1777 248 1826 ac
276 1757 528 1838 communicatio
556 1757 663 1826 sancti
689 1752 832 1849 Spiritus
861 1758 904 1828 sit
931 1777 1004 1826 eom
1033 1755 1187 1827 omnibus
1213 1754 1323 1828 vobis.

311 1870 472 1964 Populus.
525 1868 670 1942 Etcum
698 1873 908 1966 spiritntuo.

312 1986 499 2058 Sacerdos.
553 1986 692 2058 Sursum
720 1990 786 2057 sint
812 1996 952 2058 mentes.

310 2101 473 2195 Populea.
527 2100 612 2174 Sunt
639 2102 682 2174 ad
708 2101 896 2203 Dominum.

311 2217 497 2289 Sacerdos.
552 2217 684 2289 Gratias
712 2241 850 2310 agamus
878 2219 1023 2291 Domino
1051 2224 1266 2289 reverenter.

311 2334 472 2427 Populus.
526 2333 672 2426 Dignum
700 2344 734 2404 et
757 2336 880 2424 justum
911 2345 972 2406 est.

311 2448 489 2520 Sacerdos
505 2450 698 2520 inclinatae.
725 2451 870 2523 Domine
885 2449 979 2522 Dens
995 2451 1217 2543 omnipotens,
1233 2447 1415 2538 adorande,
1443 2473 1585 2547 aequum

208 2576 301 2637 certe
328 2576 362 2637 et
385 2567 508 2656 justum
537 2576 605 2654 est,
633 2569 857 2661 convenitque
873 2567 1039 2659 majestati
1060 2567 1245 2638 sanctitatis
1268 2573 1357 2655 tuae,
1384 2575 1420 2638 ut
1445 2576 1480 2640 te
1506 2569 1585 2641 lau·
1699 2618 1703 2634 .

209 2682 342 2768 demus,
370 2691 404 2753 te
431 2680 658 2771 celebremus,
685 2681 744 2755 tibi
770 2686 896 2774 gratias
925 2703 1083 2774 agamus,
1111 2690 1200 2754 tuam
1227 2679 1370 2773 gloriam
1401 2682 1585 2779 praedice-

209 2784 387 2886 mus,'tibi
414 2820 499 2870 vero
526 2797 602 2870 Deo
630 2796 807 2870 offeramus
834 2798 938 2871 corde
964 2800 1106 2870 contrito
1135 2808 1169 2870 et
1200 2799 1315 2892 spiritu
1349 2796 1478 2888 humili,
1508 2798 1585 2871 frn-
1651 2819 1653 2822 ·

209 2924 281 2986 ctus
309 2912 515 3008 spirituales,
549 2914 745 2985 sacrificium
777 2913 903 3003 landis,
939 2913 1062 2986 cultum
1094 2912 1345 3002 rationabilem,
1381 2918 1457 3010 quia
1491 2926 1524 2987 tu
1555 2918 1584 2988 is

210 3053 265 3121 es,
292 3033 346 3124 qui
375 3028 505 3102 donasti
538 3029 635 3102 nobis
669 3032 896 3128 cognitionem
930 3032 1083 3102 veritatis
1116 3038 1203 3101 tuae.
1254 3029 1327 3109 Sed
1364 3034 1436 3124 quis
1472 3032 1587 3104 valeat

210 3146 321 3241 eloqui
348 3150 529 3241 potentiam
556 3157 661 3235 tuam,
687 3155 743 3216 aut
770 3144 943 3218 celebrare
962 3168 1079 3219 ornnes
1096 3143 1214 3218 laudes
1235 3155 1322 3233 tuas,
1349 3144 1406 3217 vel
1426 3169 1586 3219 enarrare

210 3259 372 3333 mirabilia
409 3283 513 3357 opera
547 3273 619 3348 tua,
660 3265 714 3357 qui
749 3284 860 3333 rernm
894 3265 1037 3335 omnium
1074 3261 1206 3333 obtines
1241 3264 1431 3356 imperium,
1465 3269 1586 3360 quique

212 3378 299 3450 coeli
326 3389 360 3450 et
387 3385 498 3450 terrae
532 3382 706 3473 omnisque
733 3388 908 3450 creaturae
944 3387 978 3449 et
1014 3376 1226 3472 aspectabilis
1254 3386 1288 3447 et
1322 3399 1389 3449 non
1423 3392 1585 3476 aspecta-

210 3494 287 3566 bilis
314 3517 352 3566 es
379 3496 557 3567 Dominus:
585 3499 639 3589 qui
667 3494 766 3566 sedes
793 3517 895 3590 super
921 3493 1040 3566 solium
1066 3495 1249 3586 majestatis
1278 3502 1373 3581 tuae,
1400 3504 1500 3590 atque
1526 3500 1585 3567 in-

211 3615 314 3683 tueris
356 3608 535 3706 abyssum:
571 3614 734 3707 principio
770 3633 909 3700 carens,
942 3632 1010 3681 non
1044 3612 1121 3681 visu
1157 3629 1225 3680 non
1261 3630 1362 3682 sensu
1397 3610 1485 3699 alio,
1518 3632 1586 3684 non

211 3726 278 3798 ullo
307 3726 450 3821 deniqne
475 3726 576 3799 modo
604 3726 930 3823 comprehensibilis:
958 3729 1013 3821 qui
1040 3746 1078 3797 es
1105 3726 1206 3797 Pater
1229 3724 1364 3797 Domini
1382 3727 1587 3799 nostriJesu

213 3841 335 3916 Christi
362 3845 473 3935 magni
498 3844 564 3915 Dei
590 3842 802 3916 Redemtoris
829 3851 863 3915 et
888 3843 1022 3915 Domini
1049 3844 1173 3930 nostri,
1201 3844 1256 3936 qui
1283 3850 1335 3914 est
1367 3843 1479 3934 imago
1515 3842 1587 3914 bo-

210 3962 320 4031 nitatis
348 3970 446 4049 tuae,
473 3968 507 4030 et
531 3957 638 4032 lorma
666 3958 797 4053 aequali
824 3959 982 4050 sigillum,
1011 3979 1077 4053 quo
1105 3967 1139 4029 te
1162 3967 1411 4054 repraesentat:
1438 3956 1587 4030 Verbum

212 4086 321 4163 tuum,
348 4074 441 4146 Deus
467 4098 590 4147 verus:
618 4077 779 4171 sapientia
807 4097 893 4169 quae
920 4073 981 4145 luit
1007 4083 1083 4145 ante
1110 4072 1264 4144 saecula:
1292 4075 1381 4162 vita,
1415 4077 1586 4164 sanctitas,

210 4177 323 4264 virtus
345 4214 385 4261 ac
411 4190 522 4263 lumen
548 4214 684 4280 verum,
712 4190 799 4286 quod
826 4189 994 4263 revelavit
1025 4189 1124 4262 nobis
1158 4192 1308 4289 spiritum
1340 4188 1429 4261 illum
1462 4187 1587 4260 bonnm

92 4349 95 4352 >
212 4318 245 4381 et
271 4318 437 4381 sanctum:
464 4311 613 4402 spiritum
640 4309 807 4394 veritatis,
836 4316 869 4377 et
896 4304 1083 4400 adoptionis
1109 4308 1256 4399 piorum,
1284 4306 1433 4399 spiritum
1454 4308 1586 4401 princi-

210 4425 339 4521 palem:
367 4423 588 4495 arrbabonem
614 4422 745 4495 futurae
771 4421 1002 4511 baereditatis,
1028 4423 1190 4516 primitias
1224 4417 1387 4492 bonorum
1421 4431 1586 4492 aeterno-

106 4571 122 4586 ·
210 4562 302 4613 rum:
329 4544 483 4613 virtutem
517 4543 609 4613 vitae
644 4539 864 4627 effectricem,
899 4536 1024 4610 iontem
1059 4540 1260 4623 sanctitatis,
1298 4557 1343 4606 ex
1378 4559 1442 4631 qno
1479 4539 1586 4608 omnis

212 4667 366 4729 creatora
394 4680 479 4752 quae
511 4659 642 4729 ratione
669 4655 818 4752 praedita
855 4664 926 4744 est,
959 4664 992 4726 et
1025 4675 1111 4749 quae
1138 4652 1307 4724 intellectu
1333 4650 1464 4746 pollens
1501 4673 1586 4722 cor-

211 4796 296 4869 pore
322 4784 440 4860 vacat,
477 4772 681 4846 sanctificata
716 4781 815 4866 atque
850 4770 1048 4858 illuminata,
1081 4766 1140 4840 tibi
1171 4767 1322 4856 landem,
1355 4767 1586 4863 praedicatio-

85 4937 88 4942 ,
212 4911 355 4985 nemque
382 4900 576 4984 perpetuam
603 4888 733 4980 gloriae
760 4885 865 4959 ollert.

316 5006 385 5076 Hic
410 5005 556 5076 erectolltt
581 5026 698 5075 coeam
724 5001 910 5075 Sacerdos.
962 5000 1013 5072 'l'e
1041 4999 1182 5072 adorant
1206 4999 1332 5092 Angeli
1361 5010 1396 5072 et
1423 4998 1585 5070 Archan-

212 5120 298 5212 geli,
325 5132 358 5193 te
384 5121 517 5195 landant
548 5119 674 5192 Tbroni
710 5131 743 5193 et
774 5120 1050 5210 Dominationes,
1083 5127 1118 5190 te
1150 5116 1346 5213 praedicant
1378 5115 1585 5213 Principatns
