4525 6034
655 563 799 639 xxvm
1053 672 1059 685 .
1161 562 1550 641 orssnauxuro

658 753 786 827 dicibus
814 761 1005 840 occurrunt,
1033 772 1100 823 non
1128 748 1196 823 alio
1222 750 1299 822 loco
1326 748 1502 821 habendae
1529 760 1617 838 sunt,
1644 772 1742 844 quarn
1769 760 1805 821 ut
1831 752 1951 822 variae
1976 748 2034 822 le‘-

656 873 785 942 ctiones
802 870 974 957 innoxiae,
1000 865 1115 961 quales
1137 864 1257 938 multas
1285 862 1536 957 diligentissime
1554 863 1692 957 collegit
1711 865 1860 938 lacobus
1878 864 2035 955 GoariuS,

657 1007 703 1057 ex
731 985 849 1080 quibus
885 1006 928 1055 ne
962 983 1136 1056 levissima
1171 979 1302 1077 quidem
1330 984 1477 1076 suspicio
1512 970 1724 1075 corruptelae
1752 979 1868 1073 colligi
1903 991 2034 1077 potest:

658 1124 734 1173 cum
761 1122 879 1173 omnes
906 1120 1014 1194 prope
1040 1097 1083 1170 ad
1108 1101 1191 1170 ritus
1219 1108 1389 1193 spectent,
1423 1100 1479 1192 qui
1506 1095 1711 1170 enucleatius
1739 1100 1773 1168 in
1799 1096 1976 1191 aliquibus,
2002 1099 2036 1167 in

659 1216 734 1289 aliis
768 1216 905 1288 brevius
940 1213 1167 1309 explicantur:
1199 1216 1234 1283 in
1260 1211 1426 1285 nonnullis
1460 1215 1670 1301 omittuntur,
1705 1215 1781 1306 quia
1809 1210 1940 1283 aliunde
1966 1216 2036 1307 peti

660 1331 839 1405 debebant.
865 1331 912 1401 At
939 1333 972 1401 in
999 1329 1075 1418 illis,
1103 1351 1190 1423 quae
1216 1340 1373 1423 tanquam
1407 1331 1639 1424 superstitiosa
1673 1326 1884 1417 condemnat,
1921 1327 2034 1400 audax
2091 1352 2094 1355 ’

660 1470 767 1542 aeque
795 1471 837 1520 ac
862 1449 1033 1542 imperitus
1068 1444 1224 1534 Criticus,
1257 1447 1426 1516 memoriis
1461 1442 1673 1533 Sanctorum,
1706 1454 1740 1514 et
1774 1464 1890 1514 eorum
1926 1446 2034 1514 irruo-

660 1567 808 1636 catione:
851 1563 1169 1634 commemoratione
1213 1558 1464 1647 defunctorum,
1503 1570 1537 1633 et
1578 1558 1651 1631 aliis
1697 1581 1784 1653 quae
1823 1556 2033 1631 Reformatio

660 1677 802 1764 sustulit,
828 1676 927 1749 fateri
954 1675 1137 1763 debuisset,
1163 1679 1281 1747 miram
1301 1697 1380 1747 essa
1407 1677 1545 1747 istarum
1561 1673 1787 1766 Litiugiamm
1813 1684 1847 1745 et
1872 1678 1959 1746 inter
1984 1694 2035 1764 se,

659 1805 793 1866 etcum
821 1792 894 1865 aliis
922 1791 1148 1863 concordiam.
1927 1792 1940 1812 ‘

355 1904 646 1973 unaciaaunaurgta
762 1910 877 2003 Itaque
913 1911 942 1979 si
976 1907 1153 2001 quidquam
1189 1909 1437 2003 imperitissimo
1469 1905 1594 1977 bomini
1627 1905 1840 1979 absurditatis
1875 1903 2036 1976 excidere

335 2007 388 2045 '¹⁰¹¹
405 1999 610 2062 ⁰⁰¹¹'¹'⁰⁸'¹“¹³⁰⁸'
658 2034 803 2123 poterat,
817 2022 895 2095 illud
914 2033 966 2096 est
980 2045 1046 2117 quo
1062 2026 1180 2093 miram
1204 2045 1299 2095 suam
1316 2020 1459 2094 Rivetus
1480 2044 1655 2094 censuram
1681 2019 1863 2093 concludit:
1882 2018 2035 2092 Graecos

658 2140 719 2213 bas
753 2139 924 2230 Litargias
958 2139 1191 2233 composuisse
1226 2147 1260 2208 et
1292 2135 1378 2209 ialso
1415 2136 1606 2210 attribuisse
1642 2136 1866 2232 Crpsostomo
1899 2147 1932 2208 et
1958 2138 2035 2209 Ba-

659 2255 746 2331 silio.
772 2255 859 2326 Nam
887 2251 1038 2324 Graecas
1073 2251 1248 2324 Ecclesias
1281 2251 1344 2324 illis
1378 2249 1420 2324 ad
1447 2256 1607 2348 mysteria
1641 2250 1843 2324 celebranda
1878 2252 2036 2323 amultis

660 2370 806 2444 saeculis
839 2392 918 2440 usas
955 2390 1033 2440 esse
1060 2378 1095 2438 et
1124 2389 1229 2464 porro
1264 2371 1323 2455 uti,
1356 2371 1476 2460 negari
1511 2390 1579 2440 non
1613 2378 1740 2463 potest:
1773 2370 1899 2462 scripto
1935 2370 2036 2458 igitur

659 2491 880 2579 consignatae
906 2495 996 2574 sunt,
1022 2506 1090 2555 non
1118 2487 1253 2579 privato
1281 2483 1433 2574 alicujus,
1461 2483 1523 2555 sed
1540 2482 1674 2579 publico
1703 2481 1858 2572 consilio,
1885 2485 1919 2554 in
1946 2479 2035 2574 quod

659 2602 752 2676 fraus
780 2600 903 2673 cadere
929 2621 1141 2695 nequaquam
1167 2610 1288 2695 potest.
1341 2597 1425 2670 Eam
1461 2621 1548 2694 quae
1581 2599 1696 2671 Basilii
1731 2598 1848 2671 dicitur
1874 2601 1908 2668 iu
1935 2595 2036 2669 Cou-

660 2716 953 2812 stautinopolitana
992 2712 1149 2787 Ecclesia
1182 2714 1348 2787 celebrari
1391 2718 1486 2786 statis
1521 2714 1639 2788 diebus
1681 2735 1749 2786 non
1788 2718 1895 2786 minus
1936 2733 2037 2805 quam

661 2833 907 2929 chrysostomi,
936 2834 990 2926 qui
1017 2833 1162 2922 ignorat,
1191 2830 1276 2902 alios
1304 2830 1428 2903 docere
1453 2852 1522 2903 non
1549 2842 1669 2925 potest
1704 2832 1764 2917 At,
1790 2831 1896 2924 inquit
1921 2827 2035 2898 Rive-

658 2960 725 3039 tus,
753 2947 897 3019 Carolus
925 2945 1049 3017 Calena
1073 2946 1267 3039 Imperator
1302 2950 1337 3017 in
1365 2947 1510 3039 quadani
1541 2946 1701 3039 Epistola
1727 2945 1774 3016 ad
1799 2947 2036 3017 Recennatem

658 3063 851 3135 Ecclesiam
873 3061 1044 3155 sonnnlae
1070 3066 1143 3152 ejas
1156 3062 1285 3133 Missae
1304 3065 1506 3132 mentionem
1528 3065 1674 3155 faciens,
1703 3064 1841 3155 quaein
1860 3060 2035 3131 Constan-
2135 3118 2138 3123 .

660 3178 890 3274 linopolitana
923 3176 1085 3249 Ecclesia
1122 3185 1288 3270 usurpata
1328 3181 1388 3264 sit,
1426 3200 1501 3248 eane
1534 3160 1662 3249 Basilii
1701 3197 1771 3246 non
1806 3176 2036 3267 Clerpsostomi

656 3295 765 3385 faisse
790 3300 912 3387 aperte
938 3293 1032 3378 dicit,
1061 3293 1152 3385 qnod
1176 3295 1295 3363 miram
1312 3300 1411 3390 esset,
1438 3293 1739 3385 siClrpsostcmas
1766 3296 1838 3382 ejus
1855 3290 2036 3362 Ecclesiae

659 3407 952 3501 Areliepiscopns
984 3406 1176 3501 Litnrpiarn
1211 3412 1460 3500 composuisset.
1514 3408 1642 3479 Verum
1675 3411 1704 3479 si
1736 3405 1793 3478 vel
1828 3425 2036 3477 communem

659 3520 885 3613 liturgiarum
920 3520 1052 3611 librum,
1078 3520 1245 3595 multoties
1279 3522 1430 3596 Venetiis
1464 3522 1586 3595 editum
1621 3522 1846 3595 consuluisset
1880 3520 2036 3607 Rivatus,

661 3635 752 3729 quod
778 3636 824 3708 illi
849 3636 1039 3709 iaciendum
1066 3648 1151 3725 erat,
1180 3642 1233 3732 qui
1268 3637 1398 3710 illamm
1433 3661 1610 3711 censorem
1645 3661 1685 3710 se
1711 3636 1940 3733 profitebatur,
1968 3638 2037 3705 mi-

660 3754 730 3822 rari
756 3750 923 3842 desiisset,
950 3752 1011 3826 sed
1039 3763 1210 3848 stuporem
1236 3757 1309 3849 ipse
1335 3778 1430 3826 suurn
1448 3758 1665 3846 agnovisset3
1693 3765 1727 3824 et
1754 3753 1926 3849 puduisset
1947 3750 2036 3822 illum

660 3868 813 3938 inscitiae
840 3866 994 3940 Momaci
1030 3879 1063 3940 et
1094 3866 1304 3962 Hospiniani,
1340 3894 1359 3941 a
1392 3869 1511 3964 quibus
1539 3880 1606 3942 tam
1638 3869 1832 3965 praeclaras
1863 3867 2037 3940 observa-

661 3984 770 4054 tiones
798 4006 836 4055 se
864 3987 1039 4078 accepisse
1066 3994 1216 4057 testatur.

345 4116 647 4187 itcneetsupposnitne
766 4095 852 4169 (loru
877 4120 962 4171 vero
989 4099 1083 4171 fictas
1111 4098 1186 4172 illas
1214 4124 1234 4171 a
1268 4099 1422 4189 Graecis,
1457 4110 1523 4171 tam
1554 4098 1759 4172 confidenter
1787 4098 1940 4188 affirmat,
1967 4098 2035 4169 do-

336 4217 388 4256 ”⁰¹¹
405 4212 472 4257 '¹¹¹¹‘
661 4211 759 4286 cendi
778 4235 924 4302 eramus,
951 4238 971 4286 a
1000 4213 1118 4308 quibus
1139 4214 1284 4304 tandem,
1310 4239 1376 4310 quo
1392 4215 1542 4305 saeculo,
1570 4238 1636 4312 quo
1664 4214 1728 4286 fine
1754 4213 1847 4287 fraus
1869 4215 1924 4286 illa
1944 4212 2036 4285 lacta

660 4327 791 4403 luisset.
818 4328 1031 4402 Architectos
1059 4350 1143 4401 saue
1169 4328 1296 4403 fraudis
1323 4329 1409 4402 ilbus
1436 4353 1480 4401 ne
1506 4352 1570 4425 per
1604 4329 1876 4403 obscurissimam
1904 4328 2036 4424 quidam

661 4446 889 4535 conjecturam
914 4445 1095 4538 designare
1121 4449 1295 4540 quisquam
1320 4456 1450 4541 potest:
1478 4469 1554 4518 curn
1587 4449 1620 4517 in
1652 4469 1726 4518 eam
1759 4445 2036 4519 celebrandorum

661 4563 896 4653 mysteriorum
912 4560 1054 4634 iormam
1072 4558 1227 4632 Graecae
1255 4582 1371 4635 omnes
1396 4560 1574 4635 Ecclesiae
1601 4564 1852 4651 consenserint,
1880 4585 1900 4634 a
1927 4559 2036 4633 inultis

662 4672 817 4747 saeculis.
843 4676 932 4749 Acta
960 4675 1083 4771 aliqua,
1100 4674 1158 4746 val
1183 4677 1400 4749 instrumenta
1427 4675 1595 4749 fabricare
1610 4675 1762 4750 homines
1789 4677 1833 4749 ad
1858 4675 2036 4750 fallendum

662 4793 771 4882 parati
798 4802 957 4885 possunt,
984 4813 1072 4885 quae
1098 4814 1161 4865 suo
1183 4801 1340 4890 tempore
1366 4796 1399 4864 in
1427 4792 1536 4865 lucem
1561 4791 1786 4888 proferantur,
1813 4803 1847 4866 et
1873 4792 2036 4887 aliquibus

573 4968 577 4979 .
661 4899 774 4974 fucum
800 4903 935 4997 iaciant,
962 4910 1017 5002 qui
1044 4929 1106 4980 suo
1140 4909 1340 4984 testimonio,
1357 4907 1440 4981 alios
1468 4910 1502 4979 in
1528 4930 1680 4981 errorem
1705 4907 1869 4980 inducunt
1909 4908 1945 4980 lu
1973 4932 2036 4979 sa-

614 5124 618 5133 .
663 5020 853 5093 cratissima
881 5032 915 5093 et
949 5019 1135 5113 tremendo,
1162 5033 1198 5094 ut
1233 5021 1358 5095 Gracci
1389 5033 1528 5114 vocant,
1554 5027 1737 5120 mysterio,
1768 5023 1856 5119 quod
1893 5023 2038 5119 quotidie
