4525 6034
338 615 378 690 tlt
405 612 588 692 ostentm
607 613 831 691 GENERALEM
846 615 930 693 SIVE
943 614 1151 692 LllURGlAll
1164 612 1434 692 AETHIOPICAM.
1501 614 1575 689 503

112 834 116 844 ·
208 798 370 879 Aethiopes
394 784 673 874 certissimum'est‚
695 807 727 861 et
749 816 786 861 ea
808 816 869 861 vex
892 797 929 861 ad
944 799 1013 860 illos
1033 797 1238 880 designandos
1262 798 1360 862 adhuc
1381 805 1524 879 superest
1545 800 1577 862 in

207 898 288 959 Actis
318 897 477 962 electionis
506 896 745 961 Patriarcharum
780 897 1063 962 Alexandrinorum.
1120 895 1180 970 Qui
1213 898 1252 960 de
1284 895 1420 978 Regibus
1448 916 1577 979 quorum

208 998 323 1060 nemum
345 1004 513 1077 sequuntur
534 997 621 1078 plura
643 996 736 1075 velet,
767 996 905 1059 consulat
927 995 1090 1059 Baltasaris
1114 996 1241 1059 l'ellezii
1262 995 1424 1058 Historiam
1454 1015 1495 1059 ex
1517 1014 1577 1079 qua

205 1096 345 1176 quidquid
373 1114 480 1159 verum
510 1103 558 1158 est
587 1096 669 1157 circa
698 1095 818 1158 illerum
851 1097 1097 1173 successionem,
1127 1094 1229 1157 habuit
1259 1094 1416 1159 Ludolius.
1467 1094 1576 1177 Ne'que

203 1195 454 1275 praetereundum
477 1204 534 1269 est,
557 1194 660 1277 Reges
683 1194 763 1273 illos,
786 1195 813 1258 si
835 1196 949 1275 primos
976 1195 1051 1258 dues
1074 1195 1271 1275 excipiamus,
1294 1193 1447 1257 Jacobttaa
1470 1194 1576 1273 fuisse,

202 1311 261 1356 nen
282 1292 487 1367 orthodoxos,
509 1302 542 1356 ut
563 1294 653 1357 etiam
677 1293 950 1369 'lekla-llaimanot
973 1295 1024 1375 qui
1046 1301 1135 1376 pater
1157 1294 1239 1356 vitae
1255 1292 1473 1357 coenobiticae
1495 1295 1577 1377 apud

201 1391 366 1483 Aethiopes
388 1389 461 1454 tuit:
485 1400 517 1455 et
538 1393 705 1475 pleresque
726 1393 947 1474 Metropolitas,
971 1410 1097 1474 quorum
1119 1395 1241 1455 nemina
1254 1392 1286 1453 in
1308 1393 1446 1455 eratione
1469 1393 1576 1457 eadem

202 1493 375 1573 consignata
398 1501 485 1554 sunt:
509 1499 590 1554 tanta
613 1491 668 1554 luit
691 1494 849 1555 oscitantia
871 1499 922 1554 aut
950 1492 1121 1573 ignorantia
1150 1509 1256 1554 eorum
1278 1493 1330 1573 qui
1352 1493 1477 1555 editioni
1500 1510 1575 1556 ver-

202 1590 291 1653 sionis
313 1590 441 1652 Latinae
463 1590 551 1673 hujus
574 1590 730 1673 Litargiae
751 1589 959 1672 praefuerunt
1008 1591 1159 1653 Excusari
1179 1598 1322 1673 poterant
1350 1592 1431 1655 circa
1459 1610 1575 1673 perse-

201 1705 302 1749 narum
324 1690 580 1772 ignotissimorum
603 1691 740 1768 nemina,
770 1689 826 1752 sed
855 1691 1054 1752 excusatione
1084 1691 1166 1752 omni
1194 1698 1279 1753 caret
1308 1692 1431 1755 missio
1460 1691 1575 1774 smodi

204 1785 472 1867 Calchedonensis,
495 1795 565 1869 pest
587 1789 753 1851 nominatas
782 1787 955 1867 Nicaenam,
984 1786 1344 1869 constantinopolitanam
1366 1791 1389 1853 l.
1417 1800 1448 1855 ct
1470 1791 1576 1871 Ephe-

202 1886 302 1949 sinam.
349 1885 432 1949 llaec
455 1888 567 1968 quippe
590 1886 867 1968 Menophysitarum
897 1887 1063 1951 haereseos
1087 1889 1255 1952 certissima
1277 1897 1349 1952 neta
1379 1898 1459 1964 erat,
1486 1906 1575 1970 quam

202 2002 343 2047 censeres
365 2002 472 2065 parum
485 1987 683 2066 perspicaces
698 2002 759 2048 nen
783 1985 1074 2048 animadverterunt:
1098 2003 1199 2066 neque
1214 1986 1320 2051 Severi
1341 2007 1452 2051 nemen
1475 2006 1575 2069 agne-

201 2092 317 2162 verant,
342 2083 450 2147 furiosi
473 2084 609 2164 ejusdem
633 2083 815 2161 defensoris,
838 2102 928 2166 quem
941 2085 1056 2148 idcireo
1069 2085 1227 2148 lacebitae
1249 2088 1328 2149 inter
1351 2087 1478 2152 coelites
1502 2088 1576 2150 col-

134 2200 139 2209 ·
201 2181 309 2262 locant,
334 2189 367 2245 et
390 2182 447 2245 hac
465 2184 535 2271 *ipsa
557 2184 587 2245 in
611 2185 747 2246 eratione
769 2182 935 2246 Athanasio
959 2191 1161 2266 praeponunt.

625 2462 660 2547 9.
701 2478 883 2570 Epistoloe
908 2478 1014 2550 Pauli
1039 2479 1154 2553 lectio.

296 2687 494 2766 Oamnrmas
525 2696 686 2760 Christiani
715 2698 901 2760 Graecorum
931 2701 1089 2780 exemplo,
1126 2701 1231 2782 plures
1260 2721 1368 2768 sacrae
1400 2705 1576 2788 Scripturae

203 2805 348 2866 lectiones
371 2804 401 2864 in
424 2800 560 2884 Liturgia
584 2800 740 2864 celebrant
747 2822 756 2877 ;
780 2809 811 2864 at
832 2802 862 2863 in
886 2802 1064 2881 quibusdam
1085 2803 1192 2868 diebus
1209 2813 1260 2868 aut
1281 2807 1465 2873 solemnibus
1488 2808 1576 2873 iestis

202 2904 304 2987 legunt
329 2901 437 2983 primo,
462 2908 553 2981 caput
575 2899 695 2980 aliquod
727 2920 766 2963 ex
789 2900 894 2962 Veteri
917 2901 1121 2983 Testamenta,
1146 2911 1177 2966 et
1199 2923 1240 2966 ex
1261 2906 1438 2989 Prophetis,
1466 2908 1577 2972 Psalmi

203 3021 321 3084 semper
344 3002 595 3082 interponuntur,
630 3018 688 3062 nec
709 3000 741 3061 in
762 3018 918 3062 numerum
945 3003 1076 3065 veniunt.
1129 3003 1189 3067 Sed
1217 3006 1248 3067 in
1275 3006 1402 3087 singulis
1430 3008 1576 3091 Liturgiis

205 3100 273 3163 bunt
294 3101 459 3163 Lectiones
483 3118 524 3161 ex
544 3098 690 3182 Epistolis
713 3098 807 3178 Pauli,
831 3107 863 3161 et
886 3118 926 3161 ex
949 3100 1120 3165 Canonicis.
1154 3103 1188 3165 ln
1211 3105 1268 3166 ista
1290 3104 1437 3187 Litargia,
1460 3108 1576 3187 primae

204 3207 350 3263 vocantur
371 3198 496 3274 Paulae,
519 3199 694 3279 simpliciter
700 3219 710 3275 ;
739 3216 806 3260 cum
834 3204 866 3259 ut
889 3217 906 3261 a
930 3198 1065 3277 Graecis,
1088 3203 1128 3265 ita
1152 3221 1168 3265 a
1192 3203 1348 3285 plerisque
1371 3205 1575 3270 Orientalibus

204 3299 292 3382 augo
315 3298 423 3360 vecari
445 3299 563 3360 soleant
584 3297 755 3378 Αροεωὶιω.
784 3296 870 3359 Unde
892 3297 970 3361 liber
992 3300 1071 3381 apud
1084 3299 1219 3365 Graecos
1234 3305 1396 3367 communis
1410 3303 1576 3386 Apostolo-

204 3396 370 3477 Eemapelie
392 3394 510 3474 dicitur,
532 3396 613 3476 quod
635 3396 774 3478 proprias
798 3397 963 3459 secundum
990 3406 1126 3479 tempora
1150 3408 1182 3464 et
1204 3401 1269 3465 dies
1292 3402 1397 3481 testes,
1418 3404 1592 3486 Epistola-¹

203 3514 266 3559 rum
287 3503 319 3558 et
343 3492 578 3577 Evangeliorum
608 3493 769 3558 Lectiones
799 3498 960 3559 contineat.
1004 3496 1138 3577 Alteras,
1169 3500 1340 3566 Orientales
1370 3513 1481 3568 vocant
1509 3503 1576 3567 Ce-

205 3595 342 3669 theticon,
366 3594 436 3673 qaia
459 3595 612 3655 continent
642 3595 794 3657 sectiones
823 3614 864 3657 ex
893 3595 1057 3660 Catholicis
1085 3599 1228 3681 Epistolis
1260 3601 1323 3683 legi
1352 3603 1466 3668 solitas.
1519 3604 1576 3665 llie

203 3700 351 3756 vocantur
371 3692 493 3754 llaeen‘
513 3691 543 3754 id
566 3700 614 3755 est
634 3693 805 3773 Apostolus.
849 3693 924 3757 Sunt
947 3704 1047 3759 autem
1069 3697 1117 3761 hie
1140 3699 1232 3762 multa
1254 3704 1437 3783 transposita
1459 3704 1490 3766 in
1512 3701 1576 3765 La-

204 3792 263 3854 tina
283 3792 438 3865 versione,
462 3808 530 3853 cum
553 3790 659 3854 Codex
688 3791 886 3874 Aethiopicus
916 3795 1014 3878 magis
1044 3796 1231 3879 respondeat
1260 3805 1408 3865 communi
1436 3803 1577 3866 Alexan·

204 3890 305 3953 drinae
328 3889 486 3952 Ecclesiae
510 3889 618 3955 ordini.
662 3889 747 3954 lllum
770 3901 911 3956 accurate
934 3897 1075 3975 exposuit
1093 3895 1201 3960 Codex
1221 3898 1426 3965 Bibliothecae
1449 3903 1575 3984 Regiae,

205 3992 253 4071 qui
282 3989 431 4053 Rubrieas
462 3989 617 4070 adJunctas
647 3991 753 4069 habet,
784 4013 824 4056 ax
852 3992 962 4055 Rituali
993 3994 1143 4059 Gabrielis
1173 3997 1365 4062 Patriarchae
1395 4000 1575 4084 descriptas,

205 4107 275 4171 quas
297 4091 442 4150 versione
464 4096 568 4151 nostra
591 4093 806 4173 expressimus.
842 4089 914 4155 lllae
938 4112 1025 4173 vere,
1048 4103 1081 4158 ut
1104 4097 1192 4160 etiam
1215 4098 1292 4161 aliae
1316 4118 1394 4180 quae
1417 4101 1454 4163 ad
1477 4102 1576 4166 Ritum

204 4190 356 4269 Syriacum
378 4187 547 4268 pertinent,
574 4188 643 4251 huic
674 4189 742 4253 lece
764 4190 964 4274 Aethiopicae
993 4192 1147 4278 Litargiae
1177 4198 1358 4278 explicando
1385 4199 1474 4264 utiles
1506 4219 1576 4265 essa

204 4295 338 4368 pessunt,
362 4306 429 4349 cum
451 4285 557 4349 eadem
584 4290 624 4351 sit
647 4289 728 4351 cirea
756 4290 914 4354 solennem
942 4293 1160 4374 scripturarum
1189 4295 1349 4360 lectionem
1378 4300 1408 4360 in
1437 4298 1574 4363 omnibus

205 4386 405 4449 Orientalibus
433 4386 579 4449 Ecclesiis
610 4386 778 4471 disciplina.
829 4391 972 4454 Eamdem
1008 4394 1087 4473 apud
1117 4395 1286 4481 Aethiopes
1315 4400 1469 4479 usurpari,
1499 4395 1578 4462 satis'

204 4486 291 4548 multa
316 4486 462 4566 probant,
492 4505 570 4568 quac
599 4488 713 4567 passim
734 4490 914 4553 Franciseus
946 4491 1126 4556 Alvarezius
1155 4494 1305 4558 Relatieni
1332 4514 1406 4560 suae
1434 4498 1574 4579 inseruit,

204 4594 253 4648 aut
274 4585 345 4648 alibi
367 4603 474 4666 sparsa
495 4588 697 4666 reperiuntur.
728 4588 789 4652 Sed
807 4591 973 4652 orationum
986 4593 1114 4654 maxima
1129 4594 1301 4674 similitudo,
1324 4596 1428 4658 similis
1452 4614 1574 4678 queque

205 4684 379 4767 disciplinae
402 4690 516 4746 certum
546 4694 754 4767 argumentum
784 4689 912 4752 videtur.
962 4690 1008 4753 lie
1036 4691 1086 4753 illa
1114 4692 1140 4754 si
1171 4693 1350 4774 Aethiopem
1379 4694 1460 4757 illum
1487 4713 1575 4758 suum

205 4781 347 4846 Ludelius
369 4783 593 4866 interregasset
613 4786 715 4867 potius
742 4805 831 4868 quam
855 4788 893 4852 de
914 4788 1086 4855 Lutherana
1108 4792 1287 4877 theologia,
1310 4811 1371 4856 nen
1394 4796 1490 4858 minus
1514 4813 1574 4876 pu-

205 4880 301 4944 blicae
322 4882 441 4945 utilitati
464 4901 552 4964 mam
574 4882 671 4947 lamae
692 4903 766 4950 suae
796 4889 1006 4955 consuluisset.
1058 4891 1262 4955 intellexisset
1285 4895 1363 4955 enim
1385 4894 1492 4974 procul
1515 4894 1575 4956 du-

204 4978 263 5058 bio,
287 4982 368 5044 circa
392 4982 575 5063 Aethiopum
597 4983 685 5047 tidem
707 4986 798 5049 multa
822 4996 868 5050 se·
886 4987 1049 5068 divinasse,
1072 5009 1151 5072 quae
1174 4991 1239 5053 sola
1268 4990 1445 5074 disciplinae
1474 5011 1575 5075 expe-

203 5078 311 5143 sitieno
332 5078 521 5145 refelluntur.
