4525 6034
687 536 737 609 32
1192 537 1550 616 LITURGIA

688 723 802 814 vobis,
830 734 864 797 et
888 747 950 822 pro
976 724 1085 798 multis
1113 722 1263 798 fidelibus
1291 724 1475 817 affinitur,
1503 736 1537 797 et
1554 724 1697 798 daturin
1713 726 1941 799 remissionem
1964 747 2040 820 peo-

689 850 851 931 catomm,
878 850 913 913 et
937 843 1040 914 vitam
1069 851 1249 913 aeternam.

791 956 954 1051 Populos.
981 958 1100 1029 Amen.

791 1073 977 1145 Sacerdos.
1012 1072 1086 1146 Hoc
1116 1071 1220 1145 iacite
1252 1076 1286 1146 in
1321 1077 1515 1148 memoriam
1547 1077 1631 1147 mei:
1669 1077 1937 1168 quotiescumque
1967 1076 2043 1143 enim

687 1188 926 1262 manducabitis
961 1212 1081 1286 panem
1113 1188 1199 1261 bunc
1232 1201 1265 1261 et
1297 1189 1434 1262 calicem
1469 1194 1566 1263 istum
1602 1188 1745 1280 bibetis,
1778 1199 1916 1261 mortem
1948 1210 2041 1260 meam

688 1303 918 1378 annuntiabitis
946 1316 979 1377 et
1005 1309 1284 1379 resurrectionem
1310 1329 1417 1379 meam
1444 1305 1689 1396 confitebimini,
1716 1305 1822 1380 donec
1848 1307 1984 1380 veniam.

794 1421 954 1515 Populus.
981 1422 1100 1497 Mortis
1127 1434 1214 1512 tuae,
1230 1422 1384 1513 Domine,
1411 1426 1603 1497 memoriam
1617 1426 1757 1515 agimm,
1783 1425 2043 1494 resurrectionem

689 1548 779 1610 tuam
805 1537 1011 1628 confitemur,
1046 1548 1080 1611 et
1113 1524 1291 1611 adventum
1325 1552 1414 1613 tuum
1447 1540 1627 1614 secundum
1661 1549 1896 1636 expectamus3
1922 1540 2043 1609 miseri-

687 1655 836 1728 cordiam
862 1664 896 1726 et
928 1657 1071 1747 gratiam
1097 1679 1118 1728 a
1145 1664 1179 1726 te
1203 1655 1427 1752 postulamus:
1460 1659 1691 1730 remissionem
1724 1664 1937 1752 peccatomm
1967 1675 2040 1749 pre-

687 1794 819 1843 camur:
847 1770 1096 1844 misericordiae
1121 1782 1200 1843 tuae
1227 1775 1292 1844 sint
1318 1794 1419 1869 super
1444 1794 1508 1846 nos
1535 1795 1663 1847 omnes.

790 1887 975 1959 Sacerdos.
995 1887 1199 1962 Memoriam
1224 1891 1325 1980 igitur
1351 1892 1501 1981 agimus,
1526 1889 1689 1978 Domine,
1720 1890 1837 1962 mortis
1873 1897 1906 1958 et
1938 1908 2044 1957 resm-

594 2058 600 2067 ,
686 2005 846 2077 rectionis
873 2014 950 2075 tuae
976 2026 997 2074 e
1024 2002 1201 2100 sepulchro
1229 2015 1307 2100 post
1333 2005 1487 2094 triduum,
1514 2016 1549 2077 et
1574 2007 1780 2079 ascensionis
1808 2013 1886 2074 tuae
1912 2007 1944 2074 in
1969 2026 2042 2074 coe-

686 2119 766 2208 lum,
793 2129 828 2191 et
854 2123 1015 2192 sessionis
1043 2129 1120 2191 mae
1147 2119 1189 2191 ad
1216 2120 1389 2193 dexteram
1421 2121 1487 2192 Dei
1512 2120 1635 2193 Patris:
1668 2143 1867 2216 rursumque
1897 2119 2042 2192 adventis

689 2238 735 2308 tui
761 2234 909 2324 secundi,
936 2233 1091 2309 terribilis
1119 2247 1153 2308 et
1178 2236 1328 2329 gloriosi,
1356 2260 1421 2332 quo
1436 2226 1641 2330 judicaturus
1668 2258 1705 2308 es
1723 2235 1839 2311 orbem
1867 2240 1900 2307 in
1923 2237 2042 2328 justitia,

688 2375 764 2424 cum
790 2374 1056 2447 unumquemque
1082 2364 1351 2425 remuneraturus
1378 2377 1416 2427 es
1443 2353 1623 2426 secundum
1650 2376 1753 2449 opera
1780 2376 1850 2426 sna.
1887 2353 2043 2426 Oilerimns

688 2468 748 2541 tibi
773 2467 838 2541 boc
865 2466 1062 2540 sacrificium
1088 2469 1236 2542 terribile
1263 2480 1298 2542 et
1322 2472 1536 2557 momentum,
1566 2478 1602 2542 ut
1626 2491 1694 2543 non
1715 2469 1897 2543 secundum
1922 2476 2045 2565 peccata

687 2592 805 2657 nostra
832 2604 915 2675 agas
942 2582 1114 2656 nobiscum
1150 2584 1311 2674 Domine,
1344 2608 1454 2681 neque
1492 2585 1671 2658 secundum
1705 2588 1894 2679 iniquitates
1928 2590 2044 2655 nosnos
2086 2584 2089 2589 '

687 2699 853 2772 retribuas
879 2696 995 2772 nobis:
1021 2698 1082 2773 sed
1109 2700 1289 2774 secundnm
1316 2700 1599 2773 mansuetudinem
1625 2709 1713 2772 mam
1736 2711 1770 2773 et
1796 2721 1944 2773 amorem
1969 2707 2044 2768 tuum

690 2836 774 2908 erga
799 2815 951 2887 homines
977 2838 1134 2908 magnum
1161 2826 1195 2889 et
1220 2817 1435 2906 ineffabilem,
1463 2816 1537 2888 dele
1563 2826 1703 2913 peccata
1729 2827 1860 2907 nostra,
1887 2834 2043 2888 servornm

688 2952 810 3027 nempe
842 2927 971 3005 brorum
998 2931 1057 3005 tibi
1092 2934 1352 3031 supplicantium.
1405 2933 1552 3031 Populus
1580 2938 1666 3005 enim
1702 2943 1776 3005 tuus
1810 2944 1846 3005 et
1878 2930 2044 3003 baereditas

690 3055 746 3118 tua
775 3046 973 3144 deprecatur
1000 3059 1033 3121 te
1060 3060 1241 3148 otperto
1268 3059 1302 3125 et
1327 3060 1437 3125 tecum
1462 3036 1597 3125 Patrem
1623 3061 1723 3138 tuum,
1752 3051 1878 3122 dicens.

792 3165 955 3258 Populos.
981 3163 1146 3241 Miserere
1168 3168 1265 3241 'Deus
1290 3168 1391 3240 Pater
1418 3171 1637 3264 omnipotens
1664 3170 1826 3239 miserere
1854 3165 1959 3239 nobis.

794 3281 980 3354 Sacerdos.
1032 3282 1105 3357 Nos
1132 3287 1232 3356 etiam
1258 3283 1375 3356 infirmi
1402 3294 1436 3356 et
1460 3294 1659 3381 peccatores
1691 3285 1876 3371 servitui,
1908 3281 2042 3365 Domine,

563 3413 568 3421 ’
688 3399 815 3489 gratias
842 3403 972 3492 agimus
997 3399 1070 3490 tibi,
1095 3398 1266 3473 laudamus
1293 3410 1339 3491 te,
1364 3423 1426 3496 pro
1454 3401 1606 3474 omnibns
1633 3410 1667 3472 et
1692 3410 1831 3495 propter
1859 3401 1972 3471 omnia.

793 3513 955 3608 Populos.
981 3514 1172 3590 Laudamus
1198 3527 1249 3606 te,
1275 3516 1500 3591 benedicimus
1527 3527 1577 3607 te,
1613 3527 1648 3595 et
1673 3515 1853 3587 adoramus
1888 3524 1939 3600 te,
1970 3533 2042 3602 gra-

688 3631 755 3702 tias
782 3633 912 3722 agimus
937 3629 995 3703 tibi
1022 3640 1057 3703 et
1081 3655 1259 3728 precamur
1284 3657 1304 3704 a
1331 3643 1365 3705 te
1398 3637 1549 3722 veniam,
1583 3633 1728 3706 Domine
1754 3630 1867 3718 DeuS,
1903 3633 2042 3701 miserere

688 3744 786 3819 nobis
813 3753 848 3816 et
873 3745 1094 3820 exaudinos.

793 3860 978 3933 Sacerdos.
1004 3862 1190 3960 Praecipue
1216 3885 1302 3937 vero
1329 3874 1466 3938 sanctae
1492 3872 1527 3935 et
1550 3863 1723 3956 gloriosae
1751 3885 1887 3957 semper
1912 3860 2041 3952 Virginis

688 3973 810 4050 beatae
835 3980 1006 4072 genitricis
1032 3980 1097 4052 Dei
1123 3979 1254 4052 Mariae
1279 3983 1473 4052 memoriam
1500 3983 1639 4072 agimus.

792 4094 979 4167 Diaconos.
1012 4095 1181 4168 Memento
1208 4095 1314 4186 illius,
1339 4096 1483 4168 Domine
1508 4096 1615 4187 Dens,
1642 4105 1676 4169 et
1701 4118 1763 4192 per
1789 4097 1864 4187 ejus
1892 4097 2039 4165 orationes

688 4232 791 4307 puras
819 4221 852 4282 et
878 4221 1026 4303 sanctas,
1051 4234 1156 4309 parce
1183 4220 1216 4284 et
1241 4215 1403 4284 miserere
1428 4210 1526 4285 nobis
1554 4223 1588 4284 et
1614 4211 1737 4284 exaudi
1763 4234 1838 4284 nos.

792 4326 979 4401 Diaconos.
1008 4329 1115 4415 Quam
1141 4326 1297 4402 terribilis
1324 4338 1377 4401 est
1401 4327 1484 4405 baec
1510 4328 1612 4401 bora:
1641 4350 1739 4424 quam
1764 4326 1941 4400 timendum
1964 4333 2038 4393 tem·

689 4465 753 4541 pus
785 4444 891 4534 istud,
927 4446 1037 4518 dilecti
1072 4446 1158 4535 mei,
1192 4467 1258 4539 quo
1292 4443 1433 4540 Spiritus
1467 4448 1566 4518 uivus
1594 4455 1628 4516 et
1661 4452 1795 4519 sanctus
1832 4465 1879 4514 ex
1913 4434 2038 4510 excelsis

692 4559 886 4636 sublimibus
919 4561 1006 4634 coeli
1025 4561 1193 4649 ,advenit,
1229 4560 1400 4635 descendit
1434 4569 1469 4632 et
1502 4559 1646 4633 illabitur
1681 4584 1783 4659 snper
1817 4554 2039 4632 Eucharistiam

690 4675 776 4749 banc
800 4681 835 4749 in
861 4681 1050 4751 sanctuario
1076 4681 1231 4772 positam,
1257 4699 1398 4771 eamque
1424 4678 1623 4750 sanctificat:
1663 4700 1739 4750 cnm
1772 4679 1891 4750 timore
1923 4679 1954 4742 et
1975 4675 2037 4736 tre·

691 4816 788 4866 more
814 4803 935 4885 estote,
962 4803 1087 4869 stantes
1115 4802 1151 4865 et
1176 4804 1319 4866 orantes.
1345 4793 1421 4866 Pax
1446 4791 1620 4867 nobiscum
1645 4797 1704 4885 sit,
1739 4803 1773 4864 et
1808 4793 1963 4866 securitas
1985 4778 2038 4852 Dei

691 4910 799 4987 Patris
826 4916 971 4984 omnium
996 4921 1157 5000 nostmm,
1184 4910 1362 4982 clamemus
1390 4921 1424 4982 et
1452 4910 1597 4984 dicamus
1624 4922 1683 4983 ter.
1736 4908 1843 5007 llyrie
1869 4906 1994 4979 eleison

796 5027 971 5100 Sacerdos
995 5028 1178 5099 inclinatas
1204 5027 1288 5097 dicit
1312 5027 1567 5098 lanceationem
1591 5026 1744 5121 Spiritus
1767 5028 1887 5099 eeneii.
