4525 6034
686 552 764 628 stc
1196 550 1556 627 Llllllllllh

685 749 721 811 ct
746 759 809 811 nos
837 759 899 833 per
931 759 1048 809 eorum
1082 737 1343 810 intercessiones
1375 734 1501 807 robora
1534 746 1569 807 et
1604 736 1736 827 adjuva.
1789 739 1927 812 Animas
1957 744 2041 812 mam

684 864 820 927 nostras
845 857 880 924 iu
906 855 1049 923 veritate
1076 863 1132 924 tua
1158 852 1272 924 firmas
1300 851 1412 935 effice,
1448 850 1551 923 corda
1585 862 1699 923 nostm
1731 855 1765 922 in
1797 853 1862 924 tide
1888 865 1941 925 tua
1965 878 2042 926 con-

685 971 798 1058 lirma,
825 971 902 1064 quia
928 980 963 1041 tu
990 969 1086 1041 dator
1113 978 1148 1040 et
1172 968 1314 1058 largitor
1340 966 1506 1039 honorum
1533 990 1590 1052 es,
1628 967 1791 1055 Domme,
1823 967 1946 1063 tibique
1975 969 2042 1041 lau·

689 1067 765 1158 dem
791 1083 980 1173 referimus,
1008 1095 1042 1156 et
1067 1086 1240 1177 unigenito
1266 1083 1353 1155 Filio
1382 1092 1457 1171 tuo,
1484 1093 1518 1155 et
1544 1081 1680 1178 Spiritui
1707 1095 1764 1154 tuo
1792 1087 2001 1156 sanctissimo.

794 1200 970 1271 Sacerdos
1001 1200 1195 1271 inclinatos.
1259 1199 1298 1271 ln
1333 1196 1396 1271 hac
1432 1201 1532 1269 etiam
1568 1196 1652 1269 hora
1688 1207 1870 1285 memento,
1905 1198 2045 1284 Domine,

689 1317 887 1404 Doctorum,
915 1313 1200 1404 Orthodoxorum,
1226 1316 1409 1409 praecipue
1431 1307 1447 1347 ⁸
1473 1335 1558 1386 vero
1585 1314 1717 1405 lgnntii,
1743 1312 1911 1407 Dionysii,
1935 1312 2046 1399 Basilii,

690 1432 866 1521 Gregorii,
894 1429 1033 1526 Cyrilli,
1060 1430 1202 1519 Severi,
1228 1429 1422 1517 Philoxeni,
1456 1426 1596 1515 lacobi,
1632 1436 1666 1498 ct
1691 1426 1894 1521 reliquorum
1921 1432 2046 1499 omnium

691 1546 876 1617 Doctorum
904 1548 959 1639 qui
985 1548 1131 1637 vestigia
1159 1544 1289 1617 illorum
1317 1546 1422 1616 secuti
1450 1553 1534 1616 suut.

792 1660 944 1730 Elecooc
975 1682 1101 1734 ccccm.
1163 1659 1289 1732 Eorum
1324 1663 1379 1755 qui
1415 1660 1519 1732 radiis
1551 1656 1760 1750 Theologiae
1793 1681 1812 1729 a
1846 1658 1967 1752 Spiritu
2001 1668 2047 1727 tuo

690 1786 806 1847 sancto
827 1779 1020 1870 inspiratae,
1047 1774 1205 1847 tenebras
1233 1778 1376 1847 omniurn
1404 1778 1551 1866 gentium
1576 1772 1843 1847 illustraverumt:
1875 1796 1986 1846 eornm
2003 1777 2049 1867 qui

689 1891 787 1963 tunes
814 1891 1036 1963 extenderunt
1061 1889 1240 1963 Ecclesiae
1267 1889 1493 1983 exgentibus
1525 1899 1773 1982 congregatae,
1805 1901 1840 1960 et
1871 1888 2048 1985 redemptae

688 2010 852 2098 sanguine
877 2008 1039 2097 unigeniti
1058 2006 1135 2078 Filii
1158 2011 1215 2094 tui,
1243 2006 1401 2079 alinibus
1424 2028 1530 2101 usque
1556 2005 1702 2079 adfines
1724 2019 1836 2079 terrae
1860 2001 2048 2077 habitabilis:

693 2143 810 2194 eorum
844 2124 900 2216 qui
926 2121 1040 2213 gladio
1068 2124 1202 2216 spiritus
1229 2122 1436 2194 resciderunt
1472 2120 1621 2193 membra
1656 2132 1786 2193 mortua
1828 2144 1878 2192 ex
1918 2139 2047 2213 corpore

687 2234 865 2308 Ecclesiae
893 2235 1016 2309 Christi
1043 2240 1103 2308 tui:
1131 2259 1193 2332 per
1220 2260 1360 2331 quorum
1388 2239 1559 2309 orationes
1580 2236 1815 2331 acceptabiles,
1843 2234 1985 2307 Domine
1996 2253 2049 2303 nos

688 2355 788 2422 etiam
815 2350 972 2423 confirma
1000 2360 1034 2423 et
1066 2352 1174 2445 dirige
1207 2355 1240 2424 in
1270 2353 1336 2425 lide
1370 2364 1404 2424 et
1435 2353 1586 2425 doctrina
1619 2374 1736 2425 eorum
1767 2349 1890 2438 beata3
1924 2360 1958 2422 ut
1987 2370 2050 2419 cum

687 2464 751 2536 illis
779 2476 813 2537 et
837 2468 924 2538 inter
948 2467 1038 2559 illos,
1063 2467 1250 2541 referamus
1287 2468 1345 2541 tibi
1377 2469 1540 2560 gloriam,
1576 2478 1610 2539 et
1635 2466 1767 2538 laudem
1794 2466 1959 2562 simulque
1983 2467 2050 2535 uni·

686 2582 801 2671 genito
829 2581 915 2653 Filio
943 2594 1013 2672 tuo,
1040 2593 1074 2654 et
1100 2582 1237 2678 Spiritui
1263 2585 1483 2657 sanctissimo.

791 2695 968 2768 Sacerdos
1000 2697 1194 2769 iocliootoa.
1246 2699 1455 2771 Mortuerum
1496 2700 1595 2770 etiam
1634 2696 1797 2785 fidebam,
1840 2719 1906 2792 pro
1948 2694 2050 2791 quibus

687 2809 752 2882 hoc
781 2811 979 2884 sacrificium
1006 2811 1153 2885 oblatum
1181 2825 1251 2901 est,
1286 2825 1453 2887 memento
1488 2816 1632 2886 Domine
1663 2817 1696 2884 in
1723 2812 1786 2886 hac
1820 2813 1926 2886 hora:
1951 2815 2051 2883 nomi·

687 2928 787 2997 natim
815 2948 900 2997 vero
927 2938 1133 2999 mortuorum
1161 2934 1307 3002 omnium
1333 2930 1492 3022 fidelium,
1519 2941 1666 3024 patrum,
1692 2927 1850 3015 fratrum,
1881 2931 2051 3020 magistro·

686 3063 825 3136 rumque
851 3053 1053 3134 nostrorum,
1081 3054 1148 3116 tarn
1177 3045 1358 3117 secundum
1385 3068 1527 3141 corpus,
1562 3067 1660 3139 quam
1693 3043 1878 3116 secundum
1907 3047 2051 3139 spiritum

791 3157 943 3228 bllccoac
969 3181 1094 3231 vocem.
1146 3159 1191 3231 Et
1223 3184 1341 3234 eorum
1373 3166 1428 3255 qui
1456 3184 1531 3233 cum
1565 3182 1626 3255 spe
1658 3181 1762 3247 vera,
1798 3170 1833 3230 et
1870 3160 2052 3232 confidentia

687 3271 764 3344 lidei
792 3295 878 3367 quae
903 3276 937 3344 in
963 3283 997 3345 te
1024 3285 1087 3364 est,
1115 3297 1162 3345 ex
1188 3276 1251 3347 hoc
1278 3276 1401 3348 mundo
1428 3280 1657 3368 angustiarum
1684 3277 1935 3367 migraveramt,
1961 3284 1993 3345 et
2015 3293 2053 3342 er

687 3391 758 3458 vita
784 3386 847 3459 hac
880 3387 1093 3481 gemebunda
1126 3390 1287 3485 proiecti,
1323 3391 1366 3464 nd
1399 3402 1433 3463 te
1465 3400 1705 3487 pervenerunt,
1731 3399 1885 3485 patrum,
1917 3389 2053 3472 hanun,

686 3505 988 3598 magistrorumque
1013 3516 1206 3578 nostrorum
1242 3506 1431 3579 recordare.
1485 3505 1654 3578 Memento
1682 3527 1816 3593 eorum,
1844 3514 1881 3575 et
1914 3506 2052 3596 suscipe,

687 3638 815 3711 eosque
842 3621 1018 3714 quiescere
1040 3621 1122 3711 jube
1148 3625 1181 3692 in
1209 3626 1283 3694 sinu
1309 3621 1492 3711 Abraham,
1525 3625 1559 3692 in
1594 3618 1818 3691 tahemaculis
1854 3620 2053 3691 laetitiaeel

688 3734 821 3825 quietis,
848 3736 882 3804 in
909 3732 1102 3807 habitaculis
1129 3736 1260 3826 lucidis,
1287 3740 1321 3808 in
1347 3738 1469 3811 mundo
1496 3736 1719 3831 voluptatum,
1752 3741 1786 3807 in
1813 3734 1972 3806 Ecclesia
1996 3734 2054 3836 le-

687 3847 844 3934 rusalem,
872 3847 929 3919 ubi
955 3848 1050 3924 locus
1076 3873 1145 3924 non
1172 3863 1225 3926 est
1252 3853 1435 3943 alllictioni,
1460 3873 1571 3948 neque
1597 3856 1654 3923 via
1685 3853 1846 3923 tristitiae.
1904 3851 1971 3922 Per
1995 3850 2054 3918 mi·

687 3962 905 4035 sericordiam
932 3975 1032 4056 tuam,
1059 3966 1215 4057 Domine,
1242 3973 1374 4041 veniam
1393 3976 1649 4062 consequantur,
1677 3965 1793 4039 subter
1806 3966 1881 4037 alas
1909 3974 2053 4061 aspectus

685 4081 733 4148 tui
767 4076 1032 4168 abscondantur,
1068 4094 1102 4155 et
1127 4095 1269 4178 peccata
1303 4107 1418 4157 eornm
1450 4106 1519 4156 non
1551 4094 1754 4155 revocentur
1783 4088 1818 4154 in
1850 4084 2054 4154 memoriam:

686 4194 762 4287 quia
791 4192 898 4264 nullus
926 4197 1034 4267 extitit
1059 4197 1161 4292 plane
1187 4196 1272 4269 liber
1298 4197 1341 4271 ab
1368 4197 1464 4290 hujus
1491 4198 1602 4270 mundi
1629 4197 1801 4285 sordibus,
1838 4220 1886 4269 ex
1914 4196 2053 4269 omnibus

688 4309 743 4402 qui
769 4328 871 4379 carne
898 4308 999 4381 induti
1032 4333 1135 4407 super
1166 4323 1291 4385 terram
1321 4318 1497 4402 vixerunt,
1530 4316 1594 4384 nisi
1626 4314 1779 4386 salvator
1812 4324 1932 4385 noster
1964 4312 2052 4382 lesus

687 4419 837 4495 Christus
865 4427 1053 4516 unigenitus
1079 4427 1185 4499 Filius
1211 4438 1301 4500 tuus:
1335 4452 1521 4524 perquem
1549 4434 1648 4500 etiarn
1682 4428 1948 4513 misericordiam
1975 4447 2054 4496 cou-

685 4541 781 4631 sequi
810 4560 997 4632 speramus,
1025 4550 1058 4612 et
1083 4546 1316 4616 remissionem
1341 4554 1557 4640 peccatorum
1583 4555 1721 4640 propter
1747 4544 1844 4634 eum',
1871 4554 1939 4614 tam
1967 4541 2053 4612 nobis

686 4673 785 4746 quam
813 4652 887 4725 illis.

791 4769 942 4856 Quietem
969 4780 1115 4865 praesta.
1145 4771 1190 4842 Et
1205 4794 1310 4845 onera
1326 4776 1448 4865 gravia
1474 4796 1559 4868 quae
1584 4774 1683 4847 nobis
1709 4776 1772 4869 ipsi
1798 4772 1865 4846 hoc
1893 4778 1926 4846 in
1943 4771 2053 4847 mundo

685 4885 920 4977 imposuimus,
955 4884 1049 4956 auler
1079 4909 1099 4956 a
1132 4887 1322 4960 cervicibus
1355 4892 1480 4961 nostris
1506 4888 1667 4961 Domine:
1700 4899 1842 4983 peccata
1879 4901 1993 4963 nostra
2024 4896 2052 4956 et

683 5017 801 5069 eorum
826 5002 979 5091 ignosce,
1007 5001 1132 5074 dimitte
1160 5009 1194 5074 et
1220 5001 1326 5096 aufer,
1353 5015 1420 5076 tam
1446 5026 1488 5077 ea
1515 5028 1601 5101 quae
1615 5005 1817 5095 voluntarie,
1845 5029 1946 5100 qnam
1975 5022 2051 5098 quac
