4525 6034
610 606 665 681 tlt
694 603 986 681 truncatas
1020 602 1297 682 stainans.
1569 603 1640 677 115

268 791 337 854 dnm
367 809 455 871 quam
477 789 627 852 Sacerdos
656 787 836 867 aliquamdiu
866 794 983 867 partem
1011 787 1091 851 illam
1113 789 1240 852 Oblatae
1269 794 1467 849 consecratae
1495 787 1643 849 elevatam

267 897 360 966 team,
384 907 444 969 quo
467 888 626 950 intervallo
649 888 880 948 circumstantes
902 903 999 966 usque
1022 886 1060 949 ad
1083 895 1194 950 terram
1217 885 1418 968 procumbere
1446 884 1644 946 venerabun-

267 988 335 1066 dos,
359 987 497 1067 deposita
519 987 608 1048 etiam
632 985 762 1065 capitum
784 983 888 1062 fascia,
913 991 1061 1047 testantur
1083 985 1216 1049 Antores
1240 985 1298 1047 alii.
1322 984 1354 1047 ln
1374 984 1489 1046 Graeca
1506 982 1645 1044 Alexan-

267 1087 353 1149 drina
377 1086 563 1167 simpliciter.
605 1074 640 1146 Ὁ
660 1071 768 1164 ἱερεὺς
790 1073 876 1165 edroi
895 1072 935 1144 τὸ
956 1075 1142 1146 cacocexia.
1186 1084 1340 1146 Sacerdos
1362 1085 1461 1146 about
1480 1081 1644 1161 Spodicon,

266 1183 327 1247 boc
350 1191 409 1262 est,
431 1193 464 1246 ιιι
487 1183 557 1245 alibi
579 1183 759 1259 notavimus,
782 1170 985 1243 Aacnoccxds
1007 1177 1105 1258 σῶμα
1127 1182 1286 1262 videlicet,
1316 1201 1372 1245 seu
1396 1181 1513 1261 Corpus
1533 1180 1644 1241 Domi-

266 1301 378 1346 meam.

357 1378 431 1442 Ouna
453 1381 547 1462 igitur
574 1378 731 1459 plerique,
754 1379 962 1440 Protestantes
989 1380 1181 1458 praesertim,
1205 1380 1405 1442 elevationem
1433 1378 1642 1442 Eucharistiae
1681 1369 1853 1423 Praesente·
1871 1371 1966 1424 nmen

268 1487 385 1541 certum
405 1478 512 1540 baberi
535 1476 630 1539 velint
652 1475 837 1538 adorationis
859 1476 1011 1554 indicium,
1034 1485 1065 1539 et
1087 1477 1260 1558 praefracte
1282 1477 1361 1540 illam
1384 1485 1443 1539 tam
1466 1496 1483 1539 a
1506 1476 1642 1552 Graecis,
1655 1465 1791 1556 cremare
1805 1464 1969 1555 ”ww

268 1596 358 1659 quana
381 1577 419 1639 ab
442 1575 645 1639 Orientalibus
668 1575 826 1637 observari
848 1577 1040 1656 negaverint,
1063 1574 1175 1639 habeut
1188 1576 1270 1658 quod
1284 1576 1486 1659 postulabant.
1531 1541 1965 1680 Pigere⁸11⁰vf¹¹f⁰⁰¹¹⁰¹¹⁸⁰ss¹³

266 1695 343 1739 sane
364 1676 491 1738 deberet
513 1693 568 1738 eos
599 1676 648 1754 qui
680 1674 836 1736 veritatem
864 1681 1019 1735 sectantur
1048 1677 1238 1754 ignorantiae
1268 1678 1480 1759 magistrorum
1508 1647 1670 1752 ειιιιιιιιιι,θ
1689 1637 1808 1683 erasarum.

267 1777 320 1856 qui
343 1793 407 1837 rem
430 1792 508 1854 quae
530 1773 605 1835 solis
627 1773 724 1836 oculis
747 1771 891 1835 elucidari
914 1772 1029 1853 absque
1052 1773 1221 1857 'theologia
1243 1781 1381 1855 poterat,
1413 1793 1472 1836 non
1501 1775 1643 1849 viderint,

268 1877 339 1957 quia
361 1873 560 1937 elevationem
583 1873 771 1952 quaerebant
799 1871 869 1932 loco
897 1890 958 1933 non
986 1889 1052 1934 suo.
1098 1872 1248 1935 Volabant
1279 1873 1396 1936 scilicet
1424 1873 1503 1934 illam
1533 1873 1642 1950 statim,

267 1981 427 2055 postquam
448 1971 544 2035 verba
569 1970 679 2033 Christi
701 1971 899 2051 pronunciata
922 1978 1005 2049 suut,
1029 1974 1176 2052 reperiri:
1199 1972 1288 2034 aliter
1310 1972 1419 2034 nullam
1442 1989 1512 2033 esse
1535 1973 1644 2033 existi·

267 2074 405 2148 mebant,
429 2071 510 2153 quod
533 2069 751 2132 absurditatem
774 2068 864 2131 babet
888 2087 954 2130 cum
977 2087 1091 2133 summa
1120 2072 1269 2154 originum
1292 2070 1570 2134 Ecclesiasticarum
1594 2073 1643 2132 in-

267 2174 356 2235 scitia
378 2173 577 2252 conjunctam.
623 2168 697 2229 llam
720 2168 746 2228 si
769 2167 968 2229 elevationem
991 2168 1199 2232 Eucharistiae
1222 2179 1338 2232 certum
1366 2170 1500 2251 judicant
1530 2171 1643 2232 adora-

267 2271 357 2333 tionis
380 2275 606 2353 argumentum,
641 2266 722 2347 qnod
753 2284 814 2328 non
844 2267 884 2328 ita
913 2274 1046 2345 constat,
1081 2278 1113 2332 ut
1143 2269 1181 2332 de
1216 2288 1253 2331 eo
1276 2269 1404 2333 dubitari
1436 2287 1495 2331 non
1529 2270 1642 2349 possit:

267 2387 374 2450 parurn
401 2369 494 2431 relert
518 2385 578 2447 qno
603 2374 740 2447 tempore
762 2366 842 2427 sacri
865 2362 958 2427 Officii
986 2366 1211 2430 Sacramentum
1234 2368 1387 2446 elevetur,
1418 2369 1507 2431 modo
1530 2367 1560 2430 id
1582 2368 1642 2430 liat.

268 2468 343 2531 Cum
367 2484 443 2530 vero
466 2466 580 2530 turbari
602 2464 833 2527 Reionnatiouis
855 2464 959 2543 specie
987 2464 1125 2528 Ecclesia
1157 2468 1273 2546 coepit,
1304 2466 1455 2530 debebant
1483 2466 1644 2530 Reforma-

266 2575 352 2630 tores
379 2566 530 2648 Liturgias
559 2565 692 2627 Graecas
721 2581 800 2645 quae
818 2564 881 2644 jam
904 2564 1003 2626 editae
1027 2565 1147 2627 inerant
1168 2564 1219 2627 vel
1241 2565 1352 2628 leviter
1374 2567 1541 2646 inspicere:
1564 2566 1644 2628 illam

267 2684 343 2729 sane
366 2666 579 2748 agnovissent,
602 2665 629 2726 si
651 2681 711 2725 non
735 2682 773 2726 eo
796 2665 864 2743 ipso
887 2663 974 2741 loco,
998 2681 1058 2745 quo
1082 2666 1111 2725 in
1135 2662 1270 2726 Romana
1292 2665 1430 2728 Ecclesia
1461 2665 1525 2727 ficri
1553 2664 1644 2739 solet,

267 2772 298 2828 at
321 2764 411 2845 paulo
434 2771 503 2826 ante
527 2753 789 2838 Communioncm',
822 2778 888 2824 cnm
923 2762 1099 2825 inclamatur
1119 2763 1236 2825 sancta
1264 2766 1388 2825 sanctis.
1432 2765 1546 2826 Primos
1576 2764 1644 2825 illos

267 2864 416 2926 adversus
439 2863 608 2925 Ecclesiam
632 2862 822 2941 conjuratos,
858 2862 908 2941 qui
937 2860 1106 2924 barbariem
1139 2869 1169 2924 et
1199 2863 1345 2924 inscitiam
1380 2871 1439 2925 tam
1469 2862 1645 2943 frequenter

265 2962 381 3024 nostris
403 2961 568 3044 'theologis
592 2959 828 3040 exprobrabant,
853 2958 929 3023 laaec
953 2962 1112 3043 ignorasse
1136 2978 1225 3023 nemo
1249 2962 1418 3037 mirabitur,
1442 2963 1492 3047 qni
1516 2961 1644 3041 aliquam

266 3063 296 3123 in
319 3060 418 3123 studio
442 3060 625 3141 antiquitatis
647 3057 882 3120 Ecclesiasticae
906 3077 1029 3140 operam
1054 3060 1207 3139 posuerit,
1239 3078 1306 3122 cum
1336 3061 1427 3123 multa
1456 3061 1514 3122 alia
1546 3060 1643 3120 minus

264 3159 420 3222 recondita
442 3159 511 3222 illos
534 3158 704 3220 nescivisse
728 3164 862 3234 constet,
887 3166 918 3219 et
941 3166 1081 3238 tanquam
1103 3159 1332 3239 superstitiosas
1355 3159 1507 3222 Romanae
1529 3157 1643 3219 Eccle-

265 3262 329 3323 siae
354 3260 521 3336 novitates,
545 3259 677 3319 instituta
701 3255 750 3335 pia
772 3272 871 3336 prope
893 3259 991 3317 omnia
1015 3257 1252 3336 condemnasse,
1276 3274 1354 3338 quae
1377 3266 1481 3320 sancta
1505 3264 1643 3318 veterum

266 3359 385 3421 Patrunr
407 3355 635 3419 commendabat
657 3355 812 3416 autoritas.
857 3353 897 3416 At
920 3363 1019 3417 aetate
1040 3357 1251 3435 posteriores,
1283 3358 1411 3418 maxime
1443 3355 1643 3428 Albertiuum,

266 3459 365 3519 vuum
387 3457 519 3517 infinitae
542 3456 697 3529 lectionis,
721 3454 772 3534 qui
795 3453 883 3514 etiarn
906 3454 1131 3517 sordidissimus
1155 3455 1324 3534 scriptores
1347 3462 1545 3531 excusserat,
1569 3451 1644 3514 haec

267 3558 447 3638 ignorasse,
470 3562 539 3630 aut,
568 3554 650 3634 quod
677 3554 764 3632 pejus
795 3558 859 3629 est,
890 3552 1112 3628 dissimulasse,
1144 3555 1370 3616 excusationem
1400 3553 1509 3615 nnllam
1544 3551 1644 3613 habet.

267 3655 467 3738 Negavernnt
490 3661 589 3714 tamen
613 3651 727 3712 elevari
750 3658 800 3711 aut
823 3650 943 3713 adorari
965 3652 1194 3729 Eucharistiam‚
1218 3654 1353 3732 quamvis
1376 3652 1530 3714 adoratam
1560 3648 1642 3711 illam

268 3771 390 3834 semper
412 3770 483 3814 esse
506 3758 642 3827 constet,
666 3750 756 3811 etiam
778 3767 846 3810 cum
868 3750 1047 3814 elevationis
1069 3754 1181 3814 mentio
1204 3752 1284 3813 nulla
1308 3751 1401 3813 leret:
1426 3751 1504 3812 etsi
1534 3751 1563 3811 in
1594 3748 1646 3810 illa

268 3852 352 3930 sola,
377 3852 475 3913 cultus
499 3851 636 3933 religiosi
659 3856 730 3910 nota
752 3857 836 3911 certa
860 3850 1069 3913 constituenda
1092 3859 1156 3928 cst,
1179 3851 1259 3912 illam
1282 3851 1390 3912 Graeci
1421 3857 1452 3911 ct
1475 3847 1645 3910 Orientales

268 3955 298 4015 iu
323 3952 408 4014 libris
431 3952 495 4012 suis
518 3951 724 4030 consignatam
746 3947 892 4022 babeant,
915 3957 946 4010 et
969 3967 1035 4010 cum
1058 3950 1208 4030 religione
1223 3950 1398 4011 observent.
1444 3947 1487 4009 lta
1502 3946 1645 4009 Claudius

269 4051 535 4124 Camalocensis,
558 4050 608 4110 oui
630 4047 759 4110 credere
781 4046 807 4107 si
831 4046 932 4108 malint
955 4055 999 4109 tot
1022 4049 1087 4128 ojus
1110 4055 1296 4123 sectatores,
1319 4047 1420 4129 potius
1444 4064 1532 4128 quam
1554 4045 1646 4106 indu·

269 4152 370 4214 bilatis
393 4156 549 4224 autorum,
574 4147 778 4227 librorumque
801 4145 960 4208 Ritualium
991 4148 1186 4224 testimoniis,
1217 4146 1336 4208 illorum
1366 4164 1416 4207 res
1446 4146 1559 4228 agitur:
1590 4142 1646 4204 sed

268 4259 301 4313 ut
324 4247 394 4311 testi
417 4248 639 4327 imperitissimo
661 4265 762 4308 rerum
784 4245 916 4323 illarum,
941 4245 1040 4325 potius
1063 4263 1152 4326 quarn
1175 4246 1259 4307 libris
1282 4245 1409 4306 vetustis
1437 4252 1469 4306 et
1495 4242 1645 4323 indigenis

269 4349 421 4423 medetur,
444 4365 596 4428 nunquam
612 4345 805 4410 obtinebunt:
829 4363 889 4426 quo
912 4346 990 4407 euim
1009 4346 1080 4426 jure
1103 4345 1171 4408 talis
1194 4344 1280 4406 testis
1304 4344 1400 4406 audiri
1416 4350 1532 4422 posset,
1556 4341 1645 4401 etiam

268 4468 286 4511 a
315 4447 544 4526 corruptissimo
570 4446 684 4528 judice.
737 4445 777 4506 Αι
807 4444 992 4506 eruditorum
1025 4444 1273 4521 Protestantium,
1303 4460 1408 4505 eorum
1436 4441 1564 4503 maxime
1593 4439 1645 4517 qui

268 4546 439 4627 linguarum
461 4545 656 4609 Orientalium
679 4546 788 4626 peritia
815 4543 1079 4618 commendantur,
1107 4542 1250 4623 judicium
1279 4559 1341 4604 uon
1372 4538 1553 4622 refugimus:
1582 4538 1642 4598 imo

267 4644 305 4707 ad
343 4644 412 4706 illos
443 4663 659 4725 provocamus,
694 4652 727 4706 nt
759 4645 785 4705 si
816 4642 888 4724 quid
922 4643 1032 4704 babent
1062 4643 1091 4704 in
1118 4641 1284 4704 reconditis
1314 4639 1373 4701 illis
1403 4639 1466 4699 suis
1493 4636 1642 4698 thesauris

267 4742 488 4822 Orientalibus,
513 4762 573 4824 quo
595 4743 694 4806 refelli
718 4760 795 4824 quae
818 4741 947 4803 diximus
970 4741 1007 4803 de
1031 4742 1201 4803 elevatione
1231 4748 1261 4801 et
1288 4738 1464 4801 adoratione
1478 4734 1642 4814 ,Euchari-

267 4843 345 4904 stiae
374 4843 536 4923 perspicue
566 4843 701 4923 possint,
730 4859 772 4902 »ca
800 4839 969 4920 proferant,
1004 4840 1203 4921 publicaeque
1232 4839 1293 4901 luci
1324 4837 1442 4899 tandem
1477 4840 1641 4915 exponant,

266 4941 451 5022 heroemque
474 4941 556 5003 illum
578 4961 665 5004 sunm
688 4960 705 5001 a
728 4939 795 5001 falsi
817 4939 957 5017 crimine,
982 4958 1042 5020 quo
1071 4957 1156 5001 reum
1186 4939 1267 5000 illum
1296 4935 1420 4999 facimus
1449 4952 1550 4996 coram
1579 4942 1641 4995 tota

269 5037 440 5102 Christiana
462 5039 633 5121 republica,
655 5042 682 5104 si
703 5045 848 5120 possunt,
872 5037 1033 5103 vindicent.
1079 5037 1113 5100 ld
1136 5045 1236 5100 antem
1258 5035 1454 5116 praestabunt
1476 5036 1503 5096 si
1525 5031 1643 5096 autori·

321 5175 445 5219 romu
1386 5151 1434 5225 18
