4525 6034
1192 567 1505 646 PRAEFATIO.

663 763 767 865 aliqui
802 786 955 865 quorum
989 763 1198 839 testimoniis
1233 784 1321 870 usus
1361 771 1415 837 est
1448 759 1673 839 Abrahamus
1710 759 1955 862 Echellensis‚
2003 765 2040 841 in

592 1000 596 1005 Ι
661 894 763 974 Notis
796 895 840 972 ad
870 893 999 972 Hebed
1027 893 1136 995 lesu,
1166 892 1418 996 Eutychioque
1444 893 1642 995 1111111111,
1675 905 1711 971 11
1744 894 1845 975 alibi:
1885 894 2040 975 Faustus

522 1106 533 1145 ¹,
579 1068 616 1147 sy
661 1029 860 1129 Naironus,
903 1040 939 1105 et
963 1027 1114 1105 lortasse
1151 1027 1217 1103 alii.
1279 1026 1455 1105 loannem
1488 1027 1535 1105 illi
1568 1053 1672 1105 suum
1703 1026 1888 1106 Maronem
1921 1032 2038 1130 citant„

661 1166 871 1265 praesertim
898 1187 944 1239 ex
966 1159 1229 1238 Commentario
1260 1160 1304 1236 ad
1328 1159 1451 1237 Jacobi
1480 1158 1662 1262 Syriacam
1686 1159 1902 1265 biturgum,
1934 1164 2039 1267 cujus

663 1300 817 1397 autoris⁷
849 1308 885 1373 et
907 1299 1027 1397 operis
1058 1306 1201 1397 praeter
1223 1292 1415 1372 Maronitas
1446 1294 1564 1372 nullus
1593 1298 1767 1372 meminit:
1785 1335 1787 1339 ·
1806 1307 1842 1371 et
1872 1319 1964 1398 quae
1994 1295 2038 1374 ab

663 1431 729 1509 illis
762 1430 984 1531 referuntur⁷
1016 1432 1214 1531 reperimus
1245 1431 1349 1506 ineo
1378 1452 1485 1531 quem
1508 1433 1709 1531 composuit
1728 1428 1923 1529 Dionysius
1944 1427 2039 1505 Bar-

664 1563 763 1642 salibi
784 1563 954 1642 lacebita.
997 1560 1276 1641 Constitutiones
1298 1561 1487 1640 Ecclesiae
1507 1560 1737 1640 Maroniticae
1760 1561 1926 1665 allegant,
1950 1587 2039 1667 quas

664 1722 771 1775 nemo
790 1698 897 1795 vidit3
918 1721 1045 1774 verum
1068 1697 1201 1774 similes
1223 1695 1394 1799 quasdam
1419 1720 1511 1799 quae
1532 1695 1577 1773 ad
1589 1695 1790 1775 Ecclesiam
1809 1695 2040 1774 Jacobiticam

664 1835 857 1933 pertinent:
889 1843 1033 1909 autores
1059 1830 1147 1908 alios
1174 1829 1279 1931 plane
1307 1834 1472 1932 ignotos⁷
1504 1836 1637 1936 quique
1670 1835 1704 1908 in
1739 1834 2039 1910 numerosissimis

663 1961 890 2044 Bibliothecis
911 1988 984 2042 non
1008 1974 1210 2041 occurrunt.
1274 1960 1365 2040 Cum
1389 1968 1496 2067 igitur
1515 1965 1619 2043 nullis
1646 1969 1712 2043 nisi
1738 1969 1845 2044 certis
1867 1970 2041 2043 autorita-

663 2097 775 2199 tibus,
808 2097 1024 2200 Liturgicam
1048 2096 1284 2199 disciplinam⁷
1308 2108 1344 2175 et
1367 2096 1475 2203 iidem
1496 2099 1742 2178 Eucharistiae
1764 2084 1918 2178 stabilire
1946 2122 2040 2176 con-

664 2232 779 2311 silium
815 2234 879 2331 sit7
922 2242 1107 2333 suspectas
1141 2233 1361 2309 omittemus:
1407 2235 1491 2311 satis
1521 2237 1615 2310 enim
1649 2258 1779 2336 magna
1813 2245 1868 2312 est
1898 2234 2041 2311 testium

665 2367 762 2442 omni
798 2368 1010 2466 exceptione
1043 2365 1217 2467 majorum
1253 2369 1378 2467 copia,
1434 2377 1472 2443 ut
1504 2364 1620 2443 dubiis
1657 2365 1808 2444 libenter
1843 2390 2040 2443 careamus.

663 2496 794 2601 Neque
815 2510 933 2575 tamen
956 2522 1167 2576 accusamus
1188 2496 1414 2605 Echellensis
1437 2511 1496 2576 aut
1518 2498 1664 2577 Naironi
1687 2499 1815 2601 iidem,
1847 2498 1913 2579 sed
1941 2485 2042 2576 amor

664 2635 817 2734 patriae,
852 2635 1122 2734 communisque
1144 2631 1238 2734 apud
1262 2656 1349 2710 suos
1374 2631 1531 2733 1111111111,
1574 2632 1658 2710 Fecit
1688 2645 1726 2711 ut
1758 2658 1851 2736 quos
1884 2624 2041 2732 autores,

665 2777 832 2867 tanquam
855 2790 942 2843 suae
959 2764 1147 2844 Ecclesiae
1168 2769 1333 2867 proprios
1355 2763 1488 2842 laudari
1510 2744 1654 2868 semper
1676 2766 1879 2868 audierant7
1906 2765 1952 2843 de
1975 2766 2042 2843 illis

666 2923 739 2977 non
761 2899 910 3001 amplius
941 2901 1179 3002 inquirerent,
1210 2901 1328 2977 securi
1353 2911 1539 3001 praeterea
1568 2899 1614 2977 dc
1633 2912 1837 2985 nostrorum
1859 2899 2041 2977 bominum

661 3034 825 3137 judiciis,
857 3057 1010 3135 quorum
1038 3036 1099 3110 vix
1131 3033 1223 3110 ullus
1253 3056 1388 3110 novum
1421 3032 1551 3135 aliquid
1585 3033 1629 3111 ad
1652 3059 1712 3112 res
1734 3034 1933 3137 Liturgicas
1956 3033 2041 3110 illu-

664 3167 843 3266 1111111111Ἲ
883 3192 929 3244 ex
953 3166 1049 3244 libris
1072 3166 1212 3245 ineditis
1235 3165 1412 3268 produxit.
1787 3245 1790 3251 .

376 3332 415 3385 o„
435 3333 652 3389 11111111οῃ111,
784 3300 889 3378 Unus
924 3304 1037 3378 statim
1081 3298 1291 3377 eximendus
1332 3299 1510 3377 videbitur
1546 3297 1746 3378 Richardus
1779 3299 1925 3400 Simon⁷
1981 3299 2042 3400 qui

342 3418 464 3471 ΝΜ
482 3421 599 3476 ⁸⁵⁰¹⁰¹l¹·
666 3430 838 3511 Gabrielis
860 3430 1194 3535 Pbiladelpbiensis,
1237 3429 1374 3510 Graece
1398 3445 1434 3510 et
1458 3433 1581 3510 Latine
1604 3433 1706 3512 editis
1727 3434 1910 3535 opusculis
1930 3431 2042 3511 Notas

667 3565 855 3643 uberiores
879 3565 1019 3667 adjecit,
1044 3569 1079 3641 in
1103 3564 1231 3668 quibus
1256 3590 1301 3642 111
1325 3563 1543 3667 Coptitarum
1564 3566 1745 3670 Liturgiis,
1770 3579 1805 3644 et
1821 3565 2041 3644 Nestorianis

667 3694 864 3777 testimonia
888 3698 1050 3800 protulit,
1071 3699 1142 3775 nec
1164 3723 1278 3800 pauca
1296 3703 1390 3776 cirea
1412 3699 1590 3802 liturgias
1614 3699 1813 3779 Orientales
1838 3699 2044 3779 observavit

667 3831 825 3932 erudite,
875 3857 967 3935 quae
999 3856 1105 3910 nemo
1139 3842 1242 3910 antea
1283 3831 1547 3910 observaverat.
1619 3834 1659 3911 ln
1698 3838 1791 3913 notis
1830 3831 1960 3911 deinde
1996 3830 2042 3909 ad
2131 3865 2135 3871 ·

665 3964 884 4044 binerarium
935 3963 1065 4043 Montis
1114 3964 1256 4067 Libani,
1323 3965 1365 4043 ab
1401 3966 1621 4069 Hieronymo
1653 3967 1816 4045 Dandino
1854 3966 2043 4044 Societatis

665 4099 774 4200 lesu,
810 4112 1016 4202 susceptum
1040 4111 1075 4177 et
1097 4100 1216 4177 ltaliae
1240 4102 1427 4202 scriptum,
1460 4098 1557 4203 quod
1578 4088 1772 4178 verrlacule
1794 4103 2042 4202 interpretatus

667 4244 740 4334 est,
774 4232 882 4311 multa
906 4233 952 4310 de
975 4233 1145 4337 Liturgiis
1172 4236 1335 4335 inseruit,
1361 4233 1516 4335 Syriacis
1539 4239 1732 4337 praecipue
1760 4233 1916 4334 ineditis⁷
1950 4257 2045 4336 qua-

666 4392 744 4444 rum
768 4378 935 4469 excerpta
956 4365 1110 4445 Faustus
1133 4364 1310 4445 Naironus
1333 4371 1583 4446 transmiserat.
1631 4364 1722 4445 Cum
1744 4380 1862 4446 tamen
1885 4370 2043 4470 integras

665 4524 738 4578 non
760 4499 929 4601 vidisset,
953 4501 1184 4604 analysinque
1208 4504 1315 4579 totius
1335 4500 1451 4579 Officii
1473 4499 1707 4580 Eucharistici
1733 4502 1818 4579 dare
1842 4506 2069 4604 aggressus

667 4644 784 4735 osset,
821 4659 895 4712 non
922 4637 968 4711 ita
991 4634 1141 4712 feliciter
1163 4638 1198 4711 in
1227 4660 1270 4711 ea
1290 4635 1535 4738 disquisitione
1557 4647 1722 4713 versatus
1746 4646 1820 4737 est7
1856 4646 1894 4712 ut
1914 4659 1983 4712 nec
2007 4637 2042 4710 in

666 4766 784 4844 multis
817 4768 892 4845 aliis
924 4793 1017 4870 qnae
1046 4780 1163 4847 sectas
1187 4767 1385 4848 Orientales
1413 4772 1577 4870 attinent,
1618 4771 1905 4872 conjecturisque
1934 4770 2041 4845 nimio

666 4898 747 5000 plus
781 4897 933 4978 indulsit.
995 4901 1153 4981 Antores
1185 4880 1293 5005 porro
1329 4901 1442 5004 Syros
1474 4914 1534 4980 aut
1570 4901 1712 4982 Arabes
1750 4903 1869 4981 nullos
1911 4901 2042 4999 habuit7

667 5056 821 5136 quorum
854 5036 1062 5116 testimoniis
1093 5040 1142 5113 uti
1165 5048 1307 5140 posset:
1346 5036 1492 5115 loannis
1516 5035 1632 5115 solum
1654 5034 1810 5116 Maronis
1837 5047 1873 5113 et
1895 5032 2043 5113 aliorum
