4525 6034
648 555 725 630 108
1088 548 1310 627 Llruteln
1344 547 1375 624 S.
1403 543 1622 623 ennoean

809 742 906 799 Oratio
928 741 986 798 adia
1005 739 1159 811 fractionis.
1525 723 1602 796 Εὖχδ
1620 726 1682 794 did»)
1701 731 1747 794 τῆς
1764 727 1880 787 κλάσασα.

694 860 894 934 Benedictus
947 881 985 932 es
1039 857 1171 933 Christe
1222 856 1317 929 Deus
1414 847 1617 975 Εὐλογητὸς
1650 846 1682 923 εἷ
1713 850 1907 950 Χριστὲί
1886 880 1906 924 ο
1924 849 2038 943 θεός,

644 969 854 1061 omnipotens
863 962 1025 1035 liberator
1033 960 1211 1033 Ecclesrae
1226 971 1318 1032 tuac:
1362 956 1383 1030 ὁ
1409 951 1692 1051 παντοκράτωρ,
1724 952 1746 1026 ὁ
1771 951 1962 1085 λυτρώτης
1979 962 2042 1051 τῆς

646 1066 845 1142 oVerbum
871 1066 960 1161 quod
986 1068 1192 1157 cogitatione
1217 1086 1320 1136 assc—
1363 1062 1494 1133 ἑαυτοῦ
1523 1058 1724 1153 ἐκκλησίας·
1758 1054 1790 1131 ὦ
1814 1055 1996 1189 λόρε,ὃν

645 1181 805 1267 quantur,
837 1182 870 1242 et
895 1170 995 1241 homo
1023 1191 1120 1263 quem
1146 1172 1320 1239 intuentur.
1363 1168 1586 1289 προνοοῦσιν
1610 1157 1745 1246 αὐτόν,
1778 1159 1839 1234 καὶ
1865 1160 2042 1259 ἄνθρωπε

644 1277 709 1362 Qui
750 1297 813 1369 per
857 1270 1223 1367 incomprehensibilem
1261 1273 1320 1340 in·
1364 1263 1408 1340 ὃν
1433 1265 1711 1391 προθεαιροὶσιν
1735 1262 1858 1338 αυτόν.
1907 1262 1947 1341 Ὁ
1979 1262 2042 1339 δια

643 1382 977 1466 carnationemtuam,
990 1376 1200 1470 praeparasti
1220 1371 1320 1445 nobis
1363 1375 1423 1466 τῆς
1436 1364 2042 1468 ἀκαταλὴπτουαδτοῦσαρκώσεως,

643 1504 765 1578 panem
779 1481 978 1568 coelestem,
1000 1477 1066 1551 hoc
1087 1497 1210 1572 corpus
1230 1486 1320 1548 tuum
1363 1473 1553 1599 ἑτοίμασρς
1574 1470 1671 1596 ἡμῖν
1680 1469 1793 1568 ἄρτον
1810 1469 2041 1602 ἐπουράνιον,

644 1583 734 1679 quod
772 1585 969 1657 constituisti
1013 1585 1045 1652 io
1086 1581 1320 1667 Sacramenta,
1362 1573 1532 1650 rovocari
1565 1598 1672 1667 σωμα
1695 1598 1785 1664 σου,
1811 1603 1857 1649 ον
1882 1577 2020 1649 ἔθαν’
2002 1605 2041 1649 εν

644 1689 886 1761 sanctissimum
911 1687 945 1755 in
969 1683 1130 1757 omnibus
1156 1682 1320 1756 Miscuisti
1363 1671 1602 1776 μυστήριον*Ι
1627 1676 1689 1751 καὶ
1705 1673 1888 1776 πανάνιον
1905 1682 1944 1753 ἐν
1967 1689 2042 1762 τοῖς

638 1778 740 1863 nohis
776 1788 913 1861 calicem
951 1811 997 1858 ex
1022 1791 1093 1858 vite
1126 1808 1228 1875 vena,
1261 1785 1319 1857 di·
1363 1783 1507 1858 ἅπασιν.
1546 1779 1774 1875 Ἐκὲροισαςς
1752 1792 1840 1877 ημῖν
1865 1779 2041 1880 ποτήριον

642 1896 722 1965 vino
750 1890 878 1965 scilicet
905 1900 1005 1986 atque
1025 1889 1234 1962 immaculato
1260 1889 1319 1960 la·
1363 1888 1402 1965 ἐξ
1418 1883 1581 2011 αμπέλου
1597 1882 1824 1981 ἅληθείαςᾙ
1806 1913 1845 1958 εκ
1862 1884 1963 2016 θιίρς
1980 1884 2042 1958 καὶ

642 2007 715 2067 tere
741 2006 809 2067 tuo.
838 1996 903 2081 Qui
929 2003 1106 2090 postquam
1123 1993 1319 2065 tradidisses
1362 1987 1547 2085 ἄχράντου
1561 2012 1630 2061 σου
1638 1993 1796 2085 πλευρας
1823 1987 1862 2066 Ὁ
1878 1988 1939 2062 και
1950 1986 2041 2082 μετὰ

643 2102 793 2194 spiritum
820 2119 866 2183 ex
893 2097 1010 2168 eodem
1038 2096 1145 2169 latere
1179 2094 1319 2167 effudisti
1363 2092 1559 2167 δεδοικέναι
1590 2088 1633 2164 cd
1668 2097 1810 2185 πνεῦμα
1838 2096 1969 2188 ἐκχέοιν
2001 2093 2040 2170 ἐξ

643 2205 841 2293 sanguinem
879 2210 912 2272 et
952 2223 1090 2321 aquam,
1130 2202 1165 2270 in
1200 2199 1319 2293 quibus
1362 2195 1470 2291 αὐτῆς
1486 2223 1578 2288 αιμα
1590 2221 1650 2268 και
1642 2191 1834 2293 ὕδωρ,7
1794 2224 1847 2278 οις
1861 2193 2039 2294 αγιασμὸς

642 2304 859 2379 sanctificatio
887 2313 981 2376 esset
1005 2306 1166 2376 universo
1187 2301 1318 2372 mundo.
1362 2307 1415 2395 cpi
1448 2298 1578 2394 κόσμῳ
1609 2299 1727 2373 παντί.
1771 2305 1911 2396 Κτῆσαι
1945 2298 2039 2392 ἡμᾶς

642 2407 785 2481 Posside
828 2428 891 2479 nos
934 2408 1024 2480 bone
1060 2407 1226 2496 Domine
1260 2408 1318 2475 in-
1363 2400 1539 2503 dyo-9⁶⁸¹
1495 2430 1595 2500 κυριε
1607 2429 1691 2485 τους
1704 2398 2038 2484 αναξίουςδούλους

643 2510 765 2602 dignos
792 2531 915 2584 servos
932 2520 1035 2582 .:tu0s
1068 2508 1125 2581 iac
1159 2530 1223 2581 nos
1249 2530 1319 2604 po·
1363 2525 1446 2580 σου
1458 2501 2038 2635 ποίησρνὴμᾶςλαδνπιριουσιον,

641 2612 754 2709 pulum
781 2615 1018 2708 acquisitionis,
1043 2611 1163 2705 rogale
1187 2611 1319 2684 Sacer·
1363 2609 1580 2706 βασίλειονς
1567 2605 1773 2739 αράταιμα,
1791 2607 1942 2691 {saw
1917 2636 2036 2707 aytov.

643 2716 788 2808 dotium,
803 2728 939 2809 gentem
953 2725 1111 2790 sanctam.
1139 2713 1318 2787 Sanctifica
1362 2712 1531 2813 Ἁγίασον
1554 2710 1615 2785 και
1639 2710 1732 2809 ἡμᾶς
1752 2742 1773 2785 ο
1763 2709 1954 2801 ‘eides'
1923 2740 2036 2810 αιςπερ

642 2822 742 2891 etiam
768 2842 833 2892 nos
859 2820 965 2911 Deus,
993 2822 1079 2892 sicut
1105 2819 1318 2892 sanctificasti
1361 2816 1509 2916 ἦγίασας
1537 2812 1584 2889 τοὶ
1617 2815 1832 2949 προκείμενα
1858 2814 1919 2888 καὶ
1950 2814 2037 2942 ἅγια

641 2926 815 3020 proposita
841 2920 926 2995 haec
952 2932 1068 2996 sancte
1100 2945 1257 3011 munera,
1286 2931 1318 2992 et
1362 2918 1464 3045 δρῑρα
1497 2925 1628 3008 ταῦτα,
1660 2946 1721 2992 και
1753 2918 1917 3015 ἐποίησας
1944 2914 2037 2992 αὐτοὶ

641 3024 751 3097 iecisti
779 3050 819 3097 ea
846 3025 1023 3099 invisibilia
1051 3047 1098 3097 ex
1118 3022 1318 3115 visibilibus
1362 3020 1499 3160 ἀόρατα
1525 3026 1564 3095 ἐκ
1588 3026 1663 3096 τών
1680 3021 1835 3147 ὁρατρῐν,
1852 3021 2037 3147 μυστήρια

641 3132 802 3251 mpsteria
830 3152 916 3224 quae
944 3129 1035 3202 solus
1054 3128 1224 3221 intelligis,
1239 3127 1319 3199 Do·
1362 3119 1444 3202 ὧν*
1470 3148 1709 3254 πρρνοουσιν,
1734 3122 1826 3198 αὐτοὶ
1851 3149 1910 3197 σοι
1936 3126 2038 3222 κύριε

641 3236 730 3305 mine
755 3232 849 3305 Deus
878 3242 911 3303 et
927 3230 1085 3307 Salvator
1100 3240 1217 3306 noster
1236 3230 1319 3303 Jesu
1362 3260 1383 3304 ο
1373 3227 1535 3319 ιθοός,ς
1513 3257 1534 3301 ο
1550 3225 1671 3359 σρτήρ
1686 3227 1791 3323 ἡμῶν
1804 3225 2038 3325 ἸησοῦςΧρι·

642 3335 783 3409 Christe.
836 3335 889 3407 Tu
933 3338 1034 3428 igitur
1070 3334 1216 3408 Domine
1256 3355 1319 3429 per
1362 3330 1453 3416 στός.
1479 3330 1540 3406 Σδ
1556 3328 1623 3406 οὗν
1640 3329 1740 3430 κύριε
1753 3328 1817 3405 δια
1832 3343 1892 3428 τῆς
1906 3336 2038 3427 πολλῆς

641 3437 777 3511 multam
804 3447 893 3510 tuam
919 3437 1184 3512 misericordiam
1209 3459 1318 3533 prac—
1361 3458 1430 3510 σου
1444 3433 2038 3534 αἷσπλαγχνίαςκατηξίωσαςῆμᾶς

642 3550 735 3615 stara
769 3539 867 3614 nobis
901 3541 1053 3633 dignatus
1087 3562 1145 3629 es,
1189 3550 1225 3611 ut
1256 3562 1318 3635 per
1362 3537 1425 3613 διαὶ
1448 3546 1516 3612 τοῦ
1536 3538 1787 3633 βαπτίσματος
1800 3540 1974 3638 γίνεσθαι
1991 3539 2038 3621 εἰς

640 3645 844 3739 Baptismum
865 3644 1070 3717 efficeremur
1096 3643 1153 3714 filii
1180 3654 1214 3715 et
1229 3642 1317 3715 hae·
1360 3640 1461 3726 υἱοδς
1485 3640 1547 3716 καὶ
1571 3639 1827 3739 κληρονόμους.
1853 3638 2038 3724 Ἐδίδαξας

640 3747 750 3821 redes.
776 3746 929 3820 Docuisti
961 3770 1026 3821 nos
1060 3746 1203 3819 iormam
1231 3768 1316 3819 ora·
1360 3746 1453 3841 ἡμᾶς
1476 3743 1543 3819 τὸν
1564 3742 1682 3820 τύπον
1703 3752 1766 3840 τῆς
1786 3756 1976 3841 προςιυχῆς
1998 3741 2036 3827 ὃς

640 3852 738 3923 tionis
764 3854 953 3947 mysticam,
980 3874 1045 3945 qua
1061 3871 1236 3922 oraremus
1247 3852 1316 3920 im-
1360 3846 1457 3924 ἐστὶν
1479 3846 1732 3946 ι’μμυστήριος,
1755 3855 1824 3922 τοῦ
1848 3845 2038 3946 προςεύχι-

640 3954 838 4025 maculatum
865 3953 998 4026 Patrem
1024 3963 1124 4025 tuum.
1152 3953 1204 4025 Tu
1231 3974 1316 4043 ergo
1361 3954 1454 4026 σθαι
1478 3955 1518 4026 ἐν
1542 3949 1633 4047 αὐτῇ
1660 3950 1728 4025 τὸν
1758 3947 1943 4048 ἄχραντόν
1969 3975 2038 4023 σου

643 4059 742 4128 etiam
783 4079 871 4128 nunc
923 4056 1121 4129 Dominator
1173 4057 1318 4128 Domine
1361 4060 1504 4152 πατέρα.
1530 4053 1590 4128 Σδ
1614 4050 1682 4129 οὖν
1707 4051 1768 4128 καὶ
1790 4061 1859 4129 νίν
1879 4051 2059 4127 δέσποτα-

640 4159 760 4252 dignos
792 4160 886 4233 effice
925 4181 1008 4249 nos,
1043 4171 1078 4231 ut
1112 4183 1186 4232 oum
1226 4180 1317 4230 con·
1361 4157 1461 4291 κύριε
1486 4158 1713 4236 καταξίοισον
1742 4156 1835 4286 ἦμαρ
1858 4161 1896 4232 ἐν
1927 4156 2037 4256 ἁγία-

640 4266 779 4337 scicntia
832 4263 1055 4354 sanctificata
1116 4273 1150 4334 et
1203 4271 1315 4333 mente
1358 4267 1473 4357 σμινῃ
1509 4258 1732 4356 συνειδήσει,
1771 4258 1832 4333 καὶ
1867 4265 2036 4389 λογισμιρ

639 4366 729 4440 bona
757 4365 863 4462 qualis
889 4364 975 4438 filios
1002 4366 1117 4455 decet,
1145 4388 1219 4436 cum
1247 4362 1315 4435 de-
1358 4360 1535 4466 ἀγαθῶ“
1514 4358 1585 4439 ον*
1602 4369 1724 4458 πριπιι
1742 4418 1826 4437 .....
1844 4360 1956 4458 πόθῳ
1975 4360 2037 4436 καὶ

640 4470 778 4559 siderio,
805 4479 840 4541 et
863 4468 982 4541 fiducia
1011 4469 1101 4543 bona
1135 4468 1315 4540 audeamus
1358 4468 1537 4594 παῤῥησίρι
1553 4465 1680 4565 α’γαθῇ
1695 4471 1837 4591 τολμᾷν
1856 4470 2036 4540 ἐπικαλεῖ-

639 4575 815 4662 ἰονοοοτο,
843 4576 898 4667 qui
925 4575 958 4642 in
973 4571 1076 4644 coelis
1097 4581 1151 4644 est
1165 4580 1315 4643 sanctum
1359 4574 1452 4646 σθαι
1478 4568 1546 4644 τὸν
1570 4575 1610 4646 ἐν
1634 4579 1709 4653 τοῖς
1734 4567 1901 4667 οὐρανοῖς
1929 4568 2038 4668 ἅγιον

639 4675 749 4748 Deum
774 4676 908 4748 Patrem
935 4685 1025 4746 tuum
1051 4684 1086 4745 et
1112 4673 1235 4745 dicere.
1358 4673 1462 4764 θεόν,
1480 4679 1614 4773 πατέρα
1629 4696 1698 4747 σου
1715 4700 1776 4746 και
1766 4671 1918 4773 λέγειν.

573 4884 578 4897 ,
691 4812 853 4907 Populos.
880 4811 981 4884 Pater
999 4821 1122 4886 noster.
1147 4816 1315 4902 etpostea
1401 4817 1434 4889 ‘0
1455 4813 1552 4897 Λαός
1573 4817 1670 4908 λέγει.
1692 4802 1944 4908 Πάτερζῆμιῦν.
1968 4817 2040 4885 Καὶ

641 4937 740 5009 quom
765 4919 916 4986 recitato
942 4920 993 4986 eat
1009 4919 1124 4986 oratio
1143 4914 1315 4986 dominica
1357 4919 1442 5010 μετὰ
1462 4917 1502 4993 τὸ
1523 4910 1646 5012 Πάτερ
1662 4910 1777 5008 ἡμῶν.

640 5016 815 5089 Sacerdos
841 5018 936 5089 dicit.
