4525 6034
607 602 638 679 S.
669 598 889 680 dioscori
915 602 1139 699 EPISCOPI,
1172 619 1224 682 dc.
1521 610 1599 685 497

221 788 501 883 tranquillitatem,
527 810 590 884 pro
617 786 706 860 bollo
725 786 945 863 habitationis
971 789 1207 886 frequentiam:
1235 817 1298 891 pro
1325 796 1450 884 caede,
1480 805 1598 892 pacem

222 901 322 974 altam
333 893 350 993 3'
378 927 441 998 pro
468 905 631 977 seditione
657 890 819 998 quietem3
852 928 915 1001 pro
949 906 1115 981 divisione
1147 911 1378 986 concordiam:
1414 922 1451 983 ut
1482 934 1599 987 omnes

223 1023 441 1112 conjunctim,
474 1019 617 1115 hymnos
645 1017 821 1092 oderamus
848 1022 906 1093 tibi
934 1045 1008 1094 cum
1036 1024 1222 1118 diligentia,
1257 1039 1290 1099 et
1316 1030 1486 1120 unigenito
1513 1029 1600 1103 Fiho

222 1149 279 1209 tuo
307 1148 342 1209 et
368 1137 504 1233 Spiritui
532 1149 599 1209 tuo.

327 1253 489 1347 Populus.
542 1255 663 1328 Amen.

327 1369 504 1442 Sacerdos
525 1369 718 1442 inclinatos.
751 1370 919 1442 Memento
937 1371 1083 1444 Domine
1100 1374 1338 1468 cujuscumque
1356 1372 1464 1466 Regis
1482 1373 1600 1464 tidelis,

225 1488 280 1581 qui
315 1483 522 1579 amplectitur
557 1489 734 1558 veritatem
766 1495 875 1574 mam,
909 1510 1089 1583 curamque
1122 1486 1223 1560 habet
1256 1489 1371 1585 populi
1406 1495 1451 1562 tui
1484 1489 1617 1564 tidelis.⁴

222 1600 371 1674 Benedic
406 1599 600 1673 haereditati
633 1604 724 1693 ejus,
757 1601 988 1697 bonorumque
1022 1603 1254 1676 abundantiam
1283 1616 1423 1701 praesta
1458 1610 1491 1678 in
1526 1609 1602 1699 ejus

223 1719 377 1812 imperio,
404 1726 438 1787 et
463 1719 495 1787 in
523 1740 731 1812 quacumque
756 1720 906 1809 regione.
937 1718 1106 1791 Memento
1123 1721 1268 1792 Domine
1293 1731 1475 1812 rectorum,
1501 1727 1601 1818 prin-

224 1836 344 1928 cipum,
372 1841 405 1903 et
432 1835 642 1905 autoritatem
669 1831 871 1922 habentium,
899 1837 953 1929 qui
980 1845 1186 1908 conservant
1212 1836 1409 1928 religionem
1436 1848 1539 1928 tuam,
1568 1849 1602 1912 ot

224 1948 348 2020 faciunt
372 1948 580 2021 voluntatem
607 1960 713 2036 tuam,
741 1960 775 2021 et
801 1959 920 2022 averte
951 1950 1070 2045 plagas
1097 1950 1220 2024 luroris
1256 1956 1290 2024 in
1323 1952 1440 2026 diebus
1472 1977 1602 2043 eorum,

225 2074 261 2136 ut
287 2073 495 2155 cognoscant
522 2075 555 2136 tc
591 2064 795 2137 salvatorem
824 2087 902 2138 esse
929 2070 1073 2138 omnium
1100 2071 1156 2162 qui
1184 2070 1217 2138 iu
1245 2077 1279 2139 te
1306 2078 1450 2163 sperant.

329 2178 505 2251 Sacerdos
519 2179 657 2252 eleonora
675 2203 801 2252 ooecm.
841 2180 1018 2276 Sapientes
1034 2181 1110 2254 illos
1132 2183 1225 2255 effice
1246 2184 1391 2255 Domine
1411 2184 1453 2255 ad
1476 2183 1604 2257 obser-

224 2299 395 2368 vationem
421 2295 508 2387 legis
534 2306 630 2384 tuae,
657 2307 692 2367 et
718 2307 753 2367 ut
779 2308 961 2392 sequantur
986 2301 1077 2370 viam
1105 2308 1140 2370 et
1166 2299 1375 2393 exemplum,
1407 2321 1542 2392 regum,
1569 2309 1604 2373 et

225 2415 409 2507 principum
437 2410 720 2484 Drtbodoxorum.
775 2413 967 2509 Comprime
1003 2417 1101 2485 etiam
1128 2413 1273 2486 Domine
1300 2414 1389 2487 bebo
1416 2425 1451 2487 et
1475 2416 1603 2511 praelia

225 2551 312 2622 quae
340 2539 461 2599 terram
489 2525 656 2614 infestant,
683 2531 716 2599 in
745 2528 862 2601 diebus
889 2550 1015 2600 eorum.
1068 2528 1122 2600 Da
1144 2529 1209 2601 illis
1229 2539 1265 2601 ut
1285 2534 1510 2623 cogitationes
1535 2531 1603 2604 ba-

224 2640 327 2713 beant
353 2643 524 2737 pacilicas,
551 2651 585 2713 et
611 2643 791 2715 concordia
819 2653 875 2715 tua
893 2666 1011 2738 pacem
1032 2642 1095 2715 illis
1113 2647 1268 2740 inspiret:
1296 2668 1476 2742 compesce
1496 2669 1603 2719 scan-

226 2758 301 2830 dala
328 2771 363 2831 et
389 2759 537 2848 dissidia,
564 2782 607 2831 ne
635 2764 784 2833 oriantur
810 2763 896 2831 inter
923 2781 997 2848 eos,—
1025 2770 1058 2831 et
1083 2759 1211 2832 illustra
1238 2762 1366 2834 animos
1389 2783 1506 2833 eorum
1529 2762 1604 2835 luce

225 2877 377 2948 veritatis
410 2886 496 2946 tuae.
549 2876 602 2947 Da
637 2874 701 2947 iDis
727 2875 871 2948 Domine
902 2875 1110 2972 prudentiam
1145 2876 1325 2948 secundum
1356 2898 1454 2971 quam
1481 2889 1603 2971 regant

226 2991 383 3087 populum
411 3001 500 3063 tuum
526 2990 727 3064 habitantem
763 2996 795 3063 in
829 2990 1007 3064 ditionibus
1040 3013 1172 3080 corum,
1206 3002 1240 3064 et
1276 3017 1297 3066 a
1328 2991 1467 3082 malitia,
1504 3003 1604 3088 atque

227 3107 451 3180 dominatione
479 3108 613 3179 duriore
640 3117 674 3179 et
700 3131 821 3204 aspera
847 3106 954 3179 libera
986 3128 1060 3179 uos.
1111 3106 1221 3180 Aufer
1248 3103 1347 3179 etiam
1380 3111 1605 3199 cogitationes

227 3226 436 3318 perniciosas
463 3245 579 3296 eorum
606 3227 661 3317 qui
689 3246 795 3296 saevo
820 3226 918 3295 nimis
945 3232 1066 3314 regunt
1092 3223 1249 3318 populum
1277 3234 1376 3309 tuum,
1407 3222 1449 3296 ab
1477 3222 1604 3296 haere-

228 3338 329 3409 ditate
356 3347 427 3411 tua:
454 3338 559 3412 libera
586 3361 649 3411 nos
677 3343 754 3435 quia
781 3342 813 3410 iu
842 3350 874 3411 te
901 3341 1130 3433 speravimus,
1157 3350 1192 3410 ot
1219 3339 1317 3412 salva
1343 3361 1405 3412 nos
1433 3343 1489 3435 qui
1515 3363 1605 3413 oon-

128 3517 132 3532 ,
227 3452 356 3524 ditemur
382 3476 503 3526 nomen
531 3464 642 3543 tuum3
669 3465 704 3526 et
729 3455 825 3526 simul
851 3457 979 3547 gratias
1006 3476 1164 3546 agemus,
1195 3453 1431 3545 adorabimus,
1466 3467 1500 3528 et
1525 3455 1605 3528 lau-

228 3567 380 3641 dabimus
406 3592 528 3643 nomen
556 3580 644 3642 tuum
672 3581 839 3658 sanetum,
876 3581 910 3642 et
936 3573 1097 3662 unigeniti
1123 3569 1198 3641 Filii
1225 3574 1289 3661 tui,
1323 3582 1357 3643 et
1382 3571 1525 3668 Spiritus
1552 3555 1607 3644 ιιιί

228 3688 345 3757 sancti.

332 3801 509 3873 Sacerdos
541 3803 733 3875 inclinetur.
795 3803 965 3875 Memento
997 3803 1143 3875 Domine
1176 3813 1211 3875 et
1242 3812 1379 3899 praesta
1411 3806 1606 3875 memoriam

229 3915 373 4005 bonam,
400 3917 517 3989 Matris
544 3922 704 4012 unigeniti
732 3922 777 3992 tui
804 3921 1055 4008 sanctissimae,
1081 3930 1115 3991 et
1140 3919 1262 3993 beatae
1287 3919 1434 4010 Mariae,
1468 3920 1606 3992 loannis

228 4034 410 4128 Baptistae,
437 4033 677 4130 Prophetarum
705 4045 739 4107 et
752 4033 991 4131 Apostolorum
1019 4039 1075 4130 qui
1102 4035 1255 4108 lecerunt
1276 4036 1482 4108 voluntatem
1503 4046 1606 4126 tuam,

229 4148 633 4244 omniumomniuni
661 4161 694 4223 ot
720 4149 980 4238 Confessorum,
1009 4162 1187 4224 eteorum
1215 4155 1359 4224 omnium
1387 4154 1442 4246 qui
1468 4159 1606 4246 propter

229 4285 353 4336 nomeu
379 4276 468 4337 tuum
496 4264 693 4339 afflictiones
720 4270 956 4356 sustinuerunt,
981 4270 1164 4363 praecipue
1188 4289 1274 4340 vero
1296 4266 1455 4361 Stephani
1483 4276 1517 4338 et
1542 4287 1606 4337 re-

230 4379 394 4475 liquorum
422 4384 478 4476 qui
504 4386 834 4477 persecutionemet
859 4385 1040 4456 calumnias
1068 4387 1159 4480 passi
1178 4394 1316 4478 propter
1334 4405 1484 4454 amorem
1504 4392 1605 4469 tuum,

231 4520 376 4590 agonem
404 4508 438 4570 et
463 4508 632 4572 certamen
661 4499 824 4572 obierunt.
856 4500 999 4595 Suscipe
1024 4500 1169 4571 Domine
1191 4498 1379 4572 oblationes
1401 4518 1528 4583 eorum,
1551 4499 1607 4590 qui

231 4613 274 4685 ad
301 4614 432 4687 illorum
459 4619 630 4689 orationes
657 4615 865 4708 confugiunt,
891 4636 954 4708 per
979 4614 1216 4687 multitudinem
1243 4618 1375 4706 gratiae
1402 4623 1488 4685 tuae.

335 4730 486 4802 means
505 4754 632 4804 vocem.
667 4731 878 4805 Convertere
895 4730 1038 4802 Domine
1055 4730 1098 4803 de
1120 4729 1266 4803 excelsis
1284 4728 1455 4802 coelomm
1475 4738 1608 4800 tuorum

232 4844 447 4935 sublimibus,
474 4870 562 4942 quae
588 4847 768 4920 adorantur
793 4847 836 4920 ab
867 4847 1041 4934 omnibus,
1072 4856 1108 4918 et
1140 4845 1264 4938 adjuva
1296 4867 1358 4918 eos
1385 4866 1517 4932 omnes,
1552 4846 1608 4938 qui

233 4961 389 5034 ardenter
415 4974 606 5058 exposcunt
633 4963 790 5036 auxilium
817 4985 879 5057 per
904 4984 1025 5059 preces
1052 4984 1179 5035 eorum.
1229 4958 1362 5033 Exaudi
1389 4959 1608 5055 deprecatio-

233 5100 295 5150 nes
323 5099 437 5150 eorum
465 5102 528 5174 pro
555 5089 644 5152 terra
671 5077 860 5151 habitabili:
892 5078 1060 5174 responde
1085 5077 1302 5174 petitionibus
1330 5075 1537 5149 adorantium
1564 5086 1611 5166 te,
