4525 6034
573 541 624 615 Ab
641 539 846 620 utendum
865 537 1057 617 COPllebl
1081 539 1111 616 S.
1128 538 1273 615 BASlLll.
1522 535 1598 610 243

238 728 435 811 pronunciata
458 725 537 788 loret
558 723 642 786 initio
664 724 835 807 liturgiae,
859 742 919 806 quo
942 724 1099 806 exemplo,
1122 723 1212 787 etiam
1233 722 1340 784 Latino
1361 721 1440 800 ritu,
1464 721 1599 802 momnis

239 827 374 912 generali
396 832 591 907 peccatorum
613 821 805 887 consessione
827 821 922 902 iacta,
945 825 1028 888 initio
1051 823 1172 901 llissae,
1196 821 1454 903 pronunciataqne
1475 818 1602 883 absolu-

239 929 337 1005 tione,
360 924 494 1006 quotidie
516 941 583 986 cum
605 922 752 986 accedunt
774 922 880 986 fideles
902 924 940 986 ad
962 922 1185 1005 percipiendam
1205 920 1440 985 communionem
1455 920 1602 1000 repetitur

240 1026 344 1089 eadem
369 1021 537 1101 consessio,
560 1021 771 1103 absolutioque
797 1023 904 1086 iterim
932 1005 1160 1104 pronunciaer
1211 1020 1383 1084 Patriarcba
1413 1017 1535 1082 Gabriel
1563 1018 1601 1080 de

239 1143 274 1189 ea
295 1124 447 1207 praecipit
468 1123 547 1185 bunc
569 1122 600 1183 in
623 1120 752 1186 modum.
796 1121 950 1184 Sacerdos
970 1122 1050 1184 dicet
1069 1120 1294 1183 Absolutionem
1315 1118 1517 1194 arranem,
1544 1136 1602 1180 cs·

236 1244 292 1305 pse
313 1224 358 1284 cd
378 1223 455 1284 boec
476 1220 586 1299 cerba,
609 1220 739 1303 populus
761 1228 846 1283 tuus:
870 1229 930 1283 nrm
948 1221 1078 1283 incolcet
1095 1239 1217 1282 ιιιαιιιιιιι
1231 1239 1318 1282 nram
1331 1220 1398 1282 nelo
1417 1218 1602 1301 bombycino,
1629 1245 1630 1248 ¹

236 1323 446 1402 mpicierrcpne
467 1321 510 1405 ud
530 1318 736 1394 occideremur,
758 1339 850 1382 masau
867 1321 1007 1399 populum
1029 1317 1146 1394 bmrtel,
1168 1322 1294 1381 ιίιιίιιιιι
1320 1326 1460 1392 ommno,
1487 1318 1602 1380 onno-

237 1441 293 1502 pne
320 1421 364 1482 ad
396 1428 532 1482 sanctina
559 1438 670 1499 corpus
701 1421 871 1497 conversis,
901 1428 1042 1500 moprlom
1065 1418 1288 1499 precobmrdns,
1315 1426 1345 1480 et
1369 1426 1473 1498 petens
1499 1417 1539 1479 ab
1568 1437 1604 1479 eo

240 1520 356 1600 ulrbquid
373 1539 432 1599 pro
450 1520 572 1600 populo.
609 1518 708 1583 butor
736 1518 886 1582 Scientiae
911 1517 1159 1582 Ecclesiasticus:
1188 1518 1341 1581 Sacerdos
1369 1519 1449 1581 dicet
1468 1516 1602 1579 Absolu-

238 1622 359 1696 tionesr,
379 1619 464 1699 [acie
485 1619 528 1680 ud
548 1616 739 1680 Occidentem
760 1638 920 1697 conuerso,
942 1620 1036 1698 jemla
1061 1618 1322 1681 connsuetudinem:
1349 1618 1429 1699 pnod
1456 1618 1486 1678 al
1510 1616 1604 1695 suerit

238 1718 423 1798 Episcopus,
445 1719 522 1797 lecet
543 1735 609 1778 eam
638 1719 670 1779 in
699 1719 771 1780 sede
798 1737 871 1794 aaa,
897 1719 981 1798 socie
1007 1737 1121 1798 pompare
1149 1735 1241 1780 cerea
1270 1717 1313 1778 ud
1339 1715 1544 1792 Occidentem,
1571 1723 1605 1777 al

236 1816 1036 1898 popubmnnnnexciletoddipnepercipiendann
1063 1835 1174 1897 corpus
1202 1816 1430 1896 etscnparinem
1457 1822 1602 1878 sanction.

240 1915 273 1978 ln
295 1918 353 1978 ista
376 1915 576 1978 Absolutione
598 1916 823 1996 pronuncianda
846 1916 925 1979 idem
947 1917 1125 1980 observatur
1140 1934 1176 1977 ac
1194 1916 1225 1976 in
1242 1916 1347 1995 prima,
1363 1930 1441 1995 quae
1460 1922 1507 1977 est
1520 1914 1603 1976 initio

241 2015 407 2096 liturgiae.
465 2014 552 2089 Quod
579 2033 654 2077 vero
683 2016 748 2098 ipsa
783 2034 843 2080 non
872 2015 909 2078 ad
938 2016 1099 2099 legitimam
1127 2022 1320 2096 peccatorum
1347 2031 1404 2094 per
1429 2012 1603 2074 canonicam

240 2116 455 2198 poenitentiam
477 2115 695 2195 expiandorum
718 2116 945 2179 Absolutionem
967 2117 1136 2199 pertineat,
1165 2116 1191 2178 si
1214 2121 1297 2178 esset
1324 2110 1420 2193 aliqua
1450 2110 1601 2174 dubitandi

240 2233 333 2278 causa
356 2214 481 2292 idonea,
504 2215 603 2277 multis
625 2215 791 2278 rationibus
814 2215 936 2297 probari
957 2225 1071 2297 posset.
1109 2215 1185 2279 Nam
1207 2234 1247 2277 ex
1269 2231 1328 2295 quo
1352 2213 1471 2292 antiqua
1493 2211 1604 2292 poeni-

240 2313 322 2376 tendi
343 2313 396 2375 lex
418 2314 567 2376 immutata
589 2322 635 2377 est
657 2316 688 2377 in
711 2333 777 2378 earn
798 2313 941 2390 sormam,
972 2334 1049 2398 quae
1079 2318 1109 2378 in
1130 2314 1267 2378 Ecclesia
1289 2311 1406 2376 Graeca
1427 2309 1604 2374 servabatur

241 2413 448 2495 Chrysostomi
471 2420 623 2495 ternpore,
646 2425 805 2496 supererat
827 2415 922 2478 adbuc
944 2415 975 2477 in
998 2415 1168 2498 synaxibus
1189 2413 1405 2496 poenitentium
1427 2410 1530 2473 statio:
1555 2419 1604 2474 at·

240 2531 300 2594 que
322 2512 365 2574 illi
392 2520 462 2593 post
489 2529 642 2576 sacrarum
671 2515 886 2595 scripturarum
914 2513 1091 2593 lectionem,
1126 2520 1284 2595 antequam
1314 2511 1418 2575 Canon
1446 2512 1604 2591 inciperet,

240 2612 481 2691 dimittebantur,
504 2611 581 2675 lacta
604 2632 698 2695 super
720 2631 776 2676 eos
798 2615 947 2678 oratione.
971 2614 1144 2677 Memoriam
1167 2613 1259 2675 moris
1284 2612 1370 2676 istius
1398 2618 1521 2674 servant
1543 2609 1605 2672 Ec-

241 2711 354 2774 clesiae
376 2709 562 2789 orientales,
584 2713 720 2792 quamvis
743 2714 838 2795 ipsam
860 2712 1045 2795 disciplinam
1063 2712 1172 2776 dudum
1193 2711 1359 2774 obsoletam
1377 2711 1471 2774 luisse
1486 2717 1604 2772 testen-

239 2818 290 2873 tur
310 2810 442 2874 lacobus
464 2809 653 2888 Edessenus,
675 2811 821 2876 Bnrsalibi
843 2820 874 2876 et
901 2812 960 2877 alii.
1004 2812 1109 2895 Neque
1133 2812 1208 2874 baec
1238 2812 1334 2875 oratio
1364 2810 1522 2874 Absolutio
1545 2810 1605 2873 Sa·

241 2908 432 2972 eramentulis
446 2907 526 2988 luit,
548 2917 600 2972 aut
621 2909 699 2974 illius
721 2913 867 2975 rationem
888 2911 1009 2974 babuit:
1038 2930 1108 2975 uam
1137 2913 1164 2974 si
1193 2911 1233 2972 ita
1261 2909 1384 2990 luisset,
1412 2912 1604 2974 Paenitentes

122 3015 127 3026 '
240 3010 273 3071 in
294 3009 432 3072 Ecclesia
454 3009 675 3090 constitissent,
698 3018 838 3093 tanquam
860 3012 1059 3075 communioni
1080 3011 1269 3074 reconciliati
1276 3030 1284 3084 ;
1312 3008 1367 3072 sed
1384 3016 1487 3072 contm
1507 3009 1605 3071 statim

240 3108 440 3191 pellebantur.
463 3106 567 3189 ltaque
588 3128 650 3173 non
673 3109 829 3174 dicebatur
854 3128 950 3193 super
979 3109 1054 3174 alios
1083 3129 1172 3191 quam
1201 3128 1294 3191 super
1322 3108 1442 3186 lideles,
1476 3109 1527 3189 qui
1550 3109 1604 3189 jus

241 3206 480 3271 communicandi
501 3207 657 3287 baberent,
681 3228 741 3292 quo
764 3209 940 3272 exciderant
963 3228 1023 3273 non
1045 3210 1135 3274 modo
1157 3211 1208 3291 qni
1230 3209 1359 3291 publica,
1383 3208 1438 3272 sed
1453 3208 1604 3289 quietiam

241 3315 365 3371 secreto
387 3308 602 3389 poenitentiam
635 3311 781 3393 agebant,
814 3316 865 3372 aut
891 3310 933 3372 illi
962 3311 1082 3374 tandem
1110 3311 1161 3392 qui
1189 3309 1305 3372 lethalis
1335 3308 1460 3390 alicujus
1489 3308 1605 3389 peccati

241 3407 330 3488 culpa
352 3407 540 3473 tenebantur.
584 3407 637 3470 lati
659 3410 794 3490 quamvis
815 3427 877 3472 non
900 3409 996 3472 minus
1019 3427 1107 3491 quarn
1128 3415 1248 3471 secreto
1270 3409 1472 3490 poenitentes,
1495 3414 1527 3470 et
1548 3408 1604 3470 snb

244 3506 367 3570 Canone
389 3507 456 3569 sive
479 3499 636 3589 ἐπιτιμίῳ
657 3509 810 3571 constituti
831 3515 947 3572 starent
968 3511 997 3572 in
1020 3508 1174 3586 Ecclesia,
1198 3526 1265 3570 curn
1278 3507 1405 3590 integris
1419 3504 1605 3585 Christianis,

242 3606 424 3669 arcebantur
445 3613 543 3669 tamen
564 3608 637 3670 satis
659 3625 677 3668 a
700 3610 906 3671 communione
927 3627 984 3690 per
1006 3609 1251 3671 obnunciationes
1274 3607 1494 3682 Diaconorum,
1523 3608 1604 3688 peti-

242 3713 290 3768 tas
313 3725 353 3768 ex
375 3707 577 3785 antiquissima
600 3706 776 3788 disciplina:
803 3707 849 3770 Ne
875 3710 942 3789 prtia
966 3711 1119 3789 imparato,
1148 3728 1187 3770 ne
1214 3709 1281 3788 prtia
1306 3708 1338 3769 in
1365 3708 1535 3791 bppocrici,
1566 3708 1604 3771 de

243 3808 353 3887 quibus
375 3806 486 3868 dictum
508 3813 554 3869 est
575 3809 724 3887 superius.
748 3806 884 3880 Quodsi
906 3806 1063 3889 ιΙὶᾳιιιιιιάο
1093 3807 1130 3871 ad
1158 3805 1248 3869 talem
1281 3806 1462 3888 impietatem
1490 3807 1606 3889 delapsi

244 3911 314 3968 snut
335 3903 490 3968 Jacobitae
512 3906 675 3988 Aegyptii,
697 3914 730 3970 ut
752 3907 921 3984 canonem,
943 3908 1000 3971 boc
1023 3914 1070 3970 est
1098 3906 1251 3970 laboriosa
1281 3925 1374 3987 opera
1402 3908 1605 3989 poenitentiae

243 4005 383 4085 imposita
405 4023 463 4086 per
483 4005 683 4085 sacerdotem,
706 4015 736 4070 et
758 4006 979 4070 confessionem
1002 4015 1171 4070 accuratam
1189 4013 1392 4087 peccatorum,
1414 4006 1507 4069 omitti
1520 4008 1607 4070 siue·

242 4112 329 4183 rent,
353 4101 464 4167 iactum
485 4104 515 4168 id
537 4105 698 4168 obscoenis
720 4105 921 4188 temporibus,
950 4106 1204 4188 reclamatumque
1227 4124 1244 4168 a
1265 4123 1372 4187 magua
1395 4103 1472 4166 illius
1494 4104 1606 4169 Eccle-

244 4205 309 4266 siae
331 4212 419 4285 parte
441 4204 503 4279 luit,
525 4204 671 4268 adrer'sus
693 4205 891 4290 irreligiosam
913 4205 993 4268 illam
1014 4208 1188 4280 novitatem,
1210 4214 1242 4269 ut
1265 4206 1334 4269 alibi
1356 4206 1526 4285 expositum
1548 4214 1605 4271 est.

245 4301 331 4365 Tunc
353 4309 452 4364 autem
478 4304 582 4367 valere
611 4304 858 4368 existimaverunt
885 4308 971 4368 istam
1000 4314 1031 4369 et
1059 4306 1134 4369 alias
1162 4305 1382 4383 absolutiones,
1413 4302 1450 4365 ad
1478 4307 1606 4367 omnium

245 4410 441 4482 peccatorum
462 4405 684 4483 rembsionem,
706 4405 795 4469 modo
815 4423 851 4468 ea
870 4403 957 4468 simul
975 4412 1097 4468 secreto
1119 4407 1196 4468 intra
1214 4423 1249 4467 se
1268 4403 1490 4476 confiterentur,
1513 4421 1608 4485 prae-

247 4501 352 4563 sertim
374 4519 440 4563 cum
463 4502 613 4565 Diaconos
635 4505 790 4567 incensann
813 4503 937 4567 adolens
959 4505 1103 4567 transibat
1124 4523 1181 4587 per
1209 4503 1335 4567 mediam
1363 4503 1545 4582 Ecclesiam,
1575 4512 1608 4567 ut

248 4618 316 4662 cum
338 4599 419 4663 inmo
443 4600 592 4665 confessio
615 4602 665 4666 illa
688 4604 783 4667 inanis
806 4603 844 4665 ad
864 4604 979 4668 caelum
999 4604 1193 4669 ascenderet:
1216 4622 1304 4686 qnam
1317 4605 1405 4666 etiam
1416 4604 1516 4685 posito
1531 4604 1608 4667 intra

246 4701 382 4782 privatos
405 4701 537 4781 parietes
559 4701 709 4767 thuribulo
731 4721 879 4785 usurpare
901 4712 1078 4785 coeperunt.

335 4800 411 4862 llnic
433 4802 561 4864 orationi
583 4819 645 4864 non
665 4803 762 4867 minas
791 4820 878 4885 quam
908 4805 1021 4885 primae
1049 4805 1190 4867 inseritur
1216 4792 1458 4867 commemoratio
1487 4801 1609 4885 duplex,

247 4899 444 4979 Sanctorum,
466 4907 499 4962 ut
526 4918 583 4981 por
609 4919 714 4966 eorum
741 4905 845 4966 merita
876 4910 907 4966 et
933 4920 1044 4984 preces
1069 4903 1153 4967 Deus
1182 4905 1389 4968 remissionem
1415 4910 1609 4985 peccatorum
1658 4963 1662 4967 .

247 4998 487 5080 supplicantibus
508 4999 670 5084 largiatur:
692 5001 917 5083 detunctorum,
941 5010 974 5065 ut
996 5003 1039 5066 ad·
1062 5022 1116 5068 eos
1146 5021 1266 5086 quoque
1299 5002 1414 5066 fructus
1441 5002 1609 5067 orationum

277 5125 393 5168 rurum
1352 5105 1404 5181 47
