4525 6034
559 638 611 713 AI)
629 635 837 713 LITURGlAll
854 633 1046 713 COPTlCAbl
1062 635 1094 713 S.
1115 636 1261 713 Bastuli.
1522 637 1597 712 189

227 824 278 887 liti.
313 784 403 901 ⁸Sed,
426 822 507 903 quod
529 822 650 903 maj0ris
673 822 731 886 boc
752 824 783 884 in
806 838 922 905 genere
934 822 1102 884 autoritatis
1125 828 1184 900 est,
1207 823 1295 885 etiam
1308 828 1378 903 post
1391 840 1486 886 annos
1499 840 1597 906 prope

227 925 372 988 ducentos
394 924 616 1005 Episcoporum
637 923 877 1004 subscriptiones
899 920 1027 1003 legimus
1049 922 1241 1002 Aegyptiace
1265 920 1379 1000 lactas,
1409 922 1514 1002 quales
1538 943 1597 986 ex-

226 1032 288 1087 tant
311 1024 425 1106 aliquot
446 1024 478 1085 in
501 1022 636 1086 Concilio
648 1022 801 1103 Ephesino
824 1027 856 1083 et
875 1019 1129 1083 Calchedonemi:
1153 1021 1223 1102 quia
1244 1022 1388 1104 Episcopi
1401 1020 1518 1087 Graece
1536 1041 1597 1087 ne-

225 1124 371 1187 sciebant.
416 1121 571 1196 Quomodo
594 1124 686 1205 igitur
708 1140 796 1185 sacra
818 1119 976 1199 fecissent,
1011 1119 1179 1201 Obiciaque
1209 1121 1427 1200 celebrassent,
1451 1122 1508 1185 nisi
1536 1141 1597 1203 pu-

225 1223 322 1286 blicus
344 1223 444 1286 multis
467 1224 497 1284 in
518 1221 595 1285 locis
618 1222 739 1303 linguae
761 1220 898 1302 vulgaris
921 1238 993 1282 usus
1015 1221 1046 1281 in
1068 1221 1165 1282 sacris
1179 1219 1295 1283 luisset.
1331 1219 1406 1283 Cum
1419 1221 1511 1303 igitur
1523 1241 1597 1284 cer-

225 1332 286 1386 tum
308 1322 463 1401 videatur,
487 1323 625 1384 extitisse
647 1321 809 1403 antiquitus
831 1319 975 1401 vulgares
989 1319 1092 1402 lingua
1106 1321 1296 1402 Aegyptiaca
1307 1339 1413 1384 sacrae
1426 1323 1596 1401 scripturae

224 1424 501 1504 interpretationes
525 1439 638 1501 easque
660 1423 690 1483 in
701 1420 847 1483 Ecclesiis
870 1419 932 1501 legi
954 1418 1070 1498 solitas,
1093 1419 1257 1483 verisimile
1273 1421 1393 1484 omnino
1417 1427 1464 1483 est
1481 1437 1596 1485 morem

224 1521 348 1604 legendi
371 1522 473 1603 lingua
495 1520 660 1583 vernacula
682 1521 848 1600 scripturas
872 1521 1108 1600 antiquissimum
1136 1521 1215 1583 inter
1242 1520 1414 1602 Aegyptios
1442 1540 1531 1597 esse3
1566 1529 1598 1583 et

224 1641 292 1686 cnm
314 1621 367 1703 qui
389 1639 406 1682 a
429 1621 601 1701 quingentis
624 1629 655 1683 et
678 1620 803 1701 amplius
826 1621 912 1682 annis
935 1618 1067 1699 obtinet,
1090 1627 1122 1682 ut
1152 1628 1311 1702 postquam
1342 1619 1469 1701 Coptica
1497 1620 1595 1684 lectae

224 1730 312 1800 sunt,
334 1721 466 1784 Arabica
489 1739 530 1781 ex
551 1719 629 1782 libro
652 1720 860 1800 interpretatio
884 1719 1054 1783 earumdem
1077 1719 1215 1801 legatur,
1238 1738 1308 1782 esse
1331 1719 1515 1784 conformem
1538 1739 1597 1783 ve-

223 1822 283 1883 teri
305 1820 493 1903 disciplinae,
516 1838 616 1901 neque
639 1827 753 1881 certam
775 1838 905 1900 unquam
917 1820 1054 1903 regulam
1067 1818 1173 1898 luisse,
1196 1821 1254 1881 etsi
1275 1819 1306 1881 in
1326 1818 1596 1884 Constitutionibus

223 1920 331 2001 Cyrilli
353 1919 374 1984 l.
397 1919 523 1981 Laklalii
544 1920 745 1981 contrarietas
767 1920 912 2000 quaedam
936 1925 1099 2002 appareat,
1121 1927 1155 1980 ut
1177 1936 1238 1981 non
1261 1938 1302 1980 ex
1323 1917 1419 1998 libro,
1450 1920 1505 1982 sed
1526 1919 1596 1982 viva

224 2020 401 2085 Sacerdotis
424 2037 501 2081 noce
524 2017 672 2080 lectiones
695 2028 935 2099 exponerentur.
979 2017 1098 2100 Quippe
1120 2016 1389 2099 [interpretationes
1411 2027 1445 2081 ut
1467 2038 1519 2081 cas
1534 2037 1593 2080 vo-

223 2127 295 2183 cant
316 2119 466 2196 Arabiae,
491 2118 630 2197 Tcsceair
649 2129 780 2187 atomon
803 2118 914 2200 duplici
942 2136 1034 2181 sensu
1065 2118 1263 2199 accipiuntur.
1307 2118 1422 2181 Primus
1447 2118 1595 2182 literalem

128 2236 134 2249 ·
223 2219 399 2282 versionem
420 2218 587 2299 significat,
611 2234 689 2299 quae
712 2219 880 2281 certissime
902 2217 1082 2282 lectionibus
1105 2216 1232 2298 Coptica
1253 2217 1357 2296 factis,
1381 2220 1480 2281 statim
1500 2217 1597 2299 subji-

224 2322 313 2383 citur.
358 2317 515 2382 Secundus
537 2336 644 2380 sensus
667 2319 718 2398 qui
741 2336 802 2381 non
824 2319 926 2382 minus·
946 2316 1090 2401 frequens
1117 2326 1181 2397 est,
1215 2317 1355 2402 designat
1377 2320 1598 2400 expositionem

223 2420 418 2497 liberiorem,
441 2415 652 2499 homiliamque
675 2437 730 2481 seu
752 2437 924 2482 sermonem
946 2419 985 2481 de
1007 2421 1157 2500 scriptura
1179 2436 1257 2500 quae
1269 2419 1392 2502 legitur,
1416 2417 1502 2480 etad
1525 2419 1598 2481 istas

225 2517 348 2595 verius,
379 2525 412 2579 ut
439 2519 565 2598 opinor,
594 2516 704 2579 referri
734 2526 862 2600 possunt
892 2537 928 2580 ea
959 2519 1127 2581 testimonia
1157 2535 1233 2599 quae
1262 2519 1401 2600 superius
1431 2518 1597 2581 retulimus.

223 2616 302 2679 Nam
335 2635 492 2680 sermones
523 2619 592 2678 viva
615 2617 715 2697 potius
738 2634 815 2679 voce
838 2636 926 2698 quam
949 2637 988 2680 ex
1012 2618 1118 2680 codice
1140 2618 1377 2699 pronunciantur
1384 2638 1393 2694 ;
1415 2618 1488 2681 licet
1509 2624 1598 2698 post-

224 2715 347 2778 modum
370 2734 410 2779 eo
433 2716 594 2795 deventum
617 2714 707 2778 luerit
728 2734 785 2797 per
807 2717 1004 2781 Sacerdotum
1021 2718 1232 2800 ignorantiam,
1255 2724 1288 2778 ut
1310 2716 1378 2780 illae
1396 2716 1599 2779 etiamlnter-

223 2817 410 2895 precationes
432 2816 623 2894 spirbactes,
648 2816 707 2889 (ita
728 2833 857 2897 namque
880 2814 1080 2879 distinctionis
1102 2815 1201 2898 gratia
1222 2833 1317 2898 saepe
1338 2817 1545 2898 appellantur)
1567 2815 1598 2877 in

225 2913 371 2976 formulas
394 2931 515 2995 quoque
537 2914 768 2997 redigerentur,
791 2923 822 2978 et
844 2915 957 2996 populo
979 2915 1167 2997 legerentur.

315 3011 427 3086 Quaeri
451 3015 538 3076 etiam
560 3013 711 3077 hocloco
734 3023 840 3095 posset
862 3033 900 3078 an
923 3033 963 3076 ex
986 3014 1214 3092 consuetudine,
1237 3031 1325 3095 quam
1338 3013 1418 3077 mille
1435 3013 1520 3074 annis
1540 3030 1598 3074 an·
1645 3011 1759 3085 Antiqua
1784 3014 1922 3085 disciplina

227 3115 390 3193 tiquiorem
419 3132 488 3175 esse
512 3112 698 3194 judicamus,
730 3113 854 3196 legendi
886 3115 1051 3195 scripturas
1081 3132 1186 3177 sacras
1217 3112 1343 3194 Coptica
1371 3115 1491 3197 lingua,
1520 3130 1598 3192 qnae
1611 3115 1738 3199 quaenam
1758 3101 1836 3201 fuant
1853 3105 1923 3157 cirea

226 3220 302 3273 tunc
323 3211 459 3295 vulgaris
482 3221 565 3292 erat,
589 3213 648 3276 duo
672 3213 821 3294 quaedam
844 3212 1020 3294 disciplinae
1043 3214 1142 3294 capita
1164 3213 1234 3275 elici
1254 3220 1380 3294 queant:
1403 3213 1530 3294 primum
1552 3219 1599 3274 est
1612 3194 1754 3255 'mmm
1772 3187 1903 3243 ¹⁰⁰‘¹⁰¹¹⁸³·

227 3328 267 3372 an
290 3317 323 3372 ut
346 3329 425 3374 nunc
455 3330 495 3373 ex
525 3313 722 3375 veneratione
749 3313 949 3392 antiquitatis,
978 3313 1119 3396 legantur
1151 3313 1219 3375 illae
1249 3313 1356 3376 eadem
1384 3315 1451 3394 ipsa
1484 3312 1598 3394 lingua,

227 3411 366 3490 quamvis
388 3428 449 3473 non
470 3412 598 3493 amplius
628 3413 796 3475 intellecta:
827 3413 867 3474 ita
896 3430 1016 3493 quoque
1049 3413 1118 3474 dum
1145 3413 1309 3476 vernacula
1338 3419 1422 3493 erat,
1451 3411 1599 3475 lectiones

228 3511 447 3591 scripturarum
470 3508 587 3573 Graece
609 3514 757 3593 primum,
780 3520 888 3592 postea
911 3512 1036 3594 Coptice
1060 3512 1178 3575 tierent.
1223 3512 1393 3575 Secundum
1424 3528 1462 3573 an
1489 3512 1519 3573 in
1541 3528 1600 3572 ve-

161 3652 164 3659 ·
230 3610 289 3672 teri
311 3609 451 3671 Ecclesia
474 3611 680 3673 Alexandrina
702 3618 829 3692 utraque
853 3612 957 3694 lingua
978 3611 1166 3695 legerentur.
1210 3611 1256 3675 De
1278 3613 1376 3693 primo
1390 3611 1462 3673 nihil
1477 3616 1601 3692 praeter

228 3710 421 3791 conjecturas
443 3712 592 3773 occurrit:
615 3709 671 3773 sed
693 3717 792 3774 tamen
815 3728 875 3773 non
897 3712 1018 3773 omnino
1041 3709 1271 3786 inverisimiles,
1294 3729 1372 3792 quaa
1388 3710 1537 3773 ducuntur
1559 3727 1601 3771 ex

227 3809 293 3870 aliis
316 3808 472 3892 liturgiae
495 3796 631 3890 partibas
655 3809 772 3872 Graece
796 3809 893 3872 adbuc
916 3811 1111 3890 pronunciari
1134 3809 1240 3872 solitis.
1286 3809 1375 3872 Tales
1398 3819 1468 3873 sunt
1495 3825 1600 3872 omnes

225 3908 429 3971 Diaconorum
451 3908 682 3972 acclamationes
705 3906 838 3988 Στῶμεν
859 3906 978 3982 καλῶς.
1000 3900 1246 3995 Προςεύξασθε.
1262 3886 1333 3983 ”ate
1344 3895 1504 3983 α’νατολᾶς
1519 3902 1600 3989 βλέ-

226 4026 322 4070 aare:
358 4015 388 4069 et
416 4009 583 4070 communia
610 4007 661 4071 illa
680 3996 764 4070 ’Ἁνω
791 3996 853 4080 τᾶς
873 4003 1020 4095 καρδίας.
1068 4010 1195 4071 Sursum
1225 4010 1331 4074 corda.
1376 4008 1527 4071 Habeamus
1557 4008 1601 4069 ad

226 4106 397 4170 Dominum.
442 4108 569 4169 Gratias
595 4127 731 4189 agamus.
797 4108 928 4189 Dignam
954 4116 985 4170 et
1001 4110 1117 4187 jacebam
1145 4116 1199 4172 est.
1250 4108 1389 4170 Sanctae.
1440 4107 1600 4170 Confessio

227 4206 297 4268 lidei
320 4204 360 4266 ad
382 4208 618 4269 communionem
649 4205 767 4286 Corpus
792 4216 947 4282 sanctam,
981 4215 1040 4271 etc.
1069 4226 1147 4289 quac
1176 4209 1274 4271 omnia
1302 4206 1419 4270 Graece
1441 4194 1598 4285 dicuntur,

227 4312 351 4367 servata
374 4324 415 4368 ex
437 4307 649 4387 antiquissimis
671 4306 826 4388 liturgiae
848 4304 1000 4384 formulis,
1022 4324 1099 4387 quac
1122 4307 1240 4371 Graece
1258 4307 1474 4390 peragebatur.
1518 4306 1600 4368 Fieri

228 4406 322 4486 igitur
343 4407 451 4486 potuit,
475 4412 508 4467 ut
529 4424 569 4467 ex
591 4405 697 4468 eadem
720 4406 901 4497 antiquitatis
924 4408 1113 4483 reverentia,
1137 4425 1214 4488 quae
1230 4405 1305 4468 tales
1321 4405 1486 4482 orationes,
1510 4406 1599 4467 etiam

228 4504 333 4586 ignota
356 4502 458 4586 lingua
481 4505 631 4583 servavit,
654 4505 823 4585 scripturae
847 4525 887 4568 ex
909 4506 1061 4587 primitivo
1092 4506 1205 4570 Codice
1237 4504 1356 4569 Graeco
1384 4503 1597 4583 recitarentur,

229 4610 290 4663 tum
311 4605 506 4686 Aegyptiace
528 4613 763 4685 exponerentur.
807 4604 924 4668 Etenim
946 4606 977 4668 in
1008 4606 1082 4668 actis
1109 4604 1267 4685 omnibus,
1297 4624 1375 4688 quae
1404 4623 1471 4667 cum
1499 4603 1598 4685 aliqua

230 4701 419 4766 solemnitate
442 4703 645 4782 celebrantur,
667 4721 740 4767 usus
762 4704 883 4786 linguae
900 4704 1035 4767 Graecae
1057 4722 1128 4768 sero
1150 4705 1283 4786 perstitit
1305 4712 1335 4767 et
1357 4707 1386 4768 in
1402 4703 1522 4786 publica
1544 4724 1600 4767 re-

230 4802 423 4865 nunciatione
445 4803 702 4887 Patriarcharum,
726 4803 895 4885 Systaticae
908 4803 1074 4884 Epistolae,
1097 4822 1175 4886 quae
1198 4804 1325 4884 primam
1348 4812 1378 4868 et
1404 4807 1601 4886 praecipuum

232 4899 391 4964 electionis
421 4910 452 4965 et
483 4902 679 4967 ordinationis
710 4901 843 4985 legitime
872 4901 971 4965 factae
1007 4905 1208 4967 testimonium
1238 4901 1448 4982 continebant,
1481 4903 1602 4986 publice

233 5000 444 5064 scribebantur
466 5010 498 5065 et
520 5002 723 5066 recitabantur
745 5001 878 5080 Graece,
902 5001 1028 5082 Coptice
1051 5011 1082 5065 et
1103 5002 1253 5081 Arabica,
1281 5009 1314 5064 ut
1336 5001 1528 5067 observatum
1551 5021 1599 5069 aa.

234 5096 260 5160 l.
283 5099 317 5163 C.
343 5099 450 5165 llClll.
475 5103 506 5164 in
528 5101 651 5165 ltlaearii
672 5102 776 5164 cxix.
798 5102 1027 5184 inauguratione
1049 5111 1177 5167 testatur
1199 5103 1266 5185 ejus
1292 5101 1418 5166 historia
1440 5111 1471 5167 et
1500 5103 1603 5167 talium
