4525 6034
544 613 585 689 m
611 609 817 693 mundun
842 608 1036 685 nummu
1061 607 1253 686 Ptstdttts.
1294 694 1304 703 ,
1521 605 1596 680 355

224 798 252 860 si
274 799 341 879 quis
363 797 445 861 litem
468 804 598 874 moveat,
621 804 653 858 ut
675 813 782 859 vocem
806 796 969 877 Syriacam,
993 794 1031 857 ad
1054 793 1219 874 simplicem
1239 794 1489 879 designationem,
1513 792 1597 874 typi-

224 915 353 978 camque
394 897 644 981 significationem
682 893 793 957 referri
822 893 950 957 debere,
964 892 1142 968 contendat,
1169 891 1249 956 iacili
1278 895 1401 979 negotio
1429 889 1597 955 refelletur.

223 995 299 1059 Nam
322 1014 390 1057 cum
413 997 519 1059 eadem
542 1012 604 1073 res,
628 994 747 1056 divinus
769 992 886 1056 scilicet
908 992 1051 1070 effectus,
1075 991 1167 1054 variis
1189 994 1292 1058 verbis
1316 993 1499 1076 postuletur,
1530 1010 1597 1055 eam

224 1095 319 1157 solam
342 1094 592 1177 significationem
615 1094 795 1170 convenire,
823 1111 901 1174 quae
923 1093 1060 1174 petitioni
1081 1092 1281 1175 respondeat,
1313 1093 1511 1157 certissimum
1539 1100 1597 1154 est.

224 1195 278 1257 ttta
302 1213 369 1257 cum
392 1193 526 1275 pluribus
549 1192 651 1257 verbis
674 1194 867 1273 exprimitur,
899 1191 1056 1273 adjunctas
1083 1190 1174 1254 babet
1200 1210 1294 1257 voces
1325 1193 1415 1273 alies,
1444 1210 1523 1274 quae
1551 1185 1599 1273 τῷ

224 1293 333 1357 ποιεῖν
361 1293 581 1374 respondeant:
612 1312 652 1355 en
680 1291 731 1355 illo
761 1293 868 1373 igitur,
898 1303 960 1352 oon
982 1310 1023 1354 ex
1044 1290 1167 1374 linguae
1190 1294 1310 1376 origine
1331 1292 1513 1378 significatio
1535 1294 1598 1373 peti

225 1392 327 1471 debet,
359 1409 421 1455 non
450 1393 547 1454 minus
577 1410 665 1472 quam
694 1393 724 1453 in
755 1391 853 1453 multis
883 1390 957 1454 aliis.
1001 1388 1044 1451 lta
1067 1401 1180 1457 ntulit
1197 1404 1278 1488 ptum
1302 1396 1353 1475 qui
1374 1398 1474 1457 vertet
1494 1398 1599 1452 rectae

222 1493 352 1573 gloriae,
375 1500 407 1553 ut
419 1491 619 1571 Boderianus,
640 1509 737 1576 nugas
761 1499 846 1574 aget:
869 1490 961 1552 multo
983 1491 1080 1572 magis
1103 1490 1154 1570 qui
1175 1503 1270 1559 ntum
1288 1504 1376 1569 artu,
1398 1493 1524 1554 eimibm
1546 1495 1601 1551 aut

226 1592 383 1671 peponem
409 1591 595 1653 adstantia:
630 1609 697 1652 oum
721 1578 911 1669 Ὁμοούσιον
940 1590 1028 1652 aliter
1056 1589 1210 1670 explicare
1239 1611 1301 1655 non
1330 1593 1459 1674 possint.
1502 1588 1599 1672 lgitur

225 1688 285 1751 boc
307 1689 388 1770 loco,
410 1697 444 1752 ut
466 1691 495 1751 in
519 1689 585 1752 aliis
607 1688 751 1770 liturgiis
773 1671 898 1767 lebenti,
916 1690 1069 1770 perficiet,
1091 1691 1259 1769 respondet
1271 1692 1408 1755 Graecae
1428 1676 1598 1773 τελειώσῃ,

223 1787 283 1852 boc
306 1797 352 1851 est
375 1798 549 1851 consecret.-
570 1775 705 1873 ποιήσῃ,
726 1788 827 1867 saciat
848 1797 879 1852 et
901 1788 967 1852 aliis
990 1787 1145 1852 similibus.
1179 1788 1225 1851 De
1248 1792 1314 1872 ipsa
1337 1810 1372 1854 re
1395 1797 1537 1872 quantum
1559 1788 1598 1851 ed

223 1885 428 1952 lnvooationis
451 1888 604 1967 ellectum,
625 1906 790 1969 veramque
813 1889 878 1970 ejus
901 1887 1129 1970 intelligentiam
1142 1888 1290 1953 videndus
1305 1890 1541 1954 Commentarius
1560 1888 1598 1950 ad

225 1987 392 2070 liturgiam
413 1987 515 2052 Basilii
537 1986 702 2068 Copticam.

654 2350 657 2361 ,
689 2282 726 2355 8.
768 2282 883 2378 Reges
907 2280 1037 2374 fideles,
1065 2288 1129 2354 ete.

323 2491 377 2569 De
400 2520 438 2566 ea
459 2502 586 2566 lormula
605 2503 801 2585 jamdictum
824 2511 887 2566 est:
910 2521 988 2585 quae
1011 2503 1082 2566 licet
1109 2503 1205 2567 minus
1227 2503 1371 2586 frequens
1393 2505 1443 2582 sit,
1466 2504 1599 2566 occurrit

221 2615 323 2670 tamen
344 2609 376 2668 in
398 2606 535 2688 pluribus
558 2607 716 2690 liturgiis,
738 2626 839 2688 neque
862 2607 921 2670 alia
943 2614 1066 2670 utuntur
1088 2608 1270 2670 Nestoriani.
1305 2608 1532 2671 vetustissimae
1548 2608 1598 2672 illa

223 2706 400 2788 disciplinae
430 2713 533 2769 notam
562 2706 714 2790 praefert,
742 2708 880 2770 omnibus
915 2706 1064 2770 Ecclesiis
1098 2725 1298 2770 communem:
1334 2715 1475 2770 mutatam
1503 2706 1597 2770 luisse

222 2805 509 2871 blubamedanorum
531 2815 613 2869 metu
636 2806 710 2870 satis
731 2814 827 2888 patet.

248 3095 284 3169 9.
324 3095 390 3182 Qut
416 3097 542 3169 dedisti
565 3121 690 3192 eorpus
717 3107 808 3171 tuam
824 3110 862 3173 ut
886 3103 1057 3191 ederetur,
1085 3109 1120 3174 et
1137 3108 1225 3175 ercet
1247 3106 1448 3195 fernientum
1467 3106 1569 3174 oilae.

338 3306 416 3384 loen
445 3318 557 3401 legitur
585 3321 617 3382 in
640 3321 796 3403 plerisque
820 3322 1012 3386 Orationibus
1035 3324 1199 3407 gratiarum
1222 3324 1348 3387 actionis
1370 3331 1441 3403 post
1463 3340 1599 3386 commu-

178 3492 180 3497 ,
223 3422 360 3484 nionem:
383 3430 416 3484 ut
438 3423 469 3483 in
491 3422 607 3506 hymnis
630 3426 682 3505 qui
705 3433 851 3487 canuntur
874 3445 890 3488 a
911 3426 1058 3507 Diacono,
1082 3445 1150 3491 cum
1164 3435 1383 3492 sacramentum
1396 3427 1596 3490 distribuitur:

223 3521 280 3584 sed
302 3524 484 3603 praesertim
506 3524 538 3585 in
561 3523 671 3587 Officiis
695 3527 900 3606 exequiarum.
945 3527 1018 3591 lnde
1041 3537 1125 3591 certa
1147 3528 1286 3610 probatio
1309 3527 1464 3590 doctrinae
1483 3527 1598 3591 Ortho-

224 3618 324 3682 doxac
347 3620 517 3702 deducitur,
539 3641 597 3703 pro
619 3623 706 3702 reali,
730 3642 791 3687 non
814 3626 962 3706 spirituali
984 3628 1082 3692 solum
1104 3629 1300 3709 susceptione
1324 3628 1464 3709 eorporis
1486 3626 1597 3691 Christi

223 3737 242 3780 a
267 3718 460 3784 Christianis:
484 3730 518 3785 ut
539 3721 609 3787 alibi
633 3725 804 3805 expositum
826 3734 882 3789 est.

648 4053 1164 4097 ψ-
