4525 6034
615 579 645 656 s.
671 526 897 658 moseum
928 580 1152 677 urrsaom,
1181 597 1230 658 a.
1540 586 1618 661 coo
1709 612 1715 638 ι

247 761 452 840 dubitatione
477 768 567 840 viam
592 772 722 860 regiam
749 768 1018 858 ambulaverunt,
1044 768 1208 864 legesque
1228 779 1338 843 rectas
1352 769 1446 844 nobis
1464 773 1617 848 tradide-
1741 856 1745 862 ⁴

246 892 337 956 runt:
365 906 503 978 quorum
531 883 736 966 orationibus
763 883 1042 980 acceptabilibus,
1070 896 1206 957 avertas
1233 889 1318 958 iram
1345 910 1366 958 a
1391 888 1516 984 populo
1542 901 1616 964 tuo:

246 1008 280 1069 et
306 1022 505 1095 compescas
532 1000 760 1076 seditionesa
787 1023 896 1094 grege
922 1012 998 1089 tao,
1026 1012 1060 1073 et
1086 1006 1197 1074 omnia
1224 1001 1461 1075 adversitatum
1489 1027 1616 1097 genera

246 1137 332 1209 quae
363 1137 427 1189 nos
459 1116 670 1188 circumdant
724 1117 956 1210 Cogitationes
997 1122 1096 1190 etiam
1137 1141 1253 1191 eorum
1294 1123 1348 1215 qui
1383 1120 1503 1194 infensi
1539 1132 1615 1195 sunt
1698 1134 1700 1138 ’

243 1232 368 1328 populo
396 1242 452 1305 tuo
480 1233 627 1330 depelle,
656 1243 690 1306 et
715 1234 757 1306 ad
785 1233 935 1306 ellectum
962 1257 1005 1306 ne
1031 1237 1165 1329 patiaris
1191 1238 1389 1331 pervenire,
1417 1242 1493 1332 quia
1520 1239 1614 1313 Deus

244 1369 283 1420 es
310 1359 361 1436 tu,
389 1354 444 1445 qui
470 1354 523 1423 vis
551 1353 696 1423 omnium
722 1355 842 1439 vitam,
872 1362 905 1423 et
931 1350 989 1422 tibi
1015 1352 1159 1445 gloriam
1185 1351 1363 1425 ollerimus.

348 1465 510 1560 Populus.
562 1467 682 1540 Amen.

347 1580 523 1655 Sacerdos
548 1583 739 1654 inclinatur.
791 1582 960 1655 Memento
986 1584 1129 1655 Domine
1155 1606 1217 1680 per
1243 1607 1391 1656 amorem
1419 1595 1508 1659 tuum
1530 1611 1613 1683 erga

215 1696 393 1770 ¹homines
420 1701 563 1771 omnium
591 1702 789 1783 animarum,
815 1711 957 1795 patrum,
983 1697 1191 1795 filiorumque
1216 1711 1426 1790 nostrorum,
1454 1707 1509 1798 qui
1536 1709 1612 1800 pri-

243 1813 318 1886 dem
345 1813 610 1910 obdormierant,
637 1839 711 1888 cum
737 1813 802 1887 lide
835 1820 868 1888 in
902 1826 936 1887 te
966 1839 1052 1888 vera
1086 1824 1120 1887 et
1154 1815 1365 1890 Ortbodoxa:
1402 1819 1612 1894 sacerdotum

239 1953 397 2028 purorum
425 1935 545 2028 quiin
580 1945 614 2005 te
647 1931 791 2005 defuncti
825 1941 920 2022 sunt3
946 1934 1173 2007 Diaconorum
1210 1935 1265 2028 qui
1299 1933 1474 2029 praeclare
1507 1940 1611 2009 mini-

241 2058 432 2120 straverunt
458 2050 534 2139 tibi,
560 2048 830 2142 Religiosorum‚
856 2048 1059 2143 lugentium,
1083 2047 1327 2145 perfectoram,
1360 2050 1612 2146 Magistromm,

240 2174 274 2235 et
291 2164 477 2236 Doctorum
496 2165 682 2254 Ecclesiae,
710 2165 963 2254 Monacborum,
990 2165 1175 2259 Virginem,
1202 2169 1438 2240 continentium
1465 2180 1499 2242 et
1525 2193 1611 2242 san-

239 2290 367 2353 ctorum
393 2285 667 2375 conjugatorum:
695 2286 749 2378 qui
776 2283 895 2379 pudice
922 2280 1187 2373 ambulaverunt,
1213 2287 1465 2377 peregrinorum
1493 2297 1527 2359 et
1541 2310 1611 2383 pa-

241 2401 303 2471 tria
330 2398 518 2494 pulsorum,
545 2400 640 2472 simul
667 2423 742 2473 cum
769 2398 920 2472 omnibus
946 2399 1010 2471 illis
1039 2401 1092 2494 qui
1119 2421 1203 2495 pure
1219 2400 1322 2471 tritam
1339 2423 1432 2472 suam
1447 2402 1609 2492 finierunt,

238 2525 273 2585 et
297 2518 331 2585 in
357 2515 421 2587 fide
449 2515 647 2590 Ortbodoxa
674 2517 819 2588 deliineti
847 2526 932 2589 sunt.

342 2632 492 2703 Electrae
521 2656 648 2705 vocem.
700 2634 826 2707 Eorum
853 2635 908 2728 qui
934 2634 1008 2727 pie,
1036 2643 1070 2704 et
1097 2632 1256 2704 decenter
1283 2633 1472 2706 sacerdotio
1506 2632 1608 2707 iuncti

238 2756 313 2818 sunt
340 2769 452 2819 coram
482 2748 532 2838 te,
558 2760 593 2821 et
618 2762 712 2822 caste
738 2752 1007 2822 ministraverunt
1032 2747 1107 2820 tibi:
1144 2752 1199 2843 qui
1232 2748 1347 2844 populi
1380 2753 1427 2822 tui
1463 2753 1606 2845 quietem

237 2864 414 2937 sacerdotii
441 2868 492 2936 sui
519 2865 622 2937 divini
648 2866 870 2939 functionibus
896 2876 1154 2960 promovemnt,
1182 2875 1216 2936 et
1241 2865 1433 2960 temporalis
1461 2866 1607 2939 alimenti

237 2978 480 3054 distributione:
508 2986 563 3077 qui
588 2981 764 3055 Ecclesiae
789 2980 876 3054 filios
903 2982 1061 3053 doctrinis
1087 2983 1190 3053 rectis
1216 2983 1439 3071 instituerunt,
1467 2994 1501 3056 et
1516 3005 1605 3055 con-

235 3097 451 3170 firmaverunt
477 3120 538 3170 eos
564 3102 598 3170 in
623 3098 688 3170 fide
715 3097 928 3171 Ortbodoxa:
962 3098 1017 3192 qui
1052 3100 1157 3168 vitam
1192 3118 1285 3168 suam
1321 3097 1538 3192 profuderunt
1571 3103 1603 3171 in

235 3212 395 3306 religiosa
422 3217 682 3304 exercitatione,
709 3217 845 3309 vitaque
871 3213 1033 3286 solitaria:
1060 3235 1169 3308 neque
1196 3213 1238 3284 de
1252 3222 1285 3284 te
1298 3212 1497 3302 dubitantes,
1525 3217 1604 3286 ani-
1731 3217 1738 3226 '

236 3351 308 3402 mas
335 3352 415 3404 suas
441 3328 530 3401 nihili
556 3329 708 3403 lecerunt
732 3330 921 3403 voluntarie
948 3338 1086 3426 propter
1117 3351 1258 3422 regnum
1290 3339 1394 3402 mum:
1427 3334 1605 3404 vicerant·

235 3468 300 3539 que
326 3457 360 3518 et
385 3445 624 3541 perlectionem
650 3450 820 3519 consecuti
846 3457 941 3536 sunt,
967 3444 1117 3519 moribus
1136 3444 1311 3542 inculpatis
1325 3468 1432 3540 usque
1447 3445 1489 3517 ad
1503 3446 1603 3519 linem

236 3566 417 3658 conspicui.
472 3562 535 3650 Qui
562 3563 742 3635 secundum
768 3562 956 3637 facultatem
984 3585 1097 3652 suam,
1123 3559 1358 3635 habitationem
1384 3562 1604 3659 temporalem

234 3687 540 3769 conservaverunt,
567 3690 601 3750 et
626 3689 912 3752 sustentaverunt:
940 3681 994 3774 qui
1028 3678 1252 3768 Monasteria,
1285 3688 1319 3750 et
1352 3679 1417 3751 alia
1451 3679 1600 3752 aedilicia

232 3798 356 3868 nomini
395 3805 451 3866 tuo
485 3804 682 3868 consecrata
714 3794 937 3868 fundaverunt
976 3806 1009 3867 et
1044 3794 1268 3868 stabilierunt:
1301 3798 1355 3891 qui
1389 3818 1503 3869 mores
1537 3800 1595 3868 in-

232 3912 384 4008 culpatos
411 3916 443 3983 in
469 3910 623 3984 Ecclesia
650 3921 705 3983 tua
732 3911 967 3984 exhibuerunt:
994 3922 1153 4006 casteque
1185 3914 1358 4002 vixerant,
1392 3922 1426 3984 et
1457 3912 1598 3985 fructum
1650 3935 1652 3940 ·

230 4026 353 4101 bonum
380 4027 505 4124 tibique
530 4028 715 4124 placentem
742 4028 944 4116 obtulerunt,
970 4028 1056 4100 filios
1083 4049 1164 4100 suos
1190 4031 1224 4099 in
1252 4028 1448 4102 sacrificium
1468 4028 1597 4101 volub-

230 4148 347 4218 tarium
374 4148 498 4218 nomini
525 4157 598 4234 tuo,
624 4144 788 4239 iidemque
814 4147 978 4217 sinceram
1008 4148 1089 4240 ipsis
1120 4146 1388 4232 transmiserunt,
1423 4144 1595 4241 velatpa-

231 4270 358 4333 ternam
385 4261 638 4335 haereditatem:
671 4261 746 4333 illos
779 4265 835 4355 qui
870 4272 1025 4356 tanquam
1058 4260 1211 4332 advenae
1237 4263 1270 4330 in
1302 4259 1435 4341 mundo,
1455 4264 1595 4350 versati,

230 4387 264 4450 ct
289 4399 457 4474 pauperes
484 4381 599 4473 spiritu
624 4376 706 4450 facti
730 4376 877 4467 luerunt,
906 4377 1085 4450 secundum
1111 4398 1300 4449 sermonem
1313 4385 1412 4463 tuum,
1440 4377 1473 4447 in
1486 4398 1594 4469 regno

230 4505 288 4568 tuo
313 4494 369 4567 iac
396 4497 580 4590 quiescere.
634 4494 793 4567 Omnibus
820 4497 920 4567 etiam
945 4493 1026 4584 illis,
1061 4503 1200 4591 propter
1227 4513 1309 4587 quos
1345 4492 1507 4564 destinata
1543 4502 1595 4565 est

227 4609 315 4683 haec
342 4611 483 4701 oblatio,
511 4620 544 4683 et
570 4634 709 4706 quorum
737 4615 1007 4685 commemoratio
1034 4632 1149 4683 coram
1175 4619 1209 4681 te
1233 4608 1323 4681 iacta
1339 4615 1406 4700 est,
1433 4606 1594 4703 simulque

227 4727 291 4800 illis
319 4749 457 4824 quorum
483 4749 550 4799 non
577 4730 793 4817 meminimus,
821 4739 975 4824 tanquam
999 4726 1161 4800 Dominus
1175 4724 1300 4799 bouus:
1328 4726 1469 4819 quietem
1485 4747 1594 4821 prae-

186 4885 190 4890 ·
228 4855 301 4933 sta,
328 4867 430 4940 parce
456 4854 491 4916 et
517 4845 660 4933 dimitte,
686 4842 780 4915 aufer
806 4854 841 4915 et
867 4842 941 4914 dele
967 4845 1127 4931 Domine,
1159 4843 1365 4938 insipientias
1396 4839 1526 4912 illorum
1560 4850 1594 4912 et

226 4971 378 5052 nostras,
415 4982 483 5033 non
517 4982 685 5035 revocans
720 4962 755 5031 in
786 4962 981 5033 memoriam
1015 4958 1174 5032 humanos
1201 4956 1350 5031 defectus
1384 4959 1500 5050 gregis
1528 4959 1591 5046 tui;

227 5081 304 5173 quia
330 5078 437 5156 nubas
464 5077 563 5151 bomo
591 5099 693 5174 saper
717 5087 840 5150 terram
864 5077 926 5150 luit
950 5076 1036 5170 liber
1061 5099 1081 5148 a
1104 5064 1238 5172 peccati
1253 5071 1418 5165 sordibus,
1443 5075 1507 5146 nisi
1535 5075 1592 5169 qai

264 5217 386 5261 somma.
1334 5192 1383 5267 66
