4525 6034
699 1291 1314 1413 PRAEFATIO.

442 1757 601 1966 QUAE
636 1885 713 1938 rem
747 1858 964 1963 Liturgicam
995 1862 1194 1963 generatim
1228 1869 1410 1961 spectant,
1454 1869 1561 1961 atque
1606 1856 1698 1936 adeo
1731 1867 1824 1938 opero
1841 1870 1984 1923 comarum.

316 1995 394 2069 non
422 1990 590 2072 Orientali
620 1994 730 2073 modo
762 1993 963 2095 Ecclesiae,
995 1992 1061 2073 sed
1095 1991 1316 2071 Occidentali
1356 1995 1461 2069 etiam
1498 1993 1699 2069 communia

318 2136 415 2225 sunl,
448 2150 529 2204 cum
552 2131 620 2205 viri
651 2127 846 2206 doctissimi
875 2126 956 2204 luse
978 2131 1221 2230 exposuerint,
1251 2130 1286 2206 in
1311 2124 1382 2205 boc
1408 2150 1521 2228 opere
1547 2135 1698 2203 tractare

318 2280 394 2336 non
427 2259 706 2363 aggrediemur,
751 2284 879 2338 verum
918 2283 961 2336 ea
993 2259 1070 2338 sola
1102 2285 1195 2364 quae
1230 2259 1275 2338 ad
1311 2258 1510 2338 Orientales
1555 2261 1699 2361 proprie

320 2395 519 2494 pertinent3
563 2394 662 2498 quod
702 2420 746 2472 ea
786 2405 826 2471 ut
868 2393 1056 2495 plurimum
1095 2396 1222 2472 intacta
1267 2397 1358 2495 sint,
1402 2416 1542 2472 summe
1581 2404 1699 2471 tamen

319 2530 524 2605 necessaria
553 2528 598 2606 ad
626 2527 892 2633 intelligendam
921 2530 1056 2606 veteris
1085 2525 1273 2607 Ecclesiae
1309 2551 1390 2604 cum
1435 2550 1553 2626 nova,
1586 2524 1699 2602 Occi-

320 2658 544 2765 dentalisque
575 2687 657 2740 cum
692 2661 881 2762 Orientali,
913 2684 987 2738 non
1019 2663 1248 2777 interruptam
1277 2660 1321 2738 ab
1352 2659 1573 2763 Apostolicis
1602 2670 1699 2736 tem-

320 2793 467 2897 poribus
491 2798 527 2872 in
547 2794 631 2897 fide,
652 2793 908 2899 disciplinaque
926 2792 1173 2873 Eucharistiae
1196 2792 1432 2872 celebrandae
1459 2791 1698 2871 concordiam.

318 2925 444 3029 ltaque
474 2926 518 3004 ad
550 2952 593 3005 ea
630 2927 873 3032 intelligenda,
907 2952 1000 3032 quae
1024 2927 1252 3027 ‚Orientalem
1285 2926 1446 3007 sacrificii
1484 2924 1697 3028 Evangelici

320 3060 471 3139 lormam
500 3064 730 3163 constituunt,
756 3065 855 3164 prius
891 3086 934 3138 ea
962 3059 1130 3141 didicisse
1164 3085 1317 3139 necesse
1353 3071 1427 3160 est,
1453 3050 1553 3171 [quae
1589 3068 1696 3135 totam

320 3195 412 3272 illius
462 3199 711 3273 oeconomiam
761 3199 962 3296 continent,
1020 3218 1113 3297 quae
1159 3205 1241 3273 sunt
1285 3204 1322 3271 et
1363 3192 1506 3270 luerunt
1556 3214 1701 3292 semper

322 3326 486 3405 omnibus
518 3324 695 3409 Ecclesiis
727 3331 939 3407 communia.

442 3459 641 3564 Egregiam
680 3487 767 3540 sane
803 3466 838 3540 in
880 3486 922 3538 ea
964 3485 1088 3540 sacrae
1129 3459 1311 3538 doctrinae
1349 3470 1449 3561 parte
1491 3456 1698 3561 explicanda
1747 3485 1857 3548 onnam
1874 3504 1917 3541 aaa
1935 3487 2023 3540 triur-

321 3593 467 3672 contulit
503 3618 650 3697 operam
689 3599 746 3673 vir
776 3618 850 3673 non
885 3605 955 3672 tam
985 3593 1169 3699 dignitate,
1195 3618 1301 3697 quam
1336 3592 1509 3694 doctrina,
1535 3616 1700 3670 morum·
1713 3575 1784 3644 ⁸⁵⁰⁸¹
1802 3574 2005 3641 ⁶¹⁹¹¹⁰⁸'²‘⁰³⁸·

322 3750 393 3829 que
439 3731 622 3805 sanctitate
643 3732 861 3831 conspicuus
887 3725 1082 3806 Cardinalis
1109 3726 1268 3805 loannes
1289 3726 1402 3829 Bona,
1431 3724 1534 3804 editis
1557 3724 1700 3804 duobus

321 3857 457 3937 Rerum
481 3859 743 3964 liturgicarum
768 3859 878 3960 libris,
906 3857 1053 3939 eruditis
1084 3871 1120 3937 et
1142 3860 1343 3961 laboriosis,
1374 3864 1410 3938 in
1433 3858 1563 3963 quibus
1581 3860 1700 3936 omnia

320 4012 436 4094 prope
469 4018 562 4097 quae
597 3993 668 4072 boc
698 3998 734 4072 in
765 4017 905 4097 genere
925 3995 1056 4095 optima
1086 4004 1181 4093 sunt,
1217 4004 1383 4070 accurate
1407 3991 1574 4095 collegit,
1606 3990 1698 4069 adeo

321 4137 360 4203 ut
389 4126 481 4205 illius
512 4125 730 4229 diligentiam
760 4130 822 4204 vix
858 4125 1051 4230 quidquam
1079 4124 1257 4229 effugerit
1321 4125 1389 4219 Qui
1423 4137 1526 4204 antea
1560 4136 1600 4202 ut
1633 4124 1701 4203 Ja-

322 4258 437 4337 cobus
467 4257 660 4362 Pamelius,
689 4259 783 4337 idem
811 4271 1061 4363 argumentum
1088 4269 1346 4361 tractaverant,
1378 4263 1443 4339 etsi
1476 4259 1584 4336 multa
1617 4257 1700 4334 col-

321 4390 473 4494 legere,
518 4417 610 4496 quae
652 4397 838 4471 maximam
870 4393 1130 4497 antiquitatibus
1163 4391 1353 4496 Liturgicis
1384 4393 1502 4470 lucem
1535 4389 1699 4490 atterunt,

321 4523 433 4627 longe
464 4534 581 4604 brnen
623 4526 812 4604 abluerunt
845 4552 865 4604 a
902 4538 999 4605 certa
1039 4526 1094 4604 illa
1128 4530 1206 4604 veri
1243 4529 1465 4630 cognitione,
1508 4528 1586 4602 sine
1629 4547 1699 4626 qua

320 4656 450 4736 inrstra
477 4662 512 4736 in
548 4659 615 4737 illis
654 4658 871 4762 explicandis
902 4658 1098 4757 laboratur:
1128 4662 1280 4737 maxime
1305 4683 1394 4736 vcro
1424 4661 1505 4762 quia
1537 4657 1699 4761 plerique

324 4789 482 4869 Graecae
513 4790 702 4871 Ecclesiae
727 4791 946 4895 disciplinam
976 4816 1042 4896 pro
1076 4796 1221 4896 cognita
1250 4791 1462 4894 babuerunt,
1495 4816 1577 4870 cum
1611 4794 1697 4893 ipsis

323 4926 502 5029 incognita
533 4925 637 5028 plane
668 4925 773 5028 loret,
812 4924 999 5028 Syrorum,
1019 4924 1299 5029 Aegyptiorum,
1319 4925 1540 5030 aliorumque
1564 4925 1699 5003 Orien-

322 5059 440 5137 talium
477 5058 588 5137 multo
633 5062 761 5137 minus.
836 5058 1017 5139 Pamelius
1065 5061 1160 5137 enim
1205 5056 1342 5137 Graece
1380 5084 1504 5162 parum
1543 5056 1698 5138 sciebat:

1466 5213 1485 5260 ss
