<?xml version="1.0" encoding="UTF-8"?>
<!DOCTYPE html PUBLIC "-//W3C//DTD XHTML 1.0 Transitional//EN"
    "http://www.w3.org/TR/xhtml1/DTD/xhtml1-transitional.dtd">
<html xmlns="http://www.w3.org/1999/xhtml" xml:lang="en" lang="en">
 <head>
  <title>
</title>
<meta http-equiv="Content-Type" content="text/html;charset=utf-8" />
  <meta name='ocr-system' content='tesseract 3.04.00' />
  <meta name='ocr-capabilities' content='ocr_page ocr_carea ocr_par ocr_line ocrx_word'/>
</head>
<body>
  <div class='ocr_page' id='page_1' title='image "./liturgiarumorie00unkngoog/liturgiarumorie00unkngoog_0715.png"; bbox 0 0 4525 6034; ppageno 0'>
   <div class='ocr_carea' id='block_1_1' title="bbox 331 602 1581 685">
    <p class='ocr_par' dir='ltr' id='par_1_1' title="bbox 331 602 1581 685">
     <span class='ocr_line' id='line_1_1' title="bbox 331 602 1581 685; baseline -0.002 -4"><span class='ocrx_word' id='word_1_1' title='bbox 331 605 381 681; x_wconf 86' lang='lat' dir='ltr'>DE</span> <span class='ocrx_word' id='word_1_2' title='bbox 395 602 565 681; x_wconf 82' lang='lat' dir='ltr'>SYlllhOlS</span> <span class='ocrx_word' id='word_1_3' title='bbox 587 603 858 685; x_wconf 78' lang='lat' dir='ltr'>nutcffltlnun</span> <span class='ocrx_word' id='word_1_4' title='bbox 880 604 929 681; x_wconf 87' lang='grc' dir='ltr'>ΕΤ</span> <span class='ocrx_word' id='word_1_5' title='bbox 952 602 1219 682; x_wconf 85' lang='lat' dir='ltr'>JhOOBIThRUhl</span> <span class='ocrx_word' id='word_1_6' title='bbox 1243 604 1437 684; x_wconf 80' lang='lat' dir='ltr'>lllllllGlIS.</span> <span class='ocrx_word' id='word_1_7' title='bbox 1497 604 1581 678; x_wconf 85' lang='lat' dir='ltr'>XXI</span> 
     </span>
    </p>
   </div>
   <div class='ocr_carea' id='block_1_2' title="bbox 208 790 1902 5231">
    <p class='ocr_par' dir='ltr' id='par_1_2' title="bbox 208 790 1727 2026">
     <span class='ocr_line' id='line_1_2' title="bbox 215 790 1617 883; baseline -0.001 -16"><span class='ocrx_word' id='word_1_8' title='bbox 215 792 391 867; x_wconf 79' lang='lat' dir='ltr'><strong>Ecclesiae</strong></span> <span class='ocrx_word' id='word_1_9' title='bbox 416 794 565 863; x_wconf 78' lang='lat' dir='ltr'>retinent.</span> <span class='ocrx_word' id='word_1_10' title='bbox 592 791 688 864; x_wconf 86' lang='lat' dir='ltr'><strong>Unde</strong></span> <span class='ocrx_word' id='word_1_11' title='bbox 715 796 828 865; x_wconf 90' lang='lat' dir='ltr'>mirari</span> <span class='ocrx_word' id='word_1_12' title='bbox 855 790 943 866; x_wconf 85' lang='lat' dir='ltr'><strong>subit</strong></span> <span class='ocrx_word' id='word_1_13' title='bbox 967 802 1017 865; x_wconf 90' lang='lat' dir='ltr'>tot</span> <span class='ocrx_word' id='word_1_14' title='bbox 1043 792 1190 865; x_wconf 89' lang='lat' dir='ltr'>eruditos</span> <span class='ocrx_word' id='word_1_15' title='bbox 1216 790 1464 883; x_wconf 86' lang='lat' dir='ltr'>Protestantes,</span> <span class='ocrx_word' id='word_1_16' title='bbox 1490 796 1580 866; x_wconf 91' lang='lat' dir='ltr'>inani</span> <span class='ocrx_word' id='word_1_17' title='bbox 1612 867 1617 877; x_wconf 71' lang='grc'>,</span> 
     </span>
     <span class='ocr_line' id='line_1_3' title="bbox 214 895 1579 994; baseline -0.001 -25"><span class='ocrx_word' id='word_1_18' title='bbox 214 896 272 969; x_wconf 91' lang='lat' dir='ltr'>illo</span> <span class='ocrx_word' id='word_1_19' title='bbox 300 903 515 988; x_wconf 84' lang='lat' dir='ltr'>argumento,</span> <span class='ocrx_word' id='word_1_20' title='bbox 549 895 638 991; x_wconf 86' lang='lat' dir='ltr'>quod</span> <span class='ocrx_word' id='word_1_21' title='bbox 664 896 764 994; x_wconf 75' lang='lat' dir='ltr'>Syri,</span> <span class='ocrx_word' id='word_1_22' title='bbox 795 898 977 993; x_wconf 73' lang='lat' dir='ltr'>Aegyptii,</span> <span class='ocrx_word' id='word_1_23' title='bbox 1008 896 1164 985; x_wconf 86' lang='lat' dir='ltr'>Armeni,</span> <span class='ocrx_word' id='word_1_24' title='bbox 1197 895 1404 992; x_wconf 81' lang='lat' dir='ltr'>Aethiopes,</span> <span class='ocrx_word' id='word_1_25' title='bbox 1437 896 1579 987; x_wconf 87' lang='lat' dir='ltr'>hloscbi,</span> 
     </span>
     <span class='ocr_line' id='line_1_4' title="bbox 214 998 1580 1095; baseline 0 -23"><span class='ocrx_word' id='word_1_26' title='bbox 214 1000 356 1086; x_wconf 87' lang='lat' dir='ltr'>Graeci,</span> <span class='ocrx_word' id='word_1_27' title='bbox 392 1020 452 1071; x_wconf 90' lang='lat' dir='ltr'>sua</span> <span class='ocrx_word' id='word_1_28' title='bbox 487 1003 627 1094; x_wconf 86' lang='lat' dir='ltr'>quisque</span> <span class='ocrx_word' id='word_1_29' title='bbox 659 1000 771 1093; x_wconf 80' lang='lat' dir='ltr'>lingua</span> <span class='ocrx_word' id='word_1_30' title='bbox 805 1021 902 1072; x_wconf 88' lang='lat' dir='ltr'>sacra</span> <span class='ocrx_word' id='word_1_31' title='bbox 937 998 1123 1087; x_wconf 90' lang='lat' dir='ltr'>celebrent,</span> <span class='ocrx_word' id='word_1_32' title='bbox 1159 1021 1355 1095; x_wconf 80' lang='lat' dir='ltr'>oppugnare</span> <span class='ocrx_word' id='word_1_33' title='bbox 1386 999 1580 1072; x_wconf 88' lang='lat' dir='ltr'>hodiernum</span> 
     </span>
     <span class='ocr_line' id='line_1_5' title="bbox 212 1100 1579 1200; baseline -0.001 -24"><span class='ocrx_word' id='word_1_34' title='bbox 212 1103 388 1176; x_wconf 79' lang='lat' dir='ltr'>Ecclesiae</span> <span class='ocrx_word' id='word_1_35' title='bbox 422 1100 615 1175; x_wconf 77' lang='lat' dir='ltr'>Catholicae</span> <span class='ocrx_word' id='word_1_36' title='bbox 650 1102 869 1199; x_wconf 80' lang='lat' dir='ltr'>disciplinam,</span> <span class='ocrx_word' id='word_1_37' title='bbox 909 1125 983 1175; x_wconf 91' lang='lat' dir='ltr'>cum</span> <span class='ocrx_word' id='word_1_38' title='bbox 1017 1124 1132 1175; x_wconf 91' lang='lat' dir='ltr'>omnes</span> <span class='ocrx_word' id='word_1_39' title='bbox 1163 1102 1238 1175; x_wconf 88' lang='lat' dir='ltr'>illas</span> <span class='ocrx_word' id='word_1_40' title='bbox 1270 1102 1400 1196; x_wconf 76' lang='lat' dir='ltr'>linguas</span> <span class='ocrx_word' id='word_1_41' title='bbox 1434 1104 1526 1200; x_wconf 92' lang='lat' dir='ltr'>plebi</span> <span class='ocrx_word' id='word_1_42' title='bbox 1558 1127 1579 1175; x_wconf 88' lang='lat' dir='ltr'>a</span> 
     </span>
     <span class='ocr_line' id='line_1_6' title="bbox 212 1205 1579 1302; baseline 0.001 -24"><span class='ocrx_word' id='word_1_43' title='bbox 212 1207 322 1279; x_wconf 90' lang='lat' dir='ltr'>multis</span> <span class='ocrx_word' id='word_1_44' title='bbox 349 1205 490 1279; x_wconf 86' lang='lat' dir='ltr'>saecuhs</span> <span class='ocrx_word' id='word_1_45' title='bbox 516 1210 648 1298; x_wconf 84' lang='lat' dir='ltr'>ignotas</span> <span class='ocrx_word' id='word_1_46' title='bbox 676 1228 754 1280; x_wconf 90' lang='lat' dir='ltr'>esse</span> <span class='ocrx_word' id='word_1_47' title='bbox 781 1206 989 1302; x_wconf 64' lang='lat' dir='ltr'>euplorntum</span> <span class='ocrx_word' id='word_1_48' title='bbox 1016 1211 1067 1279; x_wconf 86' lang='lat' dir='ltr'>sit</span> <span class='ocrx_word' id='word_1_49' title='bbox 1121 1205 1159 1278; x_wconf 88' lang='lat' dir='ltr'>Si</span> <span class='ocrx_word' id='word_1_50' title='bbox 1186 1209 1259 1301; x_wconf 88' lang='lat' dir='ltr'>quis</span> <span class='ocrx_word' id='word_1_51' title='bbox 1286 1229 1331 1278; x_wconf 83' lang='lat' dir='ltr'>ex</span> <span class='ocrx_word' id='word_1_52' title='bbox 1360 1210 1484 1280; x_wconf 88' lang='lat' dir='ltr'>nostris</span> <span class='ocrx_word' id='word_1_53' title='bbox 1509 1206 1579 1280; x_wconf 94' lang='lat' dir='ltr'>ho-</span> 
     </span>
     <span class='ocr_line' id='line_1_7' title="bbox 210 1308 1579 1405; baseline 0.002 -25"><span class='ocrx_word' id='word_1_54' title='bbox 210 1309 354 1384; x_wconf 89' lang='lat' dir='ltr'>minibus</span> <span class='ocrx_word' id='word_1_55' title='bbox 395 1310 632 1405; x_wconf 77' lang='lat' dir='ltr'>responderet,</span> <span class='ocrx_word' id='word_1_56' title='bbox 670 1309 824 1383; x_wconf 85' lang='lat' dir='ltr'>Latinam</span> <span class='ocrx_word' id='word_1_57' title='bbox 858 1332 990 1405; x_wconf 83' lang='lat' dir='ltr'>quoque</span> <span class='ocrx_word' id='word_1_58' title='bbox 1022 1308 1211 1381; x_wconf 83' lang='lat' dir='ltr'>Ecclesiam</span> <span class='ocrx_word' id='word_1_59' title='bbox 1242 1308 1361 1381; x_wconf 85' lang='lat' dir='ltr'>Latine</span> <span class='ocrx_word' id='word_1_60' title='bbox 1394 1310 1579 1399; x_wconf 87' lang='lat' dir='ltr'>celebrare,</span> 
     </span>
     <span class='ocr_line' id='line_1_8' title="bbox 209 1411 1579 1502; baseline 0.001 -17"><span class='ocrx_word' id='word_1_61' title='bbox 209 1414 302 1486; x_wconf 90' lang='lat' dir='ltr'>illum</span> <span class='ocrx_word' id='word_1_62' title='bbox 328 1412 561 1502; x_wconf 83' lang='lat' dir='ltr'>exsibilarent3</span> <span class='ocrx_word' id='word_1_63' title='bbox 587 1424 757 1486; x_wconf 85' lang='lat' dir='ltr'>ettamen</span> <span class='ocrx_word' id='word_1_64' title='bbox 784 1412 901 1486; x_wconf 87' lang='lat' dir='ltr'>eadem</span> <span class='ocrx_word' id='word_1_65' title='bbox 927 1423 980 1486; x_wconf 88' lang='lat' dir='ltr'>est</span> <span class='ocrx_word' id='word_1_66' title='bbox 1011 1416 1144 1485; x_wconf 91' lang='lat' dir='ltr'>omnino</span> <span class='ocrx_word' id='word_1_67' title='bbox 1178 1411 1317 1484; x_wconf 88' lang='lat' dir='ltr'>Latinae</span> <span class='ocrx_word' id='word_1_68' title='bbox 1349 1423 1384 1485; x_wconf 91' lang='lat' dir='ltr'>et</span> <span class='ocrx_word' id='word_1_69' title='bbox 1419 1413 1579 1487; x_wconf 82' lang='lat' dir='ltr'>Oriente-</span> 
     </span>
     <span class='ocr_line' id='line_1_9' title="bbox 208 1515 1579 1611; baseline 0 -22"><span class='ocrx_word' id='word_1_70' title='bbox 208 1517 290 1589; x_wconf 90' lang='lat' dir='ltr'>lium</span> <span class='ocrx_word' id='word_1_71' title='bbox 314 1515 539 1589; x_wconf 84' lang='lat' dir='ltr'>Ecclesiorum</span> <span class='ocrx_word' id='word_1_72' title='bbox 563 1521 660 1588; x_wconf 89' lang='lat' dir='ltr'>ratio.</span> <span class='ocrx_word' id='word_1_73' title='bbox 712 1516 832 1590; x_wconf 89' lang='lat' dir='ltr'>Latina</span> <span class='ocrx_word' id='word_1_74' title='bbox 849 1519 936 1588; x_wconf 91' lang='lat' dir='ltr'>enim</span> <span class='ocrx_word' id='word_1_75' title='bbox 956 1516 1068 1609; x_wconf 78' lang='lat' dir='ltr'>lingrra</span> <span class='ocrx_word' id='word_1_76' title='bbox 1085 1525 1156 1588; x_wconf 91' lang='lat' dir='ltr'>toto</span> <span class='ocrx_word' id='word_1_77' title='bbox 1173 1536 1279 1611; x_wconf 92' lang='lat' dir='ltr'>prope</span> <span class='ocrx_word' id='word_1_78' title='bbox 1299 1515 1478 1589; x_wconf 85' lang='lat' dir='ltr'>Occidente</span> <span class='ocrx_word' id='word_1_79' title='bbox 1492 1539 1579 1590; x_wconf 81' lang='lat' dir='ltr'>uer-</span> 
     </span>
     <span class='ocr_line' id='line_1_10' title="bbox 209 1618 1581 1717; baseline 0 -25"><span class='ocrx_word' id='word_1_80' title='bbox 209 1619 332 1693; x_wconf 87' lang='lat' dir='ltr'>nacula</span> <span class='ocrx_word' id='word_1_81' title='bbox 358 1630 448 1711; x_wconf 88' lang='lat' dir='ltr'>erat,</span> <span class='ocrx_word' id='word_1_82' title='bbox 474 1644 547 1692; x_wconf 93' lang='lat' dir='ltr'>cum</span> <span class='ocrx_word' id='word_1_83' title='bbox 575 1618 691 1692; x_wconf 85' lang='lat' dir='ltr'>Canon</span> <span class='ocrx_word' id='word_1_84' title='bbox 719 1644 816 1716; x_wconf 89' lang='lat' dir='ltr'>quem</span> <span class='ocrx_word' id='word_1_85' title='bbox 850 1624 997 1715; x_wconf 86' lang='lat' dir='ltr'>sequitur</span> <span class='ocrx_word' id='word_1_86' title='bbox 1030 1622 1171 1715; x_wconf 89' lang='lat' dir='ltr'>scriptus</span> <span class='ocrx_word' id='word_1_87' title='bbox 1206 1629 1274 1691; x_wconf 88' lang='lat' dir='ltr'>est:</span> <span class='ocrx_word' id='word_1_88' title='bbox 1308 1630 1344 1692; x_wconf 89' lang='lat' dir='ltr'>ut</span> <span class='ocrx_word' id='word_1_89' title='bbox 1369 1620 1458 1717; x_wconf 78' lang='lat' dir='ltr'>Syra</span> <span class='ocrx_word' id='word_1_90' title='bbox 1493 1619 1581 1716; x_wconf 87' lang='lat' dir='ltr'>apud</span> 
     </span>
     <span class='ocr_line' id='line_1_11' title="bbox 211 1722 1727 1821; baseline -0.005 -24"><span class='ocrx_word' id='word_1_91' title='bbox 211 1724 340 1821; x_wconf 69' lang='lat' dir='ltr'>Syros:</span> <span class='ocrx_word' id='word_1_92' title='bbox 366 1732 466 1818; x_wconf 85' lang='lat' dir='ltr'>utque</span> <span class='ocrx_word' id='word_1_93' title='bbox 492 1727 546 1795; x_wconf 90' lang='lat' dir='ltr'>isti</span> <span class='ocrx_word' id='word_1_94' title='bbox 573 1746 646 1795; x_wconf 92' lang='lat' dir='ltr'>eum</span> <span class='ocrx_word' id='word_1_95' title='bbox 672 1723 785 1817; x_wconf 78' lang='lat' dir='ltr'>lingue</span> <span class='ocrx_word' id='word_1_96' title='bbox 811 1724 961 1816; x_wconf 78' lang='lat' dir='ltr'>vulgaris</span> <span class='ocrx_word' id='word_1_97' title='bbox 988 1744 1065 1795; x_wconf 90' lang='lat' dir='ltr'>esse</span> <span class='ocrx_word' id='word_1_98' title='bbox 1092 1722 1209 1811; x_wconf 90' lang='lat' dir='ltr'>desiit,</span> <span class='ocrx_word' id='word_1_99' title='bbox 1240 1722 1329 1795; x_wconf 89' lang='lat' dir='ltr'>illam</span> <span class='ocrx_word' id='word_1_100' title='bbox 1356 1734 1466 1795; x_wconf 89' lang='lat' dir='ltr'>tamen</span> <span class='ocrx_word' id='word_1_101' title='bbox 1491 1728 1580 1796; x_wconf 88' lang='lat' dir='ltr'>reti·</span> <span class='ocrx_word' id='word_1_102' title='bbox 1718 1772 1727 1790; x_wconf 89' lang='lat'><strong>.</strong></span> 
     </span>
     <span class='ocr_line' id='line_1_12' title="bbox 209 1825 1579 1923; baseline 0.001 -24"><span class='ocrx_word' id='word_1_103' title='bbox 209 1837 375 1918; x_wconf 89' lang='lat' dir='ltr'>nuerunt,</span> <span class='ocrx_word' id='word_1_104' title='bbox 399 1849 509 1922; x_wconf 90' lang='lat' dir='ltr'>neque</span> <span class='ocrx_word' id='word_1_105' title='bbox 543 1849 686 1923; x_wconf 87' lang='lat' dir='ltr'>unquam</span> <span class='ocrx_word' id='word_1_106' title='bbox 711 1826 875 1916; x_wconf 87' lang='lat' dir='ltr'>Arabico,</span> <span class='ocrx_word' id='word_1_107' title='bbox 902 1825 1003 1899; x_wconf 90' lang='lat' dir='ltr'>multo</span> <span class='ocrx_word' id='word_1_108' title='bbox 1029 1830 1137 1898; x_wconf 91' lang='lat' dir='ltr'>minus</span> <span class='ocrx_word' id='word_1_109' title='bbox 1163 1827 1314 1915; x_wconf 87' lang='lat' dir='ltr'>Persice,</span> <span class='ocrx_word' id='word_1_110' title='bbox 1349 1838 1405 1899; x_wconf 91' lang='lat' dir='ltr'>aut</span> <span class='ocrx_word' id='word_1_111' title='bbox 1437 1826 1579 1900; x_wconf 85' lang='lat' dir='ltr'>Turcice</span> 
     </span>
     <span class='ocr_line' id='line_1_13' title="bbox 209 1927 1217 2026; baseline -0.002 -24"><span class='ocrx_word' id='word_1_112' title='bbox 209 1930 364 2022; x_wconf 83' lang='lat' dir='ltr'>Liturgia</span> <span class='ocrx_word' id='word_1_113' title='bbox 391 1927 559 2002; x_wconf 88' lang='lat' dir='ltr'>celebrata</span> <span class='ocrx_word' id='word_1_114' title='bbox 586 1943 652 2020; x_wconf 89' lang='lat' dir='ltr'>est,</span> <span class='ocrx_word' id='word_1_115' title='bbox 678 1935 724 2003; x_wconf 86' lang='lat' dir='ltr'>ita</span> <span class='ocrx_word' id='word_1_116' title='bbox 749 1942 784 2003; x_wconf 89' lang='lat' dir='ltr'>et</span> <span class='ocrx_word' id='word_1_117' title='bbox 809 1930 895 2026; x_wconf 92' lang='lat' dir='ltr'>apud</span> <span class='ocrx_word' id='word_1_118' title='bbox 920 1929 1058 2002; x_wconf 89' lang='lat' dir='ltr'>Latinos</span> <span class='ocrx_word' id='word_1_119' title='bbox 1075 1928 1217 2001; x_wconf 63' lang='lat' dir='ltr'>‘luctum</span> 
     </span>
    </p>

    <p class='ocr_par' dir='ltr' id='par_1_3' title="bbox 316 2030 1901 2129">
     <span class='ocr_line' id='line_1_14' title="bbox 316 2030 1901 2129; baseline 0.003 -23"><span class='ocrx_word' id='word_1_120' title='bbox 316 2034 458 2106; x_wconf 86' lang='lat' dir='ltr'><strong>XXXV.</strong></span> <span class='ocrx_word' id='word_1_121' title='bbox 509 2034 608 2107; x_wconf 84' lang='lat' dir='ltr'>Adeo</span> <span class='ocrx_word' id='word_1_122' title='bbox 635 2056 719 2106; x_wconf 88' lang='lat' dir='ltr'>vero</span> <span class='ocrx_word' id='word_1_123' title='bbox 746 2033 831 2107; x_wconf 87' lang='lat' dir='ltr'>baec</span> <span class='ocrx_word' id='word_1_124' title='bbox 857 2033 1028 2129; x_wconf 90' lang='lat' dir='ltr'>disciplina</span> <span class='ocrx_word' id='word_1_125' title='bbox 1054 2030 1096 2104; x_wconf 88' lang='lat' dir='ltr'>ab</span> <span class='ocrx_word' id='word_1_126' title='bbox 1111 2037 1201 2105; x_wconf 91' lang='lat' dir='ltr'>ornni</span> <span class='ocrx_word' id='word_1_127' title='bbox 1212 2036 1369 2106; x_wconf 87' lang='lat' dir='ltr'>novitatis</span> <span class='ocrx_word' id='word_1_128' title='bbox 1389 2037 1577 2128; x_wconf 88' lang='lat' dir='ltr'>suspicione</span> <span class='ocrx_word' id='word_1_129' title='bbox 1625 2054 1901 2112; x_wconf 61' lang='lat' dir='ltr'>interraneorum</span> 
     </span>
    </p>

    <p class='ocr_par' dir='ltr' id='par_1_4' title="bbox 209 2134 1901 3371">
     <span class='ocr_line' id='line_1_15' title="bbox 209 2134 1901 2234; baseline -0.001 -23"><span class='ocrx_word' id='word_1_130' title='bbox 209 2148 342 2211; x_wconf 88' lang='lat' dir='ltr'>remotn</span> <span class='ocrx_word' id='word_1_131' title='bbox 369 2148 436 2223; x_wconf 88' lang='lat' dir='ltr'>est,</span> <span class='ocrx_word' id='word_1_132' title='bbox 462 2147 498 2209; x_wconf 93' lang='lat' dir='ltr'>ut</span> <span class='ocrx_word' id='word_1_133' title='bbox 523 2160 590 2209; x_wconf 94' lang='lat' dir='ltr'>non</span> <span class='ocrx_word' id='word_1_134' title='bbox 606 2138 706 2211; x_wconf 92' lang='lat' dir='ltr'>modo</span> <span class='ocrx_word' id='word_1_135' title='bbox 721 2142 820 2210; x_wconf 86' lang='lat' dir='ltr'>totins</span> <span class='ocrx_word' id='word_1_136' title='bbox 838 2136 983 2209; x_wconf 89' lang='lat' dir='ltr'>Orientis</span> <span class='ocrx_word' id='word_1_137' title='bbox 997 2134 1175 2209; x_wconf 86' lang='lat' dir='ltr'>Christiani</span> <span class='ocrx_word' id='word_1_138' title='bbox 1191 2158 1357 2209; x_wconf 91' lang='lat' dir='ltr'>consensu</span> <span class='ocrx_word' id='word_1_139' title='bbox 1373 2147 1407 2209; x_wconf 90' lang='lat' dir='ltr'>et</span> <span class='ocrx_word' id='word_1_140' title='bbox 1420 2137 1576 2234; x_wconf 80' lang='lat' dir='ltr'>exemplo</span> <span class='ocrx_word' id='word_1_141' title='bbox 1608 2150 1634 2193; x_wconf 75' lang='lat' dir='ltr'>e</span> <span class='ocrx_word' id='word_1_142' title='bbox 1660 2143 1901 2199; x_wconf 68' lang='lat' dir='ltr'>mahumedanorum</span> 
     </span>
     <span class='ocr_line' id='line_1_16' title="bbox 210 2231 1774 2337; baseline 0.001 -25"><span class='ocrx_word' id='word_1_143' title='bbox 210 2241 439 2328; x_wconf 85' lang='lat' dir='ltr'>confirmetur,</span> <span class='ocrx_word' id='word_1_144' title='bbox 467 2240 529 2314; x_wconf 92' lang='lat' dir='ltr'>sed</span> <span class='ocrx_word' id='word_1_145' title='bbox 555 2241 730 2313; x_wconf 86' lang='lat' dir='ltr'>inlidehum</span> <span class='ocrx_word' id='word_1_146' title='bbox 756 2245 904 2337; x_wconf 90' lang='lat' dir='ltr'>ipsorum</span> <span class='ocrx_word' id='word_1_147' title='bbox 930 2240 1184 2327; x_wconf 85' lang='lat' dir='ltr'>consuetudine,</span> <span class='ocrx_word' id='word_1_148' title='bbox 1217 2262 1344 2335; x_wconf 88' lang='lat' dir='ltr'>usuque</span> <span class='ocrx_word' id='word_1_149' title='bbox 1378 2240 1577 2335; x_wconf 86' lang='lat' dir='ltr'>quotidiano.</span> <span class='ocrx_word' id='word_1_150' title='bbox 1607 2231 1774 2283; x_wconf 65' lang='lat' dir='ltr'>⁰⁰⁰³¹¹⁶l¹d⁰·</span> 
     </span>
     <span class='ocr_line' id='line_1_17' title="bbox 210 2343 1578 2439; baseline 0.002 -24"><span class='ocrx_word' id='word_1_151' title='bbox 210 2343 332 2416; x_wconf 87' lang='lat' dir='ltr'>Judnei</span> <span class='ocrx_word' id='word_1_152' title='bbox 359 2348 387 2415; x_wconf 93' lang='lat' dir='ltr'>si</span> <span class='ocrx_word' id='word_1_153' title='bbox 414 2343 544 2439; x_wconf 84' lang='lat' dir='ltr'>quidem</span> <span class='ocrx_word' id='word_1_154' title='bbox 570 2343 758 2417; x_wconf 87' lang='lat' dir='ltr'>Hebraicae</span> <span class='ocrx_word' id='word_1_155' title='bbox 790 2346 924 2436; x_wconf 83' lang='lat' dir='ltr'>linguae</span> <span class='ocrx_word' id='word_1_156' title='bbox 957 2352 1079 2414; x_wconf 90' lang='lat' dir='ltr'>tanturn</span> <span class='ocrx_word' id='word_1_157' title='bbox 1115 2346 1239 2430; x_wconf 86' lang='lat' dir='ltr'>sciunt,</span> <span class='ocrx_word' id='word_1_158' title='bbox 1274 2354 1427 2438; x_wconf 89' lang='lat' dir='ltr'>quantum</span> <span class='ocrx_word' id='word_1_159' title='bbox 1461 2366 1578 2418; x_wconf 88' lang='lat' dir='ltr'>sacros</span> 
     </span>
     <span class='ocr_line' id='line_1_18' title="bbox 209 2445 1579 2542; baseline 0 -22"><span class='ocrx_word' id='word_1_160' title='bbox 209 2447 319 2522; x_wconf 93' lang='lat' dir='ltr'>libros</span> <span class='ocrx_word' id='word_1_161' title='bbox 350 2447 494 2538; x_wconf 83' lang='lat' dir='ltr'>legendo</span> <span class='ocrx_word' id='word_1_162' title='bbox 531 2448 729 2520; x_wconf 89' lang='lat' dir='ltr'>didicerunt:</span> <span class='ocrx_word' id='word_1_163' title='bbox 762 2446 883 2542; x_wconf 85' lang='lat' dir='ltr'>ubique</span> <span class='ocrx_word' id='word_1_164' title='bbox 918 2458 1128 2519; x_wconf 84' lang='lat' dir='ltr'>tamennon</span> <span class='ocrx_word' id='word_1_165' title='bbox 1161 2445 1256 2519; x_wconf 79' lang='lat' dir='ltr'>aliter</span> <span class='ocrx_word' id='word_1_166' title='bbox 1283 2471 1378 2542; x_wconf 90' lang='lat' dir='ltr'>quam</span> <span class='ocrx_word' id='word_1_167' title='bbox 1412 2446 1579 2520; x_wconf 86' lang='lat' dir='ltr'>Hebraico</span> 
     </span>
     <span class='ocr_line' id='line_1_19' title="bbox 210 2549 1579 2649; baseline -0.001 -25"><span class='ocrx_word' id='word_1_168' title='bbox 210 2573 335 2648; x_wconf 89' lang='lat' dir='ltr'>preces</span> <span class='ocrx_word' id='word_1_169' title='bbox 362 2549 518 2623; x_wconf 86' lang='lat' dir='ltr'>solennes</span> <span class='ocrx_word' id='word_1_170' title='bbox 545 2574 623 2624; x_wconf 88' lang='lat' dir='ltr'>suus</span> <span class='ocrx_word' id='word_1_171' title='bbox 650 2555 683 2623; x_wconf 93' lang='lat' dir='ltr'>in</span> <span class='ocrx_word' id='word_1_172' title='bbox 710 2554 897 2649; x_wconf 77' lang='lat' dir='ltr'>synagogis</span> <span class='ocrx_word' id='word_1_173' title='bbox 924 2553 1083 2638; x_wconf 84' lang='lat' dir='ltr'>recitant,</span> <span class='ocrx_word' id='word_1_174' title='bbox 1110 2554 1176 2622; x_wconf 93' lang='lat' dir='ltr'>imo</span> <span class='ocrx_word' id='word_1_175' title='bbox 1202 2554 1235 2621; x_wconf 92' lang='lat' dir='ltr'>in</span> <span class='ocrx_word' id='word_1_176' title='bbox 1270 2554 1409 2646; x_wconf 88' lang='lat' dir='ltr'>privatis</span> <span class='ocrx_word' id='word_1_177' title='bbox 1446 2550 1579 2624; x_wconf 87' lang='lat' dir='ltr'>Officiis.</span> 
     </span>
     <span class='ocr_line' id='line_1_20' title="bbox 209 2653 1581 2751; baseline 0 -25"><span class='ocrx_word' id='word_1_178' title='bbox 209 2655 398 2726; x_wconf 89' lang='lat' dir='ltr'>Versiones</span> <span class='ocrx_word' id='word_1_179' title='bbox 425 2657 545 2749; x_wconf 87' lang='lat' dir='ltr'>quippe</span> <span class='ocrx_word' id='word_1_180' title='bbox 570 2656 770 2751; x_wconf 87' lang='lat' dir='ltr'>Hispanieae</span> <span class='ocrx_word' id='word_1_181' title='bbox 798 2676 880 2751; x_wconf 79' lang='lat' dir='ltr'>quas</span> <span class='ocrx_word' id='word_1_182' title='bbox 912 2658 1001 2749; x_wconf 74' lang='lat' dir='ltr'>typis</span> <span class='ocrx_word' id='word_1_183' title='bbox 1039 2653 1228 2742; x_wconf 85' lang='lat' dir='ltr'>edidemnt,</span> <span class='ocrx_word' id='word_1_184' title='bbox 1265 2654 1307 2726; x_wconf 91' lang='lat' dir='ltr'>ad</span> <span class='ocrx_word' id='word_1_185' title='bbox 1341 2654 1510 2726; x_wconf 89' lang='lat' dir='ltr'>mulierum</span> <span class='ocrx_word' id='word_1_186' title='bbox 1547 2664 1581 2726; x_wconf 92' lang='lat' dir='ltr'>et</span> 
     </span>
     <span class='ocr_line' id='line_1_21' title="bbox 210 2755 1580 2852; baseline -0.001 -22"><span class='ocrx_word' id='word_1_187' title='bbox 210 2758 390 2832; x_wconf 80' lang='lat' dir='ltr'>idiotarum</span> <span class='ocrx_word' id='word_1_188' title='bbox 415 2760 610 2852; x_wconf 89' lang='lat' dir='ltr'>imperitiam</span> <span class='ocrx_word' id='word_1_189' title='bbox 637 2755 893 2846; x_wconf 84' lang='lat' dir='ltr'>sublevandam,</span> <span class='ocrx_word' id='word_1_190' title='bbox 919 2779 1015 2829; x_wconf 89' lang='lat' dir='ltr'>usum</span> <span class='ocrx_word' id='word_1_191' title='bbox 1041 2761 1073 2828; x_wconf 92' lang='lat' dir='ltr'>in</span> <span class='ocrx_word' id='word_1_192' title='bbox 1099 2755 1240 2851; x_wconf 88' lang='lat' dir='ltr'>pubhcis</span> <span class='ocrx_word' id='word_1_193' title='bbox 1256 2755 1477 2830; x_wconf 89' lang='lat' dir='ltr'>conventibus</span> <span class='ocrx_word' id='word_1_194' title='bbox 1499 2757 1580 2829; x_wconf 93' lang='lat' dir='ltr'>nul-</span> 
     </span>
     <span class='ocr_line' id='line_1_22' title="bbox 209 2854 1579 2957; baseline -0.001 -23"><span class='ocrx_word' id='word_1_195' title='bbox 209 2863 281 2934; x_wconf 89' lang='lat' dir='ltr'>lum</span> <span class='ocrx_word' id='word_1_196' title='bbox 304 2860 436 2950; x_wconf 86' lang='lat' dir='ltr'>habent,</span> <span class='ocrx_word' id='word_1_197' title='bbox 462 2883 526 2933; x_wconf 88' lang='lat' dir='ltr'>neo</span> <span class='ocrx_word' id='word_1_198' title='bbox 552 2865 586 2933; x_wconf 94' lang='lat' dir='ltr'>in</span> <span class='ocrx_word' id='word_1_199' title='bbox 612 2860 676 2934; x_wconf 91' lang='lat' dir='ltr'>illis</span> <span class='ocrx_word' id='word_1_200' title='bbox 703 2884 788 2957; x_wconf 82' lang='lat' dir='ltr'>qnae</span> <span class='ocrx_word' id='word_1_201' title='bbox 815 2854 902 2933; x_wconf 87' lang='lat' dir='ltr'>dorni</span> <span class='ocrx_word' id='word_1_202' title='bbox 928 2860 1017 2947; x_wconf 72' lang='lat' dir='ltr'>hunt</span> <span class='ocrx_word' id='word_1_203' title='bbox 1044 2864 1272 2934; x_wconf 88' lang='lat' dir='ltr'>caeremoniis.</span> <span class='ocrx_word' id='word_1_204' title='bbox 1325 2862 1374 2933; x_wconf 91' lang='lat' dir='ltr'>lta</span> <span class='ocrx_word' id='word_1_205' title='bbox 1400 2860 1579 2933; x_wconf 88' lang='lat' dir='ltr'>Muhame-</span> 
     </span>
     <span class='ocr_line' id='line_1_23' title="bbox 210 2962 1580 3061; baseline -0.001 -23"><span class='ocrx_word' id='word_1_206' title='bbox 210 2965 292 3038; x_wconf 87' lang='lat' dir='ltr'>dani</span> <span class='ocrx_word' id='word_1_207' title='bbox 316 2975 451 3061; x_wconf 90' lang='lat' dir='ltr'>praeter</span> <span class='ocrx_word' id='word_1_208' title='bbox 484 2987 545 3038; x_wconf 89' lang='lat' dir='ltr'>eos</span> <span class='ocrx_word' id='word_1_209' title='bbox 581 2964 667 3061; x_wconf 92' lang='lat' dir='ltr'>apud</span> <span class='ocrx_word' id='word_1_210' title='bbox 701 2986 784 3060; x_wconf 85' lang='lat' dir='ltr'>quos</span> <span class='ocrx_word' id='word_1_211' title='bbox 818 2962 966 3036; x_wconf 83' lang='lat' dir='ltr'>Arabica</span> <span class='ocrx_word' id='word_1_212' title='bbox 999 2963 1112 3056; x_wconf 82' lang='lat' dir='ltr'>lingua</span> <span class='ocrx_word' id='word_1_213' title='bbox 1147 2963 1298 3054; x_wconf 80' lang='lat' dir='ltr'>vulgaris</span> <span class='ocrx_word' id='word_1_214' title='bbox 1331 2972 1399 3052; x_wconf 88' lang='lat' dir='ltr'>est,</span> <span class='ocrx_word' id='word_1_215' title='bbox 1432 2962 1580 3036; x_wconf 87' lang='lat' dir='ltr'>Arabico</span> 
     </span>
     <span class='ocr_line' id='line_1_24' title="bbox 209 3065 1579 3157; baseline 0 -17"><span class='ocrx_word' id='word_1_216' title='bbox 209 3072 386 3156; x_wconf 86' lang='lat' dir='ltr'>nesciunt;</span> <span class='ocrx_word' id='word_1_217' title='bbox 411 3078 447 3139; x_wconf 91' lang='lat' dir='ltr'>ut</span> <span class='ocrx_word' id='word_1_218' title='bbox 474 3068 624 3157; x_wconf 81' lang='lat' dir='ltr'>Turoae,</span> <span class='ocrx_word' id='word_1_219' title='bbox 650 3068 796 3156; x_wconf 82' lang='lat' dir='ltr'>Persae,</span> <span class='ocrx_word' id='word_1_220' title='bbox 823 3067 973 3157; x_wconf 87' lang='lat' dir='ltr'>Tartari,</span> <span class='ocrx_word' id='word_1_221' title='bbox 999 3077 1034 3139; x_wconf 90' lang='lat' dir='ltr'>et</span> <span class='ocrx_word' id='word_1_222' title='bbox 1060 3065 1125 3139; x_wconf 89' lang='lat' dir='ltr'>alii.</span> <span class='ocrx_word' id='word_1_223' title='bbox 1180 3066 1303 3140; x_wconf 87' lang='lat' dir='ltr'>Omnes</span> <span class='ocrx_word' id='word_1_224' title='bbox 1332 3078 1441 3139; x_wconf 77' lang='lat' dir='ltr'>mmen</span> <span class='ocrx_word' id='word_1_225' title='bbox 1467 3066 1579 3140; x_wconf 84' lang='lat' dir='ltr'>Alco-</span> 
     </span>
     <span class='ocr_line' id='line_1_25' title="bbox 210 3169 1579 3267; baseline -0.001 -24"><span class='ocrx_word' id='word_1_226' title='bbox 210 3195 330 3243; x_wconf 89' lang='lat' dir='ltr'>ranum</span> <span class='ocrx_word' id='word_1_227' title='bbox 357 3170 502 3244; x_wconf 83' lang='lat' dir='ltr'>Arabico</span> <span class='ocrx_word' id='word_1_228' title='bbox 528 3172 660 3264; x_wconf 85' lang='lat' dir='ltr'>legunt,</span> <span class='ocrx_word' id='word_1_229' title='bbox 688 3182 721 3243; x_wconf 91' lang='lat' dir='ltr'>et</span> <span class='ocrx_word' id='word_1_230' title='bbox 746 3191 867 3267; x_wconf 90' lang='lat' dir='ltr'>preces</span> <span class='ocrx_word' id='word_1_231' title='bbox 894 3192 972 3244; x_wconf 92' lang='lat' dir='ltr'>suas</span> <span class='ocrx_word' id='word_1_232' title='bbox 999 3169 1149 3266; x_wconf 89' lang='lat' dir='ltr'>publicas</span> <span class='ocrx_word' id='word_1_233' title='bbox 1185 3180 1220 3241; x_wconf 90' lang='lat' dir='ltr'>et</span> <span class='ocrx_word' id='word_1_234' title='bbox 1243 3174 1392 3266; x_wconf 85' lang='lat' dir='ltr'>privatus</span> <span class='ocrx_word' id='word_1_235' title='bbox 1429 3173 1579 3259; x_wconf 88' lang='lat' dir='ltr'>recitant,</span> 
     </span>
     <span class='ocr_line' id='line_1_26' title="bbox 213 3272 897 3371; baseline -0.006 -24"><span class='ocrx_word' id='word_1_236' title='bbox 213 3275 277 3347; x_wconf 88' lang='lat' dir='ltr'>sed</span> <span class='ocrx_word' id='word_1_237' title='bbox 303 3274 346 3348; x_wconf 91' lang='lat' dir='ltr'>de</span> <span class='ocrx_word' id='word_1_238' title='bbox 373 3298 415 3346; x_wconf 91' lang='lat' dir='ltr'>ea</span> <span class='ocrx_word' id='word_1_239' title='bbox 441 3273 615 3371; x_wconf 88' lang='lat' dir='ltr'>disciplina</span> <span class='ocrx_word' id='word_1_240' title='bbox 642 3274 784 3346; x_wconf 83' lang='lat' dir='ltr'>diximus</span> <span class='ocrx_word' id='word_1_241' title='bbox 811 3272 897 3345; x_wconf 86' lang='lat' dir='ltr'>abbi.</span> 
     </span>
    </p>

    <p class='ocr_par' dir='ltr' id='par_1_5' title="bbox 210 3374 1902 5231">
     <span class='ocr_line' id='line_1_27' title="bbox 318 3374 1900 3473; baseline 0.003 -24"><span class='ocrx_word' id='word_1_242' title='bbox 318 3378 473 3450; x_wconf 90' lang='lat' dir='ltr'><strong>XXXVI.</strong></span> <span class='ocrx_word' id='word_1_243' title='bbox 527 3381 650 3451; x_wconf 89' lang='lat' dir='ltr'>Omnes</span> <span class='ocrx_word' id='word_1_244' title='bbox 678 3378 845 3470; x_wconf 86' lang='lat' dir='ltr'>Liturgias</span> <span class='ocrx_word' id='word_1_245' title='bbox 872 3397 954 3472; x_wconf 82' lang='lat' dir='ltr'>quas</span> <span class='ocrx_word' id='word_1_246' title='bbox 981 3374 1118 3448; x_wconf 87' lang='lat' dir='ltr'>Missale</span> <span class='ocrx_word' id='word_1_247' title='bbox 1146 3375 1359 3449; x_wconf 87' lang='lat' dir='ltr'>Chaldaicum</span> <span class='ocrx_word' id='word_1_248' title='bbox 1372 3398 1580 3473; x_wconf 90' lang='lat' dir='ltr'>repraesen·</span> <span class='ocrx_word' id='word_1_249' title='bbox 1614 3403 1828 3473; x_wconf 53' lang='lat' dir='ltr'>ruerunt.</span> <span class='ocrx_word' id='word_1_250' title='bbox 1842 3405 1900 3457; x_wconf 64' lang='lat' dir='ltr'>eo.</span> 
     </span>
     <span class='ocr_line' id='line_1_28' title="bbox 212 3479 1580 3576; baseline -0.001 -24"><span class='ocrx_word' id='word_1_251' title='bbox 212 3490 279 3569; x_wconf 88' lang='lat' dir='ltr'>tat,</span> <span class='ocrx_word' id='word_1_252' title='bbox 306 3479 391 3553; x_wconf 87' lang='lat' dir='ltr'>haec</span> <span class='ocrx_word' id='word_1_253' title='bbox 419 3479 581 3554; x_wconf 87' lang='lat' dir='ltr'>Collectio</span> <span class='ocrx_word' id='word_1_254' title='bbox 609 3481 857 3576; x_wconf 89' lang='lat' dir='ltr'>complectitur,</span> <span class='ocrx_word' id='word_1_255' title='bbox 883 3490 1017 3575; x_wconf 88' lang='lat' dir='ltr'>praeter</span> <span class='ocrx_word' id='word_1_256' title='bbox 1043 3503 1141 3552; x_wconf 85' lang='lat' dir='ltr'>unum</span> <span class='ocrx_word' id='word_1_257' title='bbox 1168 3503 1254 3574; x_wconf 83' lang='lat' dir='ltr'>quae</span> <span class='ocrx_word' id='word_1_258' title='bbox 1280 3481 1400 3551; x_wconf 81' lang='lat' dir='ltr'>loanni</span> <span class='ocrx_word' id='word_1_259' title='bbox 1426 3482 1580 3552; x_wconf 78' lang='lat' dir='ltr'>Patrius-</span> 
     </span>
     <span class='ocr_line' id='line_1_29' title="bbox 213 3582 1581 3675; baseline -0.001 -19"><span class='ocrx_word' id='word_1_260' title='bbox 213 3585 300 3656; x_wconf 87' lang='lat' dir='ltr'>cbae</span> <span class='ocrx_word' id='word_1_261' title='bbox 326 3595 548 3675; x_wconf 82' lang='lat' dir='ltr'>cognomento</span> <span class='ocrx_word' id='word_1_262' title='bbox 576 3585 840 3672; x_wconf 79' lang='lat' dir='ltr'>Borseooebnn,</span> <span class='ocrx_word' id='word_1_263' title='bbox 868 3592 942 3672; x_wconf 85' lang='lat' dir='ltr'>out,</span> <span class='ocrx_word' id='word_1_264' title='bbox 969 3593 1005 3655; x_wconf 90' lang='lat' dir='ltr'>ut</span> <span class='ocrx_word' id='word_1_265' title='bbox 1031 3582 1085 3655; x_wconf 85' lang='lat' dir='ltr'>ulii</span> <span class='ocrx_word' id='word_1_266' title='bbox 1111 3584 1269 3674; x_wconf 89' lang='lat' dir='ltr'>scribunt,</span> <span class='ocrx_word' id='word_1_267' title='bbox 1296 3584 1487 3671; x_wconf 75' lang='lat' dir='ltr'>Berenicen,</span> <span class='ocrx_word' id='word_1_268' title='bbox 1516 3588 1581 3655; x_wconf 81' lang='lat' dir='ltr'>tri-</span> 
     </span>
     <span class='ocr_line' id='line_1_30' title="bbox 210 3686 1580 3782; baseline -0.001 -23"><span class='ocrx_word' id='word_1_269' title='bbox 210 3688 332 3759; x_wconf 88' lang='lat' dir='ltr'>buitur.</span> <span class='ocrx_word' id='word_1_270' title='bbox 385 3687 477 3759; x_wconf 88' lang='lat' dir='ltr'>lllam</span> <span class='ocrx_word' id='word_1_271' title='bbox 503 3692 655 3761; x_wconf 90' lang='lat' dir='ltr'>omittere</span> <span class='ocrx_word' id='word_1_272' title='bbox 689 3692 798 3760; x_wconf 88' lang='lat' dir='ltr'>visum</span> <span class='ocrx_word' id='word_1_273' title='bbox 825 3686 904 3776; x_wconf 81' lang='lat' dir='ltr'>linit,</span> <span class='ocrx_word' id='word_1_274' title='bbox 931 3686 1019 3782; x_wconf 86' lang='lat' dir='ltr'>quod</span> <span class='ocrx_word' id='word_1_275' title='bbox 1045 3690 1078 3758; x_wconf 92' lang='lat' dir='ltr'>in</span> <span class='ocrx_word' id='word_1_276' title='bbox 1104 3686 1213 3758; x_wconf 90' lang='lat' dir='ltr'>multis</span> <span class='ocrx_word' id='word_1_277' title='bbox 1239 3690 1447 3782; x_wconf 83' lang='lat' dir='ltr'>optimaeque</span> <span class='ocrx_word' id='word_1_278' title='bbox 1479 3697 1580 3761; x_wconf 90' lang='lat' dir='ltr'>notae</span> 
     </span>
     <span class='ocr_line' id='line_1_31' title="bbox 214 3790 1580 3888; baseline 0.001 -26"><span class='ocrx_word' id='word_1_279' title='bbox 214 3790 396 3863; x_wconf 70' lang='lat' dir='ltr'>(lodicibus</span> <span class='ocrx_word' id='word_1_280' title='bbox 422 3813 489 3864; x_wconf 92' lang='lat' dir='ltr'>non</span> <span class='ocrx_word' id='word_1_281' title='bbox 516 3797 696 3888; x_wconf 86' lang='lat' dir='ltr'>reperitur:</span> <span class='ocrx_word' id='word_1_282' title='bbox 723 3815 769 3863; x_wconf 82' lang='lat' dir='ltr'>ex</span> <span class='ocrx_word' id='word_1_283' title='bbox 795 3790 939 3862; x_wconf 88' lang='lat' dir='ltr'>editione</span> <span class='ocrx_word' id='word_1_284' title='bbox 965 3814 1050 3863; x_wconf 88' lang='lat' dir='ltr'>vero</span> <span class='ocrx_word' id='word_1_285' title='bbox 1077 3790 1247 3879; x_wconf 88' lang='lat' dir='ltr'>Romana,</span> <span class='ocrx_word' id='word_1_286' title='bbox 1273 3795 1306 3862; x_wconf 93' lang='lat' dir='ltr'>in</span> <span class='ocrx_word' id='word_1_287' title='bbox 1334 3813 1398 3884; x_wconf 83' lang='lat' dir='ltr'>qua</span> <span class='ocrx_word' id='word_1_288' title='bbox 1424 3796 1580 3888; x_wconf 87' lang='lat' dir='ltr'>interpo-</span> 
     </span>
     <span class='ocr_line' id='line_1_32' title="bbox 212 3893 1579 3990; baseline 0 -24"><span class='ocrx_word' id='word_1_289' title='bbox 212 3895 282 3967; x_wconf 86' lang='lat' dir='ltr'>lata</span> <span class='ocrx_word' id='word_1_290' title='bbox 318 3904 390 3984; x_wconf 88' lang='lat' dir='ltr'>est,</span> <span class='ocrx_word' id='word_1_291' title='bbox 430 3897 503 3986; x_wconf 91' lang='lat' dir='ltr'>ejus</span> <span class='ocrx_word' id='word_1_292' title='bbox 534 3900 725 3968; x_wconf 85' lang='lat' dir='ltr'>versionem</span> <span class='ocrx_word' id='word_1_293' title='bbox 758 3894 857 3984; x_wconf 87' lang='lat' dir='ltr'>dare,</span> <span class='ocrx_word' id='word_1_294' title='bbox 889 3893 1001 3966; x_wconf 90' lang='lat' dir='ltr'>inutile</span> <span class='ocrx_word' id='word_1_295' title='bbox 1033 3916 1172 3990; x_wconf 90' lang='lat' dir='ltr'>prorsus</span> <span class='ocrx_word' id='word_1_296' title='bbox 1206 3902 1287 3966; x_wconf 88' lang='lat' dir='ltr'>erat.</span> <span class='ocrx_word' id='word_1_297' title='bbox 1339 3894 1430 3969; x_wconf 89' lang='lat' dir='ltr'>Illius</span> <span class='ocrx_word' id='word_1_298' title='bbox 1469 3905 1579 3967; x_wconf 84' lang='lat' dir='ltr'>tamen</span> 
     </span>
     <span class='ocr_line' id='line_1_33' title="bbox 214 3996 1902 4094; baseline -0.001 -24"><span class='ocrx_word' id='word_1_299' title='bbox 214 4000 311 4094; x_wconf 83' lang='lat' dir='ltr'>quusi</span> <span class='ocrx_word' id='word_1_300' title='bbox 337 4001 422 4069; x_wconf 91' lang='lat' dir='ltr'>inter</span> <span class='ocrx_word' id='word_1_301' title='bbox 455 3998 627 4072; x_wconf 85' lang='lat' dir='ltr'>lacobitas</span> <span class='ocrx_word' id='word_1_302' title='bbox 665 4008 766 4071; x_wconf 90' lang='lat' dir='ltr'>notae</span> <span class='ocrx_word' id='word_1_303' title='bbox 808 4000 1026 4069; x_wconf 87' lang='lat' dir='ltr'>meminerunt</span> <span class='ocrx_word' id='word_1_304' title='bbox 1060 3996 1197 4069; x_wconf 87' lang='lat' dir='ltr'>Gabriel</span> <span class='ocrx_word' id='word_1_305' title='bbox 1230 3997 1376 4085; x_wconf 87' lang='lat' dir='ltr'>Sionita,</span> <span class='ocrx_word' id='word_1_306' title='bbox 1409 3997 1578 4071; x_wconf 84' lang='lat' dir='ltr'>Abraham</span> <span class='ocrx_word' id='word_1_307' title='bbox 1642 4008 1690 4077; x_wconf 68' lang='lat' dir='ltr'>Ee·</span> <span class='ocrx_word' id='word_1_308' title='bbox 1715 4009 1752 4059; x_wconf 75' lang='lat' dir='ltr'>ad</span> <span class='ocrx_word' id='word_1_309' title='bbox 1774 4008 1902 4060; x_wconf 61' lang='lat' dir='ltr'>nutem</span> 
     </span>
     <span class='ocr_line' id='line_1_34' title="bbox 212 4076 1901 4216; baseline 0.001 -45"><span class='ocrx_word' id='word_1_310' title='bbox 212 4100 443 4191; x_wconf 87' lang='lat' dir='ltr'>Echellensis,</span> <span class='ocrx_word' id='word_1_311' title='bbox 470 4111 504 4172; x_wconf 91' lang='lat' dir='ltr'>et</span> <span class='ocrx_word' id='word_1_312' title='bbox 529 4102 672 4175; x_wconf 88' lang='lat' dir='ltr'>Faustus</span> <span class='ocrx_word' id='word_1_313' title='bbox 698 4102 873 4173; x_wconf 89' lang='lat' dir='ltr'>Naironus.</span> <span class='ocrx_word' id='word_1_314' title='bbox 926 4100 1052 4173; x_wconf 90' lang='lat' dir='ltr'>Verum</span> <span class='ocrx_word' id='word_1_315' title='bbox 1077 4123 1145 4173; x_wconf 94' lang='lat' dir='ltr'>non</span> <span class='ocrx_word' id='word_1_316' title='bbox 1170 4103 1251 4171; x_wconf 87' lang='lat' dir='ltr'>tanti</span> <span class='ocrx_word' id='word_1_317' title='bbox 1278 4112 1351 4172; x_wconf 90' lang='lat' dir='ltr'>sunt</span> <span class='ocrx_word' id='word_1_318' title='bbox 1367 4100 1482 4174; x_wconf 92' lang='lat' dir='ltr'>hooin</span> <span class='ocrx_word' id='word_1_319' title='bbox 1509 4124 1578 4193; x_wconf 83' lang='lat' dir='ltr'>ge·</span> <span class='ocrx_word' id='word_1_320' title='bbox 1590 4076 1718 4216; x_wconf 41' lang='lat' dir='ltr'>ssssfjpffss·</span> <span class='ocrx_word' id='word_1_321' title='bbox 1731 4077 1816 4198; x_wconf 40' lang='grc' dir='ltr'>’ἔξω</span> <span class='ocrx_word' id='word_1_322' title='bbox 1839 4078 1901 4129; x_wconf 57' lang='lat'>&#39;⁶⁸¹‘</span> 
     </span>
     <span class='ocr_line' id='line_1_35' title="bbox 213 4203 1578 4298; baseline 0 -22"><span class='ocrx_word' id='word_1_323' title='bbox 213 4226 298 4277; x_wconf 92' lang='lat' dir='ltr'>nere</span> <span class='ocrx_word' id='word_1_324' title='bbox 333 4203 461 4276; x_wconf 89' lang='lat' dir='ltr'>illorum</span> <span class='ocrx_word' id='word_1_325' title='bbox 497 4209 702 4294; x_wconf 86' lang='lat' dir='ltr'>testimonia,</span> <span class='ocrx_word' id='word_1_326' title='bbox 737 4214 773 4276; x_wconf 91' lang='lat' dir='ltr'>ut</span> <span class='ocrx_word' id='word_1_327' title='bbox 799 4226 873 4276; x_wconf 92' lang='lat' dir='ltr'>cum</span> <span class='ocrx_word' id='word_1_328' title='bbox 900 4203 965 4276; x_wconf 84' lang='lat' dir='ltr'>ulia</span> <span class='ocrx_word' id='word_1_329' title='bbox 994 4203 1163 4293; x_wconf 87' lang='lat' dir='ltr'>deficiunt,</span> <span class='ocrx_word' id='word_1_330' title='bbox 1198 4203 1349 4275; x_wconf 85' lang='lat' dir='ltr'>standum</span> <span class='ocrx_word' id='word_1_331' title='bbox 1383 4204 1446 4276; x_wconf 90' lang='lat' dir='ltr'>illis</span> <span class='ocrx_word' id='word_1_332' title='bbox 1480 4209 1578 4298; x_wconf 84' lang='lat' dir='ltr'>quis-</span> 
     </span>
     <span class='ocr_line' id='line_1_36' title="bbox 214 4305 1581 4404; baseline -0.001 -24"><span class='ocrx_word' id='word_1_333' title='bbox 214 4331 314 4404; x_wconf 79' lang='lat' dir='ltr'>quam</span> <span class='ocrx_word' id='word_1_334' title='bbox 342 4311 518 4380; x_wconf 83' lang='lat' dir='ltr'>existimet.</span> <span class='ocrx_word' id='word_1_335' title='bbox 571 4306 756 4381; x_wconf 87' lang='lat' dir='ltr'>lncobitam</span> <span class='ocrx_word' id='word_1_336' title='bbox 782 4306 871 4378; x_wconf 92' lang='lat' dir='ltr'>illum</span> <span class='ocrx_word' id='word_1_337' title='bbox 897 4306 1182 4379; x_wconf 87' lang='lat' dir='ltr'>luisseNaironus</span> <span class='ocrx_word' id='word_1_338' title='bbox 1199 4305 1320 4402; x_wconf 91' lang='lat' dir='ltr'>probat</span> <span class='ocrx_word' id='word_1_339' title='bbox 1341 4331 1387 4379; x_wconf 80' lang='lat' dir='ltr'>ex</span> <span class='ocrx_word' id='word_1_340' title='bbox 1402 4306 1581 4380; x_wconf 86' lang='lat' dir='ltr'>Catechesi</span> 
     </span>
     <span class='ocr_line' id='line_1_37' title="bbox 215 4409 1580 4507; baseline 0 -25"><span class='ocrx_word' id='word_1_341' title='bbox 215 4411 358 4506; x_wconf 80' lang='lat' dir='ltr'>quedam</span> <span class='ocrx_word' id='word_1_342' title='bbox 385 4410 630 4501; x_wconf 87' lang='lat' dir='ltr'>Jaoohitarnm,</span> <span class='ocrx_word' id='word_1_343' title='bbox 657 4435 754 4507; x_wconf 91' lang='lat' dir='ltr'>quem</span> <span class='ocrx_word' id='word_1_344' title='bbox 780 4409 897 4482; x_wconf 88' lang='lat' dir='ltr'>librum</span> <span class='ocrx_word' id='word_1_345' title='bbox 930 4410 1018 4481; x_wconf 91' lang='lat' dir='ltr'>nulla</span> <span class='ocrx_word' id='word_1_346' title='bbox 1050 4420 1185 4505; x_wconf 89' lang='lat' dir='ltr'>praeter</span> <span class='ocrx_word' id='word_1_347' title='bbox 1218 4433 1315 4504; x_wconf 65' lang='lat' dir='ltr'>mam</span> <span class='ocrx_word' id='word_1_348' title='bbox 1341 4411 1580 4483; x_wconf 83' lang='lat' dir='ltr'>Maronitarum</span> 
     </span>
     <span class='ocr_line' id='line_1_38' title="bbox 214 4512 1580 4611; baseline -0.001 -24"><span class='ocrx_word' id='word_1_349' title='bbox 214 4513 421 4587; x_wconf 87' lang='lat' dir='ltr'>Bibliotheca</span> <span class='ocrx_word' id='word_1_350' title='bbox 447 4524 696 4611; x_wconf 84' lang='lat' dir='ltr'>repraesentat,</span> <span class='ocrx_word' id='word_1_351' title='bbox 730 4524 764 4586; x_wconf 91' lang='lat' dir='ltr'>et</span> <span class='ocrx_word' id='word_1_352' title='bbox 788 4515 882 4605; x_wconf 90' lang='lat' dir='ltr'>cujus</span> <span class='ocrx_word' id='word_1_353' title='bbox 914 4512 997 4585; x_wconf 84' lang='lat' dir='ltr'>fides</span> <span class='ocrx_word' id='word_1_354' title='bbox 1032 4513 1133 4585; x_wconf 86' lang='lat' dir='ltr'>valde</span> <span class='ocrx_word' id='word_1_355' title='bbox 1165 4522 1321 4609; x_wconf 90' lang='lat' dir='ltr'>suspecta</span> <span class='ocrx_word' id='word_1_356' title='bbox 1355 4523 1416 4588; x_wconf 91' lang='lat' dir='ltr'>est.</span> <span class='ocrx_word' id='word_1_357' title='bbox 1467 4515 1505 4586; x_wconf 90' lang='lat' dir='ltr'>In</span> <span class='ocrx_word' id='word_1_358' title='bbox 1538 4536 1580 4586; x_wconf 89' lang='lat' dir='ltr'>en</span> 
     </span>
     <span class='ocr_line' id='line_1_39' title="bbox 215 4614 1579 4710; baseline -0.001 -20"><span class='ocrx_word' id='word_1_359' title='bbox 215 4618 338 4710; x_wconf 81' lang='lat' dir='ltr'>legitur</span> <span class='ocrx_word' id='word_1_360' title='bbox 362 4617 526 4690; x_wconf 81' lang='lat' dir='ltr'>loannem</span> <span class='ocrx_word' id='word_1_361' title='bbox 551 4618 638 4689; x_wconf 91' lang='lat' dir='ltr'>illum</span> <span class='ocrx_word' id='word_1_362' title='bbox 671 4618 775 4695; x_wconf 86' lang='lat' dir='ltr'>luisse</span> <span class='ocrx_word' id='word_1_363' title='bbox 807 4614 1049 4689; x_wconf 79' lang='lat' dir='ltr'>Antiochenam</span> <span class='ocrx_word' id='word_1_364' title='bbox 1082 4640 1165 4690; x_wconf 87' lang='lat' dir='ltr'>suae</span> <span class='ocrx_word' id='word_1_365' title='bbox 1198 4627 1312 4689; x_wconf 88' lang='lat' dir='ltr'>sectae</span> <span class='ocrx_word' id='word_1_366' title='bbox 1347 4616 1579 4705; x_wconf 86' lang='lat' dir='ltr'>Patrinrchum,</span> 
     </span>
     <span class='ocr_line' id='line_1_40' title="bbox 215 4720 1580 4816; baseline -0.001 -22"><span class='ocrx_word' id='word_1_367' title='bbox 215 4723 311 4812; x_wconf 82' lang='lat' dir='ltr'>cujus</span> <span class='ocrx_word' id='word_1_368' title='bbox 339 4730 506 4816; x_wconf 88' lang='lat' dir='ltr'>tempore,</span> <span class='ocrx_word' id='word_1_369' title='bbox 539 4721 719 4795; x_wconf 82' lang='lat' dir='ltr'>concordie</span> <span class='ocrx_word' id='word_1_370' title='bbox 752 4743 837 4816; x_wconf 84' lang='lat' dir='ltr'>quae</span> <span class='ocrx_word' id='word_1_371' title='bbox 869 4720 932 4792; x_wconf 90' lang='lat' dir='ltr'>huc</span> <span class='ocrx_word' id='word_1_372' title='bbox 967 4743 1073 4816; x_wconf 81' lang='lat' dir='ltr'>usque</span> <span class='ocrx_word' id='word_1_373' title='bbox 1099 4724 1185 4791; x_wconf 94' lang='lat' dir='ltr'>inter</span> <span class='ocrx_word' id='word_1_374' title='bbox 1219 4721 1328 4816; x_wconf 67' lang='lat' dir='ltr'>Syros</span> <span class='ocrx_word' id='word_1_375' title='bbox 1362 4731 1396 4792; x_wconf 91' lang='lat' dir='ltr'>et</span> <span class='ocrx_word' id='word_1_376' title='bbox 1430 4720 1580 4816; x_wconf 87' lang='lat' dir='ltr'>Coptitas</span> 
     </span>
     <span class='ocr_line' id='line_1_41' title="bbox 215 4822 1581 4920; baseline 0 -24"><span class='ocrx_word' id='word_1_377' title='bbox 215 4847 339 4917; x_wconf 80' lang='lat' dir='ltr'>magna</span> <span class='ocrx_word' id='word_1_378' title='bbox 365 4823 490 4915; x_wconf 88' lang='lat' dir='ltr'>luerat,</span> <span class='ocrx_word' id='word_1_379' title='bbox 518 4825 647 4899; x_wconf 86' lang='lat' dir='ltr'>turbata</span> <span class='ocrx_word' id='word_1_380' title='bbox 674 4836 744 4914; x_wconf 91' lang='lat' dir='ltr'>est,</span> <span class='ocrx_word' id='word_1_381' title='bbox 770 4846 813 4895; x_wconf 92' lang='lat' dir='ltr'>eo</span> <span class='ocrx_word' id='word_1_382' title='bbox 840 4823 927 4919; x_wconf 87' lang='lat' dir='ltr'>quod</span> <span class='ocrx_word' id='word_1_383' title='bbox 959 4827 1037 4920; x_wconf 88' lang='lat' dir='ltr'>pani</span> <span class='ocrx_word' id='word_1_384' title='bbox 1062 4822 1290 4896; x_wconf 90' lang='lat' dir='ltr'>Eucharistico</span> <span class='ocrx_word' id='word_1_385' title='bbox 1326 4824 1377 4896; x_wconf 88' lang='lat' dir='ltr'>sal</span> <span class='ocrx_word' id='word_1_386' title='bbox 1407 4835 1441 4897; x_wconf 92' lang='lat' dir='ltr'>et</span> <span class='ocrx_word' id='word_1_387' title='bbox 1472 4825 1581 4896; x_wconf 87' lang='lat' dir='ltr'>oleum</span> 
     </span>
     <span class='ocr_line' id='line_1_42' title="bbox 216 4927 1580 5022; baseline -0.001 -21"><span class='ocrx_word' id='word_1_388' title='bbox 216 4929 366 5001; x_wconf 87' lang='lat' dir='ltr'>Jonunes</span> <span class='ocrx_word' id='word_1_389' title='bbox 392 4930 524 5002; x_wconf 89' lang='lat' dir='ltr'>misceri</span> <span class='ocrx_word' id='word_1_390' title='bbox 550 4932 744 5018; x_wconf 81' lang='lat' dir='ltr'>instituerit,</span> <span class='ocrx_word' id='word_1_391' title='bbox 771 4949 911 5022; x_wconf 87' lang='lat' dir='ltr'>eamque</span> <span class='ocrx_word' id='word_1_392' title='bbox 945 4927 1215 5001; x_wconf 88' lang='lat' dir='ltr'>consuetudinem</span> <span class='ocrx_word' id='word_1_393' title='bbox 1250 4928 1373 5022; x_wconf 89' lang='lat' dir='ltr'>scripto</span> <span class='ocrx_word' id='word_1_394' title='bbox 1410 4927 1580 5022; x_wconf 85' lang='lat' dir='ltr'>apologe-</span> 
     </span>
     <span class='ocr_line' id='line_1_43' title="bbox 216 5029 1595 5106; baseline 0 -3"><span class='ocrx_word' id='word_1_395' title='bbox 216 5034 285 5104; x_wconf 86' lang='lat' dir='ltr'>tico</span> <span class='ocrx_word' id='word_1_396' title='bbox 313 5031 458 5105; x_wconf 83' lang='lat' dir='ltr'>stabilire</span> <span class='ocrx_word' id='word_1_397' title='bbox 484 5044 623 5106; x_wconf 88' lang='lat' dir='ltr'>conatus</span> <span class='ocrx_word' id='word_1_398' title='bbox 649 5032 755 5103; x_wconf 86' lang='lat' dir='ltr'>fuerit.</span> <span class='ocrx_word' id='word_1_399' title='bbox 808 5030 923 5103; x_wconf 88' lang='lat' dir='ltr'>Verba</span> <span class='ocrx_word' id='word_1_400' title='bbox 949 5033 1074 5103; x_wconf 89' lang='lat' dir='ltr'>autoris</span> <span class='ocrx_word' id='word_1_401' title='bbox 1097 5054 1143 5102; x_wconf 83' lang='lat' dir='ltr'>ex</span> <span class='ocrx_word' id='word_1_402' title='bbox 1159 5033 1316 5102; x_wconf 87' lang='lat' dir='ltr'>versione</span> <span class='ocrx_word' id='word_1_403' title='bbox 1334 5029 1472 5104; x_wconf 89' lang='lat' dir='ltr'>Naironi</span> <span class='ocrx_word' id='word_1_404' title='bbox 1497 5030 1595 5104; x_wconf 87' lang='lat' dir='ltr'>boec&#39;</span> 
     </span>
     <span class='ocr_line' id='line_1_44' title="bbox 217 5134 1581 5231; baseline -0.003 -20"><span class='ocrx_word' id='word_1_405' title='bbox 217 5145 304 5211; x_wconf 86' lang='lat' dir='ltr'>sunt.</span> <span class='ocrx_word' id='word_1_406' title='bbox 357 5136 404 5207; x_wconf 87' lang='grc' dir='ltr'>Ει</span> <span class='ocrx_word' id='word_1_407' title='bbox 426 5142 526 5231; x_wconf 74' lang='lat' dir='ltr'>suctu</span> <span class='ocrx_word' id='word_1_408' title='bbox 553 5143 604 5209; x_wconf 80' lang='lat' dir='ltr'>ert</span> <span class='ocrx_word' id='word_1_409' title='bbox 630 5139 757 5209; x_wconf 78' lang='lat' dir='ltr'>umoris</span> <span class='ocrx_word' id='word_1_410' title='bbox 782 5138 935 5208; x_wconf 78' lang='lat' dir='ltr'>accensio</span> <span class='ocrx_word' id='word_1_411' title='bbox 962 5139 1053 5207; x_wconf 84' lang='lat' dir='ltr'>inter</span> <span class='ocrx_word' id='word_1_412' title='bbox 1080 5135 1235 5229; x_wconf 78' lang='lat' dir='ltr'>Copidas</span> <span class='ocrx_word' id='word_1_413' title='bbox 1261 5140 1295 5205; x_wconf 89' lang='lat' dir='ltr'>et</span> <span class='ocrx_word' id='word_1_414' title='bbox 1319 5134 1437 5228; x_wconf 72' lang='lat' dir='ltr'>Syrou,</span> <span class='ocrx_word' id='word_1_415' title='bbox 1463 5158 1581 5231; x_wconf 85' lang='lat' dir='ltr'>nempe</span> 
     </span>
    </p>
   </div>
   <div class='ocr_carea' id='block_1_3' title="bbox 1594 3540 1901 3681">
    <p class='ocr_par' dir='ltr' id='par_1_6' title="bbox 1594 3540 1901 3681">
     <span class='ocr_line' id='line_1_45' title="bbox 1632 3540 1901 3612; baseline 0.004 -18"><span class='ocrx_word' id='word_1_416' title='bbox 1632 3542 1671 3594; x_wconf 85' lang='lat' dir='ltr'>De</span> <span class='ocrx_word' id='word_1_417' title='bbox 1688 3540 1803 3612; x_wconf 76' lang='lat' dir='ltr'>biturgia</span> <span class='ocrx_word' id='word_1_418' title='bbox 1819 3541 1901 3595; x_wconf 80' lang='lat' dir='ltr'>loun·</span> 
     </span>
     <span class='ocr_line' id='line_1_46' title="bbox 1594 3627 1835 3681; baseline 0.008 -2"><span class='ocrx_word' id='word_1_419' title='bbox 1594 3629 1634 3680; x_wconf 81' lang='lat' dir='ltr'>nis</span> <span class='ocrx_word' id='word_1_420' title='bbox 1651 3627 1788 3681; x_wconf 75' lang='lat' dir='ltr'>Barnusan.</span> <span class='ocrx_word' id='word_1_421' title='bbox 1829 3644 1835 3659; x_wconf 87' lang='lat'><strong>·</strong></span> 
     </span>
    </p>
   </div>
   <div class='ocr_carea' id='block_1_4' title="bbox 1627 3766 1820 3819">
    <p class='ocr_par' dir='ltr' id='par_1_7' title="bbox 1627 3766 1820 3819">
     <span class='ocr_line' id='line_1_47' title="bbox 1627 3766 1820 3819; baseline -0.005 -2"><span class='ocrx_word' id='word_1_422' title='bbox 1627 3766 1657 3817; x_wconf 86' lang='lat' dir='ltr'>P.</span> <span class='ocrx_word' id='word_1_423' title='bbox 1673 3768 1733 3817; x_wconf 69' lang='lat'>15⁴.</span> <span class='ocrx_word' id='word_1_424' title='bbox 1752 3776 1782 3819; x_wconf 82' lang='lat' dir='ltr'>et.</span> <span class='ocrx_word' id='word_1_425' title='bbox 1800 3785 1820 3818; x_wconf 77' lang='lat' dir='ltr'>r.</span> 
     </span>
    </p>
   </div>
   <div class='ocr_carea' id='block_1_5' title="bbox 0 0 2269 6034">
    <p class='ocr_par' dir='ltr' id='par_1_8' title="bbox 0 0 2269 6034">
     <span class='ocr_line' id='line_1_48' title="bbox 0 0 2269 6034; baseline 0 0"><span class='ocrx_word' id='word_1_426' title='bbox 0 0 2269 6034; x_wconf 95' lang='lat' dir='ltr'> </span> 
     </span>
    </p>
   </div>
  </div>
 </body>
</html>
