<?xml version="1.0" encoding="UTF-8"?>
<!DOCTYPE html PUBLIC "-//W3C//DTD XHTML 1.0 Transitional//EN"
    "http://www.w3.org/TR/xhtml1/DTD/xhtml1-transitional.dtd">
<html xmlns="http://www.w3.org/1999/xhtml" xml:lang="en" lang="en">
 <head>
  <title>
</title>
<meta http-equiv="Content-Type" content="text/html;charset=utf-8" />
  <meta name='ocr-system' content='tesseract 3.04.00' />
  <meta name='ocr-capabilities' content='ocr_page ocr_carea ocr_par ocr_line ocrx_word'/>
</head>
<body>
  <div class='ocr_page' id='page_1' title='image "./liturgiarumorie00unkngoog/liturgiarumorie00unkngoog_1321.png"; bbox 0 0 4525 6034; ppageno 0'>
   <div class='ocr_carea' id='block_1_1' title="bbox 387 616 1613 711">
    <p class='ocr_par' dir='ltr' id='par_1_1' title="bbox 387 616 1613 711">
     <span class='ocr_line' id='line_1_1' title="bbox 387 616 1613 711; baseline -0.002 -18"><span class='ocrx_word' id='word_1_1' title='bbox 387 616 830 711; x_wconf 29' lang='lat' dir='ltr'><strong>,THEODORI</strong></span> <span class='ocrx_word' id='word_1_2' title='bbox 881 619 1392 704; x_wconf 68' lang='lat' dir='ltr'><strong>tununnensis.</strong></span> <span class='ocrx_word' id='word_1_3' title='bbox 1537 618 1613 692; x_wconf 83' lang='lat'><strong>615</strong></span> 
     </span>
    </p>
   </div>
   <div class='ocr_carea' id='block_1_2' title="bbox 237 803 1616 3579">
    <p class='ocr_par' dir='ltr' id='par_1_2' title="bbox 237 803 1614 1254">
     <span class='ocr_line' id='line_1_2' title="bbox 237 803 1614 903; baseline 0.002 -25"><span class='ocrx_word' id='word_1_4' title='bbox 237 816 327 878; x_wconf 90' lang='lat' dir='ltr'><strong>tuam</strong></span> <span class='ocrx_word' id='word_1_5' title='bbox 352 805 509 895; x_wconf 90' lang='lat' dir='ltr'><strong>Domine,</strong></span> <span class='ocrx_word' id='word_1_6' title='bbox 536 809 668 877; x_wconf 91' lang='lat' dir='ltr'><strong>veniam</strong></span> <span class='ocrx_word' id='word_1_7' title='bbox 694 803 759 877; x_wconf 89' lang='lat' dir='ltr'><strong>illis</strong></span> <span class='ocrx_word' id='word_1_8' title='bbox 787 806 966 896; x_wconf 74' lang='lat' dir='ltr'><strong>concedas,</strong></span> <span class='ocrx_word' id='word_1_9' title='bbox 994 810 1138 881; x_wconf 93' lang='lat' dir='ltr'><strong>omnium</strong></span> <span class='ocrx_word' id='word_1_10' title='bbox 1164 815 1379 903; x_wconf 88' lang='lat' dir='ltr'><strong>peccatorum</strong></span> <span class='ocrx_word' id='word_1_11' title='bbox 1407 816 1441 879; x_wconf 88' lang='lat' dir='ltr'><strong>et</strong></span> <span class='ocrx_word' id='word_1_12' title='bbox 1467 805 1614 880; x_wconf 92' lang='lat' dir='ltr'><strong>delicto-</strong></span> 
     </span>
     <span class='ocr_line' id='line_1_3' title="bbox 237 902 1614 1020; baseline 0 -25"><span class='ocrx_word' id='word_1_13' title='bbox 237 946 312 995; x_wconf 86' lang='lat' dir='ltr'><strong>rum</strong></span> <span class='ocrx_word' id='word_1_14' title='bbox 339 926 484 1018; x_wconf 88' lang='lat' dir='ltr'><strong>quaein</strong></span> <span class='ocrx_word' id='word_1_15' title='bbox 511 921 575 996; x_wconf 93' lang='lat' dir='ltr'><strong>hoc</strong></span> <span class='ocrx_word' id='word_1_16' title='bbox 601 922 734 1008; x_wconf 89' lang='lat' dir='ltr'><strong>mundo,</strong></span> <span class='ocrx_word' id='word_1_17' title='bbox 762 925 795 994; x_wconf 91' lang='lat' dir='ltr'><strong>in</strong></span> <span class='ocrx_word' id='word_1_18' title='bbox 812 902 966 1020; x_wconf 72' lang='lat' dir='ltr'><strong>&#39;corpore</strong></span> <span class='ocrx_word' id='word_1_19' title='bbox 992 922 1135 1013; x_wconf 80' lang='lat' dir='ltr'><strong>mortali,</strong></span> <span class='ocrx_word' id='word_1_20' title='bbox 1163 932 1197 994; x_wconf 90' lang='lat' dir='ltr'><strong>et</strong></span> <span class='ocrx_word' id='word_1_21' title='bbox 1223 927 1331 995; x_wconf 89' lang='lat' dir='ltr'><strong>anima</strong></span> <span class='ocrx_word' id='word_1_22' title='bbox 1350 927 1520 996; x_wconf 89' lang='lat' dir='ltr'><strong>mutationi</strong></span> <span class='ocrx_word' id='word_1_23' title='bbox 1543 922 1614 996; x_wconf 93' lang='lat' dir='ltr'><strong>ob-</strong></span> 
     </span>
     <span class='ocr_line' id='line_1_4' title="bbox 239 1031 1613 1136; baseline 0 -24"><span class='ocrx_word' id='word_1_24' title='bbox 239 1043 343 1112; x_wconf 84' lang='lat' dir='ltr'><strong>noxia</strong></span> <span class='ocrx_word' id='word_1_25' title='bbox 368 1049 596 1136; x_wconf 88' lang='lat' dir='ltr'><strong>peccaverunt</strong></span> <span class='ocrx_word' id='word_1_26' title='bbox 622 1050 677 1111; x_wconf 89' lang='lat' dir='ltr'><strong>aut</strong></span> <span class='ocrx_word' id='word_1_27' title='bbox 704 1038 911 1113; x_wconf 82' lang='lat' dir='ltr'><strong>offenderunt</strong></span> <span class='ocrx_word' id='word_1_28' title='bbox 936 1062 1051 1112; x_wconf 90' lang='lat' dir='ltr'><strong>coram</strong></span> <span class='ocrx_word' id='word_1_29' title='bbox 1077 1049 1128 1128; x_wconf 89' lang='lat' dir='ltr'><strong>te,</strong></span> <span class='ocrx_word' id='word_1_30' title='bbox 1155 1042 1232 1134; x_wconf 90' lang='lat' dir='ltr'><strong>quia</strong></span> <span class='ocrx_word' id='word_1_31' title='bbox 1258 1062 1357 1112; x_wconf 89' lang='lat' dir='ltr'><strong>nemo</strong></span> <span class='ocrx_word' id='word_1_32' title='bbox 1385 1049 1438 1113; x_wconf 88' lang='lat' dir='ltr'><strong>est</strong></span> <span class='ocrx_word' id='word_1_33' title='bbox 1464 1031 1613 1136; x_wconf 86' lang='lat' dir='ltr'><strong>quinon</strong></span> 
     </span>
     <span class='ocr_line' id='line_1_5' title="bbox 240 1168 369 1254; baseline -0.016 -25"><span class='ocrx_word' id='word_1_34' title='bbox 240 1168 369 1254; x_wconf 90' lang='lat' dir='ltr'><strong>peccet.</strong></span> 
     </span>
    </p>

    <p class='ocr_par' dir='ltr' id='par_1_3' title="bbox 240 1265 1616 1486">
     <span class='ocr_line' id='line_1_6' title="bbox 345 1265 1616 1368; baseline 0 -24"><span class='ocrx_word' id='word_1_35' title='bbox 345 1273 394 1344; x_wconf 88' lang='lat' dir='ltr'><strong>Et</strong></span> <span class='ocrx_word' id='word_1_36' title='bbox 416 1276 646 1367; x_wconf 74' lang='lat' dir='ltr'><strong><em>prosequitur.</em></strong></span> <span class='ocrx_word' id='word_1_37' title='bbox 678 1265 693 1306; x_wconf 81' lang='lat'><strong>⁶</strong></span> <span class='ocrx_word' id='word_1_38' title='bbox 719 1271 893 1363; x_wconf 83' lang='lat' dir='ltr'><strong>Rogamus</strong></span> <span class='ocrx_word' id='word_1_39' title='bbox 919 1280 953 1342; x_wconf 89' lang='lat' dir='ltr'><strong>tc</strong></span> <span class='ocrx_word' id='word_1_40' title='bbox 978 1273 1142 1360; x_wconf 89' lang='lat' dir='ltr'><strong>Domine,</strong></span> <span class='ocrx_word' id='word_1_41' title='bbox 1169 1272 1405 1368; x_wconf 77' lang='lat' dir='ltr'>deprecamur,</span> <span class='ocrx_word' id='word_1_42' title='bbox 1439 1285 1473 1345; x_wconf 91' lang='lat' dir='ltr'><strong>et</strong></span> <span class='ocrx_word' id='word_1_43' title='bbox 1505 1273 1616 1347; x_wconf 92' lang='lat' dir='ltr'><strong>ohse-</strong></span> 
     </span>
     <span class='ocr_line' id='line_1_7' title="bbox 240 1387 1614 1486; baseline -0.001 -24"><span class='ocrx_word' id='word_1_44' title='bbox 240 1413 373 1463; x_wconf 82' lang='lat' dir='ltr'><strong>cramus</strong></span> <span class='ocrx_word' id='word_1_45' title='bbox 399 1400 434 1461; x_wconf 88' lang='lat' dir='ltr'><strong>te</strong></span> <span class='ocrx_word' id='word_1_46' title='bbox 460 1400 496 1461; x_wconf 93' lang='lat' dir='ltr'><strong>ut</strong></span> <span class='ocrx_word' id='word_1_47' title='bbox 517 1389 726 1486; x_wconf 81' lang='lat' dir='ltr'><strong>complaceat</strong></span> <span class='ocrx_word' id='word_1_48' title='bbox 749 1387 904 1458; x_wconf 87' lang='lat' dir='ltr'><strong>diuinitas</strong></span> <span class='ocrx_word' id='word_1_49' title='bbox 926 1397 980 1459; x_wconf 91' lang='lat' dir='ltr'><strong>tua</strong></span> <span class='ocrx_word' id='word_1_50' title='bbox 1002 1388 1182 1477; x_wconf 87' lang='lat' dir='ltr'><strong>adoranda,</strong></span> <span class='ocrx_word' id='word_1_51' title='bbox 1203 1412 1266 1485; x_wconf 93' lang='lat' dir='ltr'><strong>per</strong></span> <span class='ocrx_word' id='word_1_52' title='bbox 1288 1387 1496 1463; x_wconf 88' lang='lat' dir='ltr'><strong>clementiam</strong></span> <span class='ocrx_word' id='word_1_53' title='bbox 1514 1399 1614 1462; x_wconf 88' lang='lat' dir='ltr'><strong>tuam.</strong></span> 
     </span>
    </p>

    <p class='ocr_par' dir='ltr' id='par_1_4' title="bbox 344 1504 1154 1580">
     <span class='ocr_line' id='line_1_8' title="bbox 344 1504 1154 1580; baseline -0.002 -3"><span class='ocrx_word' id='word_1_54' title='bbox 344 1507 525 1580; x_wconf 79' lang='lat' dir='ltr'><strong>Diaconos</strong></span> <span class='ocrx_word' id='word_1_55' title='bbox 550 1509 644 1577; x_wconf 84' lang='lat' dir='ltr'><strong>dicit.</strong></span> <span class='ocrx_word' id='word_1_56' title='bbox 699 1505 783 1578; x_wconf 91' lang='lat' dir='ltr'><strong>Cum</strong></span> <span class='ocrx_word' id='word_1_57' title='bbox 810 1504 941 1577; x_wconf 91' lang='lat' dir='ltr'><strong>silentio</strong></span> <span class='ocrx_word' id='word_1_58' title='bbox 968 1516 1002 1577; x_wconf 93' lang='lat' dir='ltr'><strong>et</strong></span> <span class='ocrx_word' id='word_1_59' title='bbox 1026 1509 1154 1577; x_wconf 89' lang='lat' dir='ltr'><strong>timore.</strong></span> 
     </span>
    </p>

    <p class='ocr_par' dir='ltr' id='par_1_5' title="bbox 238 1620 1615 3207">
     <span class='ocr_line' id='line_1_9' title="bbox 344 1620 1614 1719; baseline 0 -25"><span class='ocrx_word' id='word_1_60' title='bbox 344 1623 528 1696; x_wconf 80' lang='lat' dir='ltr'><strong>Sacerdos.</strong></span> <span class='ocrx_word' id='word_1_61' title='bbox 566 1622 611 1695; x_wconf 88' lang='lat' dir='ltr'><strong>Et</strong></span> <span class='ocrx_word' id='word_1_62' title='bbox 635 1626 751 1694; x_wconf 91' lang='lat' dir='ltr'><strong>veniat</strong></span> <span class='ocrx_word' id='word_1_63' title='bbox 777 1644 877 1719; x_wconf 91' lang='lat' dir='ltr'><strong>super</strong></span> <span class='ocrx_word' id='word_1_64' title='bbox 903 1644 966 1693; x_wconf 92' lang='lat' dir='ltr'><strong>nos</strong></span> <span class='ocrx_word' id='word_1_65' title='bbox 985 1632 1019 1693; x_wconf 93' lang='lat' dir='ltr'><strong>et</strong></span> <span class='ocrx_word' id='word_1_66' title='bbox 1042 1644 1144 1719; x_wconf 91' lang='lat' dir='ltr'><strong>super</strong></span> <span class='ocrx_word' id='word_1_67' title='bbox 1166 1620 1369 1694; x_wconf 87' lang='lat' dir='ltr'><strong>oblationem</strong></span> <span class='ocrx_word' id='word_1_68' title='bbox 1388 1622 1485 1713; x_wconf 89' lang='lat' dir='ltr'><strong>banc,</strong></span> <span class='ocrx_word' id='word_1_69' title='bbox 1505 1626 1614 1714; x_wconf 85' lang='lat' dir='ltr'><strong>gratia</strong></span> 
     </span>
     <span class='ocr_line' id='line_1_10' title="bbox 241 1736 1615 1835; baseline 0 -24"><span class='ocrx_word' id='word_1_70' title='bbox 241 1737 384 1835; x_wconf 84' lang='lat' dir='ltr'><strong>Spiritus</strong></span> <span class='ocrx_word' id='word_1_71' title='bbox 417 1743 543 1827; x_wconf 92' lang='lat' dir='ltr'><strong>sancti,</strong></span> <span class='ocrx_word' id='word_1_72' title='bbox 570 1736 760 1833; x_wconf 87' lang='lat' dir='ltr'><strong>habitetque</strong></span> <span class='ocrx_word' id='word_1_73' title='bbox 786 1748 821 1809; x_wconf 89' lang='lat' dir='ltr'><strong>et</strong></span> <span class='ocrx_word' id='word_1_74' title='bbox 846 1736 1000 1810; x_wconf 82' lang='lat' dir='ltr'><strong>illabatur</strong></span> <span class='ocrx_word' id='word_1_75' title='bbox 1033 1760 1134 1834; x_wconf 91' lang='lat' dir='ltr'><strong>super</strong></span> <span class='ocrx_word' id='word_1_76' title='bbox 1168 1760 1289 1833; x_wconf 91' lang='lat' dir='ltr'><strong>panem</strong></span> <span class='ocrx_word' id='word_1_77' title='bbox 1323 1738 1410 1812; x_wconf 86' lang='lat' dir='ltr'><strong>hunc</strong></span> <span class='ocrx_word' id='word_1_78' title='bbox 1443 1750 1478 1811; x_wconf 93' lang='lat' dir='ltr'><strong>et</strong></span> <span class='ocrx_word' id='word_1_79' title='bbox 1513 1761 1615 1835; x_wconf 93' lang='lat' dir='ltr'><strong>super</strong></span> 
     </span>
     <span class='ocr_line' id='line_1_11' title="bbox 240 1852 1614 1950; baseline 0.001 -24"><span class='ocrx_word' id='word_1_80' title='bbox 240 1855 380 1927; x_wconf 87' lang='lat' dir='ltr'><strong>calicem</strong></span> <span class='ocrx_word' id='word_1_81' title='bbox 405 1855 510 1948; x_wconf 80' lang='lat' dir='ltr'><strong>hone,</strong></span> <span class='ocrx_word' id='word_1_82' title='bbox 535 1854 800 1950; x_wconf 73' lang='lat' dir='ltr'><strong>benedicatque,</strong></span> <span class='ocrx_word' id='word_1_83' title='bbox 828 1865 862 1925; x_wconf 91' lang='lat' dir='ltr'><strong>et</strong></span> <span class='ocrx_word' id='word_1_84' title='bbox 887 1852 1091 1943; x_wconf 84' lang='lat' dir='ltr'><strong>sanctificet,</strong></span> <span class='ocrx_word' id='word_1_85' title='bbox 1118 1863 1152 1926; x_wconf 93' lang='lat' dir='ltr'><strong>et</strong></span> <span class='ocrx_word' id='word_1_86' title='bbox 1178 1852 1336 1947; x_wconf 84' lang='lat' dir='ltr'><strong>obsignat</strong></span> <span class='ocrx_word' id='word_1_87' title='bbox 1361 1853 1454 1946; x_wconf 85' lang='lat' dir='ltr'><strong>illos,</strong></span> <span class='ocrx_word' id='word_1_88' title='bbox 1483 1859 1517 1926; x_wconf 91' lang='lat' dir='ltr'><strong>in</strong></span> <span class='ocrx_word' id='word_1_89' title='bbox 1544 1879 1614 1927; x_wconf 93' lang='lat' dir='ltr'><strong>no-</strong></span> 
     </span>
     <span class='ocr_line' id='line_1_12' title="bbox 239 1970 1615 2067; baseline 0.001 -25"><span class='ocrx_word' id='word_1_90' title='bbox 239 1973 329 2042; x_wconf 89' lang='lat' dir='ltr'><strong>mine</strong></span> <span class='ocrx_word' id='word_1_91' title='bbox 354 1972 479 2060; x_wconf 88' lang='lat' dir='ltr'><strong>Patris,</strong></span> <span class='ocrx_word' id='word_1_92' title='bbox 512 1981 546 2043; x_wconf 89' lang='lat' dir='ltr'><strong>et</strong></span> <span class='ocrx_word' id='word_1_93' title='bbox 571 1970 668 2058; x_wconf 85' lang='lat' dir='ltr'><strong>Filii,</strong></span> <span class='ocrx_word' id='word_1_94' title='bbox 696 1980 730 2042; x_wconf 92' lang='lat' dir='ltr'><strong>et</strong></span> <span class='ocrx_word' id='word_1_95' title='bbox 756 1970 899 2067; x_wconf 86' lang='lat' dir='ltr'><strong>Spiritus</strong></span> <span class='ocrx_word' id='word_1_96' title='bbox 926 1973 1046 2043; x_wconf 89' lang='lat' dir='ltr'><strong>sancti:</strong></span> <span class='ocrx_word' id='word_1_97' title='bbox 1081 1970 1202 2065; x_wconf 88' lang='lat' dir='ltr'><strong>fiatque</strong></span> <span class='ocrx_word' id='word_1_98' title='bbox 1228 1972 1347 2066; x_wconf 89' lang='lat' dir='ltr'><strong>panis,</strong></span> <span class='ocrx_word' id='word_1_99' title='bbox 1370 1993 1433 2065; x_wconf 92' lang='lat' dir='ltr'><strong>per</strong></span> <span class='ocrx_word' id='word_1_100' title='bbox 1459 1974 1615 2044; x_wconf 87' lang='lat' dir='ltr'><strong>virtutem</strong></span> 
     </span>
     <span class='ocr_line' id='line_1_13' title="bbox 239 2087 1613 2184; baseline -0.001 -25"><span class='ocrx_word' id='word_1_101' title='bbox 239 2090 382 2159; x_wconf 93' lang='lat' dir='ltr'><strong>nominis</strong></span> <span class='ocrx_word' id='word_1_102' title='bbox 409 2092 466 2176; x_wconf 84' lang='lat' dir='ltr'><strong>tui,</strong></span> <span class='ocrx_word' id='word_1_103' title='bbox 492 2090 601 2184; x_wconf 83' lang='lat' dir='ltr'><strong>panis,</strong></span> <span class='ocrx_word' id='word_1_104' title='bbox 627 2092 771 2182; x_wconf 90' lang='lat' dir='ltr'><strong>inquam,</strong></span> <span class='ocrx_word' id='word_1_105' title='bbox 798 2089 876 2175; x_wconf 87' lang='lat' dir='ltr'><strong>iste,</strong></span> <span class='ocrx_word' id='word_1_106' title='bbox 910 2108 1035 2183; x_wconf 93' lang='lat' dir='ltr'><strong>corpus</strong></span> <span class='ocrx_word' id='word_1_107' title='bbox 1061 2098 1212 2159; x_wconf 92' lang='lat' dir='ltr'><strong>sanctum</strong></span> <span class='ocrx_word' id='word_1_108' title='bbox 1238 2088 1373 2160; x_wconf 90' lang='lat' dir='ltr'><strong>Domini</strong></span> <span class='ocrx_word' id='word_1_109' title='bbox 1399 2091 1505 2160; x_wconf 89' lang='lat' dir='ltr'><strong>nostri</strong></span> <span class='ocrx_word' id='word_1_110' title='bbox 1530 2087 1613 2158; x_wconf 84' lang='lat' dir='ltr'><strong>lesu</strong></span> 
     </span>
     <span class='ocr_line' id='line_1_14' title="bbox 241 2202 1614 2296; baseline -0.003 -20"><span class='ocrx_word' id='word_1_111' title='bbox 241 2202 381 2276; x_wconf 80' lang='lat' dir='ltr'><strong>Christi:</strong></span> <span class='ocrx_word' id='word_1_112' title='bbox 418 2213 452 2276; x_wconf 88' lang='lat' dir='ltr'><strong>et</strong></span> <span class='ocrx_word' id='word_1_113' title='bbox 477 2203 568 2276; x_wconf 82' lang='lat' dir='ltr'><strong>calix</strong></span> <span class='ocrx_word' id='word_1_114' title='bbox 593 2206 677 2293; x_wconf 89' lang='lat' dir='ltr'><strong>istc,</strong></span> <span class='ocrx_word' id='word_1_115' title='bbox 713 2207 849 2295; x_wconf 86' lang='lat' dir='ltr'><strong>sanguis</strong></span> <span class='ocrx_word' id='word_1_116' title='bbox 883 2204 1016 2275; x_wconf 89' lang='lat' dir='ltr'><strong>Domini</strong></span> <span class='ocrx_word' id='word_1_117' title='bbox 1047 2205 1154 2275; x_wconf 90' lang='lat' dir='ltr'><strong>nostri</strong></span> <span class='ocrx_word' id='word_1_118' title='bbox 1180 2203 1263 2276; x_wconf 84' lang='lat' dir='ltr'><strong>Jesu</strong></span> <span class='ocrx_word' id='word_1_119' title='bbox 1290 2203 1430 2277; x_wconf 85' lang='lat' dir='ltr'><strong>Christi:</strong></span> <span class='ocrx_word' id='word_1_120' title='bbox 1464 2212 1499 2274; x_wconf 89' lang='lat' dir='ltr'><strong>ut</strong></span> <span class='ocrx_word' id='word_1_121' title='bbox 1534 2204 1614 2296; x_wconf 83' lang='lat' dir='ltr'><strong>qui-</strong></span> 
     </span>
     <span class='ocr_line' id='line_1_15' title="bbox 240 2309 1615 2416; baseline 0.001 -26"><span class='ocrx_word' id='word_1_122' title='bbox 240 2309 382 2415; x_wconf 85' lang='lat' dir='ltr'><strong>cumque</strong></span> <span class='ocrx_word' id='word_1_123' title='bbox 409 2342 483 2391; x_wconf 92' lang='lat' dir='ltr'><strong>cum</strong></span> <span class='ocrx_word' id='word_1_124' title='bbox 510 2318 575 2391; x_wconf 88' lang='lat' dir='ltr'><strong>fide</strong></span> <span class='ocrx_word' id='word_1_125' title='bbox 601 2342 685 2392; x_wconf 89' lang='lat' dir='ltr'><strong>vera</strong></span> <span class='ocrx_word' id='word_1_126' title='bbox 712 2320 819 2391; x_wconf 88' lang='lat' dir='ltr'><strong>ederit</strong></span> <span class='ocrx_word' id='word_1_127' title='bbox 844 2343 890 2391; x_wconf 84' lang='lat' dir='ltr'><strong>ex</strong></span> <span class='ocrx_word' id='word_1_128' title='bbox 916 2319 980 2392; x_wconf 89' lang='lat' dir='ltr'><strong>hoc</strong></span> <span class='ocrx_word' id='word_1_129' title='bbox 1006 2342 1111 2416; x_wconf 90' lang='lat' dir='ltr'><strong>pane,</strong></span> <span class='ocrx_word' id='word_1_130' title='bbox 1140 2331 1174 2392; x_wconf 90' lang='lat' dir='ltr'><strong>et</strong></span> <span class='ocrx_word' id='word_1_131' title='bbox 1198 2319 1321 2394; x_wconf 91' lang='lat' dir='ltr'><strong>biberit</strong></span> <span class='ocrx_word' id='word_1_132' title='bbox 1347 2342 1393 2391; x_wconf 85' lang='lat' dir='ltr'><strong>ex</strong></span> <span class='ocrx_word' id='word_1_133' title='bbox 1418 2319 1482 2392; x_wconf 93' lang='lat' dir='ltr'><strong>hoc</strong></span> <span class='ocrx_word' id='word_1_134' title='bbox 1508 2319 1615 2391; x_wconf 90' lang='lat' dir='ltr'><strong>calice</strong></span> 
     </span>
     <span class='ocr_line' id='line_1_16' title="bbox 239 2433 1614 2532; baseline -0.001 -26"><span class='ocrx_word' id='word_1_135' title='bbox 239 2433 320 2507; x_wconf 87' lang='lat' dir='ltr'><strong>fiant</strong></span> <span class='ocrx_word' id='word_1_136' title='bbox 345 2436 391 2507; x_wconf 88' lang='lat' dir='ltr'><strong>illi</strong></span> <span class='ocrx_word' id='word_1_137' title='bbox 417 2435 579 2525; x_wconf 88' lang='lat' dir='ltr'><strong>Domine,</strong></span> <span class='ocrx_word' id='word_1_138' title='bbox 615 2436 656 2507; x_wconf 89' lang='lat' dir='ltr'><strong>ad</strong></span> <span class='ocrx_word' id='word_1_139' title='bbox 690 2439 824 2508; x_wconf 89' lang='lat' dir='ltr'><strong>veniam</strong></span> <span class='ocrx_word' id='word_1_140' title='bbox 851 2435 1044 2510; x_wconf 89' lang='lat' dir='ltr'><strong>delictorum</strong></span> <span class='ocrx_word' id='word_1_141' title='bbox 1072 2447 1107 2508; x_wconf 88' lang='lat' dir='ltr'><strong>et</strong></span> <span class='ocrx_word' id='word_1_142' title='bbox 1131 2439 1360 2510; x_wconf 87' lang='lat' dir='ltr'><strong>remissionem</strong></span> <span class='ocrx_word' id='word_1_143' title='bbox 1387 2446 1614 2532; x_wconf 87' lang='lat' dir='ltr'><strong>peccatomm,</strong></span> 
     </span>
     <span class='ocr_line' id='line_1_17' title="bbox 240 2551 1615 2649; baseline -0.001 -27"><span class='ocrx_word' id='word_1_144' title='bbox 240 2551 283 2622; x_wconf 92' lang='lat' dir='ltr'><strong>ad</strong></span> <span class='ocrx_word' id='word_1_145' title='bbox 310 2574 404 2649; x_wconf 88' lang='lat' dir='ltr'><strong>spem</strong></span> <span class='ocrx_word' id='word_1_146' title='bbox 439 2574 596 2645; x_wconf 82' lang='lat' dir='ltr'><strong>magnam</strong></span> <span class='ocrx_word' id='word_1_147' title='bbox 629 2555 887 2625; x_wconf 89' lang='lat' dir='ltr'><strong>resurrectionis</strong></span> <span class='ocrx_word' id='word_1_148' title='bbox 921 2576 940 2623; x_wconf 92' lang='lat' dir='ltr'><strong>a</strong></span> <span class='ocrx_word' id='word_1_149' title='bbox 974 2556 1134 2644; x_wconf 88' lang='lat' dir='ltr'><strong>mortuis,</strong></span> <span class='ocrx_word' id='word_1_150' title='bbox 1168 2551 1212 2625; x_wconf 90' lang='lat' dir='ltr'><strong>ad</strong></span> <span class='ocrx_word' id='word_1_151' title='bbox 1244 2554 1384 2626; x_wconf 88' lang='lat' dir='ltr'><strong>salutem</strong></span> <span class='ocrx_word' id='word_1_152' title='bbox 1415 2556 1546 2625; x_wconf 90' lang='lat' dir='ltr'><strong>animae</strong></span> <span class='ocrx_word' id='word_1_153' title='bbox 1582 2562 1615 2622; x_wconf 93' lang='lat' dir='ltr'><strong>et</strong></span> 
     </span>
     <span class='ocr_line' id='line_1_18' title="bbox 240 2668 1615 2764; baseline -0.001 -25"><span class='ocrx_word' id='word_1_154' title='bbox 240 2672 407 2764; x_wconf 89' lang='lat' dir='ltr'><strong>corporis,</strong></span> <span class='ocrx_word' id='word_1_155' title='bbox 435 2679 469 2740; x_wconf 88' lang='lat' dir='ltr'><strong>et</strong></span> <span class='ocrx_word' id='word_1_156' title='bbox 496 2669 538 2740; x_wconf 91' lang='lat' dir='ltr'><strong>ad</strong></span> <span class='ocrx_word' id='word_1_157' title='bbox 563 2671 666 2740; x_wconf 86' lang='lat' dir='ltr'><strong>vitam</strong></span> <span class='ocrx_word' id='word_1_158' title='bbox 691 2691 816 2742; x_wconf 83' lang='lat' dir='ltr'><strong>novam</strong></span> <span class='ocrx_word' id='word_1_159' title='bbox 841 2671 874 2740; x_wconf 97' lang='lat' dir='ltr'><strong>in</strong></span> <span class='ocrx_word' id='word_1_160' title='bbox 901 2691 1008 2761; x_wconf 81' lang='lat' dir='ltr'><strong>regno</strong></span> <span class='ocrx_word' id='word_1_161' title='bbox 1036 2670 1218 2742; x_wconf 91' lang='lat' dir='ltr'><strong>coelorum.</strong></span> <span class='ocrx_word' id='word_1_162' title='bbox 1270 2668 1401 2761; x_wconf 80' lang='lat' dir='ltr'><strong>Dignos</strong></span> <span class='ocrx_word' id='word_1_163' title='bbox 1433 2672 1531 2740; x_wconf 92' lang='lat' dir='ltr'><strong>etiam</strong></span> <span class='ocrx_word' id='word_1_164' title='bbox 1559 2668 1615 2738; x_wconf 88' lang='lat' dir='ltr'><strong>fac</strong></span> 
     </span>
     <span class='ocr_line' id='line_1_19' title="bbox 238 2781 1615 2881; baseline -0.002 -25"><span class='ocrx_word' id='word_1_165' title='bbox 238 2807 303 2858; x_wconf 92' lang='lat' dir='ltr'><strong>nos</strong></span> <span class='ocrx_word' id='word_1_166' title='bbox 331 2807 447 2859; x_wconf 91' lang='lat' dir='ltr'><strong>omnes</strong></span> <span class='ocrx_word' id='word_1_167' title='bbox 473 2808 535 2881; x_wconf 91' lang='lat' dir='ltr'><strong>per</strong></span> <span class='ocrx_word' id='word_1_168' title='bbox 561 2788 703 2877; x_wconf 86' lang='lat' dir='ltr'><strong>gratiam</strong></span> <span class='ocrx_word' id='word_1_169' title='bbox 729 2786 862 2858; x_wconf 89' lang='lat' dir='ltr'><strong>Domini</strong></span> <span class='ocrx_word' id='word_1_170' title='bbox 888 2788 994 2857; x_wconf 89' lang='lat' dir='ltr'><strong>nostri</strong></span> <span class='ocrx_word' id='word_1_171' title='bbox 1020 2785 1102 2857; x_wconf 88' lang='lat' dir='ltr'><strong>Jesn</strong></span> <span class='ocrx_word' id='word_1_172' title='bbox 1130 2782 1265 2875; x_wconf 86' lang='lat' dir='ltr'><strong>Christi,</strong></span> <span class='ocrx_word' id='word_1_173' title='bbox 1298 2794 1332 2856; x_wconf 92' lang='lat' dir='ltr'><strong>ut</strong></span> <span class='ocrx_word' id='word_1_174' title='bbox 1359 2807 1432 2855; x_wconf 90' lang='lat' dir='ltr'><strong>cum</strong></span> <span class='ocrx_word' id='word_1_175' title='bbox 1461 2781 1615 2856; x_wconf 89' lang='lat' dir='ltr'><strong>omnibus</strong></span> 
     </span>
     <span class='ocr_line' id='line_1_20' title="bbox 238 2900 1615 2997; baseline -0.001 -25"><span class='ocrx_word' id='word_1_176' title='bbox 238 2901 304 2972; x_wconf 89' lang='lat' dir='ltr'><strong>illis</strong></span> <span class='ocrx_word' id='word_1_177' title='bbox 332 2904 387 2996; x_wconf 90' lang='lat' dir='ltr'><strong>qui</strong></span> <span class='ocrx_word' id='word_1_178' title='bbox 413 2901 609 2997; x_wconf 90' lang='lat' dir='ltr'><strong>placuerunt</strong></span> <span class='ocrx_word' id='word_1_179' title='bbox 633 2900 795 2973; x_wconf 85' lang='lat' dir='ltr'><strong>voluntati</strong></span> <span class='ocrx_word' id='word_1_180' title='bbox 822 2912 915 2989; x_wconf 87' lang='lat' dir='ltr'><strong>tuae,</strong></span> <span class='ocrx_word' id='word_1_181' title='bbox 949 2911 983 2972; x_wconf 93' lang='lat' dir='ltr'><strong>et</strong></span> <span class='ocrx_word' id='word_1_182' title='bbox 1015 2900 1197 2972; x_wconf 90' lang='lat' dir='ltr'><strong>secundum</strong></span> <span class='ocrx_word' id='word_1_183' title='bbox 1222 2909 1402 2997; x_wconf 89' lang='lat' dir='ltr'><strong>praecepta</strong></span> <span class='ocrx_word' id='word_1_184' title='bbox 1428 2910 1485 2972; x_wconf 88' lang='lat' dir='ltr'><strong>tua</strong></span> <span class='ocrx_word' id='word_1_185' title='bbox 1512 2903 1615 2971; x_wconf 90' lang='lat' dir='ltr'><strong>vitam</strong></span> 
     </span>
     <span class='ocr_line' id='line_1_21' title="bbox 239 3015 1615 3111; baseline 0 -23"><span class='ocrx_word' id='word_1_186' title='bbox 239 3020 460 3107; x_wconf 89' lang='lat' dir='ltr'><strong>instituerunt,</strong></span> <span class='ocrx_word' id='word_1_187' title='bbox 486 3017 647 3089; x_wconf 91' lang='lat' dir='ltr'><strong>laetemur</strong></span> <span class='ocrx_word' id='word_1_188' title='bbox 672 3020 705 3088; x_wconf 93' lang='lat' dir='ltr'><strong>in</strong></span> <span class='ocrx_word' id='word_1_189' title='bbox 731 3038 838 3110; x_wconf 85' lang='lat' dir='ltr'><strong>regno</strong></span> <span class='ocrx_word' id='word_1_190' title='bbox 865 3017 1050 3108; x_wconf 88' lang='lat' dir='ltr'><strong>coelorum,</strong></span> <span class='ocrx_word' id='word_1_191' title='bbox 1076 3016 1225 3089; x_wconf 85' lang='lat' dir='ltr'><strong>fruentes</strong></span> <span class='ocrx_word' id='word_1_192' title='bbox 1252 3015 1350 3090; x_wconf 92' lang='lat' dir='ltr'><strong>bonis</strong></span> <span class='ocrx_word' id='word_1_193' title='bbox 1370 3016 1500 3104; x_wconf 82' lang='lat' dir='ltr'><strong>futuris,</strong></span> <span class='ocrx_word' id='word_1_194' title='bbox 1528 3039 1615 3111; x_wconf 92' lang='lat' dir='ltr'><strong>quae</strong></span> 
     </span>
     <span class='ocr_line' id='line_1_22' title="bbox 240 3123 1263 3207; baseline 0 -2"><span class='ocrx_word' id='word_1_195' title='bbox 240 3156 308 3207; x_wconf 90' lang='lat' dir='ltr'><strong>non</strong></span> <span class='ocrx_word' id='word_1_196' title='bbox 336 3144 515 3206; x_wconf 88' lang='lat' dir='ltr'><strong>transeunt.</strong></span> <span class='ocrx_word' id='word_1_197' title='bbox 1261 3123 1263 3128; x_wconf 65' lang='grc'><strong>’</strong></span> 
     </span>
    </p>

    <p class='ocr_par' dir='ltr' id='par_1_6' title="bbox 240 3249 1615 3579">
     <span class='ocr_line' id='line_1_23' title="bbox 344 3249 1614 3343; baseline 0 -22"><span class='ocrx_word' id='word_1_198' title='bbox 344 3249 388 3322; x_wconf 90' lang='lat' dir='ltr'><strong>Et</strong></span> <span class='ocrx_word' id='word_1_199' title='bbox 413 3249 466 3322; x_wconf 91' lang='lat' dir='ltr'><strong>hic</strong></span> <span class='ocrx_word' id='word_1_200' title='bbox 493 3260 527 3321; x_wconf 92' lang='lat' dir='ltr'><strong>et</strong></span> <span class='ocrx_word' id='word_1_201' title='bbox 551 3250 618 3321; x_wconf 86' lang='lat' dir='ltr'><strong>illie</strong></span> <span class='ocrx_word' id='word_1_202' title='bbox 644 3270 706 3321; x_wconf 89' lang='lat' dir='ltr'><strong>nos</strong></span> <span class='ocrx_word' id='word_1_203' title='bbox 734 3271 850 3321; x_wconf 90' lang='lat' dir='ltr'><strong>omnes</strong></span> <span class='ocrx_word' id='word_1_204' title='bbox 878 3249 973 3321; x_wconf 90' lang='lat' dir='ltr'><strong>simul</strong></span> <span class='ocrx_word' id='word_1_205' title='bbox 999 3259 1034 3320; x_wconf 90' lang='lat' dir='ltr'><strong>et</strong></span> <span class='ocrx_word' id='word_1_206' title='bbox 1056 3250 1239 3343; x_wconf 89' lang='lat' dir='ltr'><strong>aequaliter</strong></span> <span class='ocrx_word' id='word_1_207' title='bbox 1256 3249 1495 3338; x_wconf 85' lang='lat' dir='ltr'><strong>confitebimur,</strong></span> <span class='ocrx_word' id='word_1_208' title='bbox 1524 3249 1614 3321; x_wconf 92' lang='lat' dir='ltr'><strong>ado·</strong></span> 
     </span>
     <span class='ocr_line' id='line_1_24' title="bbox 240 3364 1615 3463; baseline 0.001 -26"><span class='ocrx_word' id='word_1_209' title='bbox 240 3366 387 3438; x_wconf 89' lang='lat' dir='ltr'><strong>rahimus</strong></span> <span class='ocrx_word' id='word_1_210' title='bbox 414 3377 449 3439; x_wconf 92' lang='lat' dir='ltr'><strong>et</strong></span> <span class='ocrx_word' id='word_1_211' title='bbox 474 3365 679 3439; x_wconf 85' lang='lat' dir='ltr'><strong>laudabimus</strong></span> <span class='ocrx_word' id='word_1_212' title='bbox 706 3367 851 3454; x_wconf 87' lang='lat' dir='ltr'><strong>Patrem,</strong></span> <span class='ocrx_word' id='word_1_213' title='bbox 879 3376 913 3437; x_wconf 93' lang='lat' dir='ltr'><strong>et</strong></span> <span class='ocrx_word' id='word_1_214' title='bbox 937 3364 1068 3455; x_wconf 89' lang='lat' dir='ltr'><strong>Filium,</strong></span> <span class='ocrx_word' id='word_1_215' title='bbox 1095 3375 1129 3438; x_wconf 93' lang='lat' dir='ltr'><strong>et</strong></span> <span class='ocrx_word' id='word_1_216' title='bbox 1150 3366 1313 3463; x_wconf 83' lang='lat' dir='ltr'><strong>Spiritum</strong></span> <span class='ocrx_word' id='word_1_217' title='bbox 1339 3378 1501 3458; x_wconf 85' lang='lat' dir='ltr'><strong>sanetum,</strong></span> <span class='ocrx_word' id='word_1_218' title='bbox 1526 3388 1615 3438; x_wconf 92' lang='lat' dir='ltr'><strong>nunc</strong></span> 
     </span>
     <span class='ocr_line' id='line_1_25' title="bbox 241 3480 976 3579; baseline 0 -26"><span class='ocrx_word' id='word_1_219' title='bbox 241 3491 275 3553; x_wconf 90' lang='lat' dir='ltr'><strong>et</strong></span> <span class='ocrx_word' id='word_1_220' title='bbox 301 3504 446 3579; x_wconf 87' lang='lat' dir='ltr'><strong>semper,</strong></span> <span class='ocrx_word' id='word_1_221' title='bbox 473 3493 508 3554; x_wconf 94' lang='lat' dir='ltr'><strong>et</strong></span> <span class='ocrx_word' id='word_1_222' title='bbox 533 3486 566 3554; x_wconf 91' lang='lat' dir='ltr'><strong>in</strong></span> <span class='ocrx_word' id='word_1_223' title='bbox 593 3481 727 3554; x_wconf 90' lang='lat' dir='ltr'><strong>saecula</strong></span> <span class='ocrx_word' id='word_1_224' title='bbox 756 3480 976 3555; x_wconf 86' lang='lat' dir='ltr'><strong>saeculorum.</strong></span> 
     </span>
    </p>
   </div>
   <div class='ocr_carea' id='block_1_3' title="bbox 241 3668 1614 3856">
    <p class='ocr_par' dir='ltr' id='par_1_7' title="bbox 241 3668 1614 3856">
     <span class='ocr_line' id='line_1_26' title="bbox 344 3668 1614 3765; baseline 0 -26"><span class='ocrx_word' id='word_1_225' title='bbox 344 3668 470 3765; x_wconf 82' lang='lat' dir='ltr'><strong>Sipnat</strong></span> <span class='ocrx_word' id='word_1_226' title='bbox 494 3673 656 3762; x_wconf 81' lang='lat' dir='ltr'><strong>mysteria</strong></span> <span class='ocrx_word' id='word_1_227' title='bbox 683 3675 717 3740; x_wconf 87' lang='lat' dir='ltr'><strong>el</strong></span> <span class='ocrx_word' id='word_1_228' title='bbox 742 3669 877 3763; x_wconf 81' lang='lat' dir='ltr'><strong>reliquo</strong></span> <span class='ocrx_word' id='word_1_229' title='bbox 904 3670 1018 3739; x_wconf 80' lang='lat' dir='ltr'><strong>omnio</strong></span> <span class='ocrx_word' id='word_1_230' title='bbox 1039 3670 1191 3761; x_wconf 83' lang='lat' dir='ltr'><strong>perficit,</strong></span> <span class='ocrx_word' id='word_1_231' title='bbox 1217 3674 1255 3738; x_wconf 83' lang='lat' dir='ltr'><strong>at</strong></span> <span class='ocrx_word' id='word_1_232' title='bbox 1281 3671 1317 3739; x_wconf 83' lang='lat' dir='ltr'><strong>in</strong></span> <span class='ocrx_word' id='word_1_233' title='bbox 1333 3668 1493 3765; x_wconf 79' lang='lat' dir='ltr'><strong>Liturpt&#39;c</strong></span> <span class='ocrx_word' id='word_1_234' title='bbox 1507 3669 1614 3762; x_wconf 88' lang='lat' dir='ltr'><strong>Apo-</strong></span> 
     </span>
     <span class='ocr_line' id='line_1_27' title="bbox 241 3783 1475 3856; baseline 0.001 -2"><span class='ocrx_word' id='word_1_235' title='bbox 241 3783 412 3856; x_wconf 77' lang='lat' dir='ltr'><strong>stolorum.</strong></span> <span class='ocrx_word' id='word_1_236' title='bbox 1472 3791 1475 3804; x_wconf 78' lang='lat'><strong><em>‘</em></strong></span> 
     </span>
    </p>
   </div>
   <div class='ocr_carea' id='block_1_4' title="bbox 651 4069 1202 4117">
    <p class='ocr_par' dir='ltr' id='par_1_8' title="bbox 651 4069 1202 4117">
     <span class='ocr_line' id='line_1_28' title="bbox 651 4069 1202 4117; baseline -0.005 -4"><span class='ocrx_word' id='word_1_237' title='bbox 651 4069 1202 4117; x_wconf 49' lang='lat' dir='ltr'><strong>--.W</strong></span> 
     </span>
    </p>
   </div>
   <div class='ocr_carea' id='block_1_5' title="bbox 301 4441 1549 4719">
    <p class='ocr_par' dir='ltr' id='par_1_9' title="bbox 301 4441 1549 4719">
     <span class='ocr_line' id='line_1_29' title="bbox 301 4441 1549 4537; baseline 0.002 -4"><span class='ocrx_word' id='word_1_238' title='bbox 301 4443 363 4534; x_wconf 85' lang='lat' dir='ltr'><strong>Ill</strong></span> <span class='ocrx_word' id='word_1_239' title='bbox 404 4442 746 4535; x_wconf 84' lang='lat' dir='ltr'><strong>LITUllGlhhl</strong></span> <span class='ocrx_word' id='word_1_240' title='bbox 787 4441 1099 4537; x_wconf 87' lang='lat' dir='ltr'><strong>TllEODORl</strong></span> <span class='ocrx_word' id='word_1_241' title='bbox 1140 4443 1549 4535; x_wconf 85' lang='lat' dir='ltr'>INTERPRETIS</span> 
     </span>
     <span class='ocr_line' id='line_1_30' title="bbox 810 4635 1040 4719; baseline 0.004 -1"><span class='ocrx_word' id='word_1_242' title='bbox 810 4635 1040 4719; x_wconf 79' lang='lat' dir='ltr'><strong>notat.</strong></span> 
     </span>
    </p>
   </div>
   <div class='ocr_carea' id='block_1_6' title="bbox 587 4848 1262 4945">
    <p class='ocr_par' dir='ltr' id='par_1_10' title="bbox 587 4848 1262 4945">
     <span class='ocr_line' id='line_1_31' title="bbox 587 4848 1262 4945; baseline 0.004 -25"><span class='ocrx_word' id='word_1_243' title='bbox 587 4849 620 4920; x_wconf 88' lang='lat'><strong>1.</strong></span> <span class='ocrx_word' id='word_1_244' title='bbox 655 4848 816 4941; x_wconf 80' lang='lat' dir='ltr'><strong>Liturpia</strong></span> <span class='ocrx_word' id='word_1_245' title='bbox 846 4849 1021 4922; x_wconf 86' lang='lat' dir='ltr'><strong>Theodori</strong></span> <span class='ocrx_word' id='word_1_246' title='bbox 1046 4850 1262 4945; x_wconf 80' lang='lat' dir='ltr'><strong>interpretis.</strong></span> 
     </span>
    </p>
   </div>
   <div class='ocr_carea' id='block_1_7' title="bbox 242 5005 1614 5208">
    <p class='ocr_par' dir='ltr' id='par_1_11' title="bbox 242 5005 1614 5208">
     <span class='ocr_line' id='line_1_32' title="bbox 353 5005 1613 5102; baseline 0 -18"><span class='ocrx_word' id='word_1_247' title='bbox 353 5005 425 5084; x_wconf 80' lang='lat' dir='ltr'><strong>lsrn</strong></span> <span class='ocrx_word' id='word_1_248' title='bbox 446 5018 581 5102; x_wconf 82' lang='lat' dir='ltr'><strong>Liturgia</strong></span> <span class='ocrx_word' id='word_1_249' title='bbox 604 5019 684 5080; x_wconf 92' lang='lat' dir='ltr'><strong>inter</strong></span> <span class='ocrx_word' id='word_1_250' title='bbox 707 5036 759 5080; x_wconf 88' lang='lat' dir='ltr'><strong>eas</strong></span> <span class='ocrx_word' id='word_1_251' title='bbox 783 5019 913 5098; x_wconf 89' lang='lat' dir='ltr'><strong>quaein</strong></span> <span class='ocrx_word' id='word_1_252' title='bbox 935 5018 1114 5083; x_wconf 89' lang='lat' dir='ltr'><strong>Nestoriana</strong></span> <span class='ocrx_word' id='word_1_253' title='bbox 1137 5019 1274 5083; x_wconf 85' lang='lat' dir='ltr'><strong>Ecclesia</strong></span> <span class='ocrx_word' id='word_1_254' title='bbox 1297 5017 1535 5100; x_wconf 81' lang='lat' dir='ltr'><strong>frequentantur,</strong></span> <span class='ocrx_word' id='word_1_255' title='bbox 1558 5038 1613 5084; x_wconf 91' lang='lat' dir='ltr'><strong>se-</strong></span> 
     </span>
     <span class='ocr_line' id='line_1_33' title="bbox 242 5120 1614 5208; baseline 0.003 -24"><span class='ocrx_word' id='word_1_256' title='bbox 242 5122 339 5185; x_wconf 89' lang='lat' dir='ltr'><strong>cunda</strong></span> <span class='ocrx_word' id='word_1_257' title='bbox 367 5130 427 5185; x_wconf 90' lang='lat' dir='ltr'><strong>est:</strong></span> <span class='ocrx_word' id='word_1_258' title='bbox 459 5129 603 5204; x_wconf 82' lang='lat' dir='ltr'><strong>extatque</strong></span> <span class='ocrx_word' id='word_1_259' title='bbox 625 5120 664 5208; x_wconf 75' lang='lat' dir='ltr'><strong>[in</strong></span> <span class='ocrx_word' id='word_1_260' title='bbox 694 5122 832 5184; x_wconf 92' lang='lat' dir='ltr'><strong>omnibus</strong></span> <span class='ocrx_word' id='word_1_261' title='bbox 862 5120 1017 5186; x_wconf 88' lang='lat' dir='ltr'><strong>codicibus</strong></span> <span class='ocrx_word' id='word_1_262' title='bbox 1047 5121 1268 5206; x_wconf 86' lang='lat' dir='ltr'><strong>manuscriptis.</strong></span> <span class='ocrx_word' id='word_1_263' title='bbox 1311 5121 1386 5185; x_wconf 87' lang='lat' dir='ltr'><strong>Eam</strong></span> <span class='ocrx_word' id='word_1_264' title='bbox 1407 5140 1475 5186; x_wconf 90' lang='lat' dir='ltr'><strong>cum</strong></span> <span class='ocrx_word' id='word_1_265' title='bbox 1497 5124 1614 5189; x_wconf 90' lang='lat' dir='ltr'><strong>duabus</strong></span> 
     </span>
    </p>
   </div>
   <div class='ocr_carea' id='block_1_8' title="bbox 0 0 2274 6034">
    <p class='ocr_par' dir='ltr' id='par_1_12' title="bbox 0 0 2274 6034">
     <span class='ocr_line' id='line_1_34' title="bbox 0 0 2274 6034; baseline 0 0"><span class='ocrx_word' id='word_1_266' title='bbox 0 0 2274 6034; x_wconf 95' lang='lat' dir='ltr'><strong> </strong></span> 
     </span>
    </p>
   </div>
  </div>
 </body>
</html>
