4525 6034
715 576 791 651 soa
1283 576 1514 686 ruo-uun

714 762 771 824 bun
791 761 993 837 Paniarciuir,
1007 760 1178 843 Epn‘mopir,
1192 761 1382 846 Pmbyterie
1403 771 1434 825 et
1451 762 1611 844 Diaconn,
1633 772 1664 828 et
1679 784 1740 846 pm
1760 765 1811 827 bie
1829 767 1878 846 qut
1894 766 1949 829 cita
1964 767 2036 845 inca·

714 882 755 924 ee
775 862 835 924 bac
855 851 1013 924 &clerice
1035 863 1266 943 conprepatione
1287 864 1445 924 exierunt:
1475 862 1533 939 (Et
1549 884 1610 945 pro
1632 863 1813 928 Beatiraimc
1840 864 1922 946 Papa
1942 873 2035 942 monn)

712 977 791 1041 quun
814 958 925 1024 additio
948 968 996 1023 est
1018 979 1036 1022 a
1057 960 1208 1024 Lusitanis
1229 959 1324 1024 iacta:
1349 981 1468 1043 pronun
1495 965 1601 1027 numdi
1624 982 1704 1044 poce
1731 973 1762 1028 et
1783 966 1857 1028 omui
1881 983 1992 1039 coranu,
2011 975 2036 1027 ut

712 1059 2038 1144 sedmrbmdnaunernteemmdtanoadmpteutmspmommenundcde·

712 1159 1365 1241 mepanmeqmddupmnrepertna,
1395 1160 2038 1244 oblationembancpnaeinconspectutm

713 1260 909 1338 cormarine,
930 1267 987 1322 etc.
1032 1259 1210 1323 versionem
1240 1259 1318 1322 illem
1348 1276 1407 1323 non
1430 1278 1591 1340 possumus
1618 1261 1732 1343 absque
1762 1262 1891 1343 Syriacis
1918 1261 2039 1323 codicibus

652 1405 655 1414 ,
713 1357 969 1435 reformassent
992 1359 1022 1421 in
1045 1377 1082 1421 eu
1104 1377 1166 1423 nou
1187 1378 1282 1442 pauca
1305 1366 1385 1438 sunt,
1408 1377 1485 1442 quae
1508 1360 1621 1424 erroris
1643 1361 1816 1443 suspicione
1836 1378 1895 1423 non
1915 1366 2009 1422 carent

923 1619 983 1690 10.
1019 1619 1198 1692 Diaconos
1224 1621 1310 1692 dicit
1335 1621 1382 1692 nd
1408 1625 1679 1697 circanmtantcm
1701 1621 1870 1718 popniam.

811 1812 968 1900 Petamus,
991 1823 1191 1903 consiteww
1220 1833 1250 1887 et
1270 1825 1461 1888 obsecremus
1482 1846 1585 1889 omnes
1612 1829 1645 1889 in
1674 1828 1766 1889 cnoro
1795 1825 1963 1888 Domirnon:
1987 1831 2045 1885 stote

708 1936 838 2009 parcet
859 1928 1002 1990 attnudite
1023 1927 1071 1989 bio
1092 1947 1170 2008 pause
1197 1937 1347 2009 domim,-
1376 1931 1540 1992 tremendia
1568 1932 1719 2012 mysteriis
1744 1947 1824 2010 puae
1852 1933 2045 1991 consecrantur.

712 2029 866 2090 Sacerdos
887 2029 1019 2090 accersit
1043 2033 1078 2088 nt
1098 2036 1173 2105 oret,
1195 2036 1229 2090 nt
1255 2031 1320 2108 ejuu
1348 2030 1563 2092 intercessione
1589 2047 1657 2109 pac
1683 2029 1894 2109 muttipiiceturr
1919 2028 1949 2088 nu
1972 2025 2046 2088 cob'n

712 2126 824 2190 Occator
853 2134 972 2189 cestros
999 2128 1140 2190 deorsam
1168 2128 1327 2202 demittite,
1346 2135 1392 2190 ‚et
1417 2136 1544 2190 mentem
1570 2136 1704 2191 aerumm
1731 2128 1888 2208 ditipcuatcr
1913 2125 2047 2186 cratein

712 2227 827 2290 coemm
848 2227 970 2289 tencre:
996 2229 1090 2307 petite
1118 2236 1149 2290 et
1170 2227 1328 2290 obsecrate
1355 2228 1414 2290 boc
1435 2234 1587 2308 tempore.-
1615 2247 1759 2309 nenmpne
1785 2227 1868 2307 toqui
1892 2225 2050 2285 audeanet

712 2328 765 2406 qni
794 2335 866 2388 crat
887 2327 981 2388 corde
1003 2334 1079 2405 oret,
1103 2328 1135 2387 in
1157 2327 1276 2389 silentio
1297 2335 1327 2388 et
1348 2334 1480 2389 tremore
1496 2335 1691 2407 permanete:
1709 2324 1949 2406 paanobirmnn.
1974 2321 2050 2385 ituiu

712 2425 805 2488 biissa
826 2424 1017 2502 Madabarica,
1039 2425 1112 2487 satis
1136 2424 1277 2489 obscure.
1309 2424 1343 2488 in
1365 2425 1424 2488 iilis
1446 2425 1548 2488 uerbis
1570 2425 1663 2489 latent
1685 2423 1830 2488 iornuuiae
1853 2431 1968 2487 veteres
1986 2421 2051 2483 bur-

712 2526 895 2596 tntionurna
918 2525 1060 2589 Diacouie
1083 2524 1143 2588 altu
1164 2543 1242 2589 uoce
1264 2525 1458 2606 pronunciari
1485 2524 1649 2591 solitarum.
1695 2520 1828 2604 Στῶμεν
1849 2518 1960 2602 καλῶς,
1980 2505 2052 2605 rupi-

446 2619 448 2626 ’
577 2635 583 2646 “
712 2643 849 2704 σχωμεν.

1113 2885 1175 2959 11.
1201 2886 1426 2981 Βὸεοοορετίέ
1450 2892 1676 2959 sacramenta.

808 3081 900 3160 Arm
924 3089 1093 3154 Orientaies
1117 3089 1315 3169 Christianos,
1337 3098 1370 3153 ut
1391 3092 1470 3154 inter
1486 3091 1621 3155 Graecos
1642 3090 1707 3153 beri
1728 3089 1819 3168 solet,
1842 3088 1928 3171 panis
1948 3093 1977 3150 et
1995 3083 2057 3149 cdix

712 3205 834 3279 praeter
856 3195 1010 3278 singulare
1032 3192 1132 3256 veiuun
1155 3211 1216 3274 quo
1238 3203 1365 3275 uterquc
1396 3194 1519 3276 tegitur,
1541 3196 1646 3278 majori
1676 3193 1757 3275 qnod
1783 3193 1977 3273 mopiam
2002 3187 2056 3269 sni

712 3296 763 3359 alii
783 3303 903 3374 uocant,
926 3295 1079 3377 operitur3
1109 3293 1224 3357 tollitur
1245 3301 1344 3357 antem
1373 3295 1468 3376 maius
1497 3294 1580 3372 illud,
1610 3313 1678 3358 cum
1705 3294 1848 3375 incipitur
1876 3309 1961 3355 sacra
1979 3290 2056 3353 actio:

713 3404 745 3459 ct
766 3395 805 3459 dc
827 3395 878 3458 illo
901 3393 977 3457 haec
998 3392 1128 3456 Robrica
1150 3392 1346 3475 intelligenda
1368 3402 1432 3473 est,
1461 3411 1522 3458 non
1545 3393 1584 3457 dc
1606 3394 1781 3472 minoribus,
1813 3391 1993 3455 Graecorum
2012 3389 2055 3449 buc

712 3495 741 3557 in
765 3502 850 3576 parte
874 3493 1070 3575 disciplinam,
1094 3510 1172 3573 qnae
1194 3507 1292 3574 propo
1314 3492 1419 3556 cadem
1441 3502 1490 3556 est
1511 3492 1578 3557 susc
1601 3501 1631 3556 et
1653 3501 1792 3557 accurate
1807 3489 2057 3574 explicatGoariur

713 3595 750 3656 ad
771 3594 935 3675 Liturgiaun
959 3591 1177 3676 chrysostomi.

946 3853 1007 3926 12.
1047 3855 1172 3926 Gratia
1196 3855 1337 3926 Domini
1362 3857 1473 3925 nostri
1498 3854 1582 3926 ren
1608 3853 1751 3939 Christi,
1779 3860 1842 3924 etc.

808 4047 901 4127 Hunc
931 4056 1102 4121 benedictio
1125 4064 1208 4121 extat
1235 4059 1264 4121 in
1293 4058 1429 4122 omnibus
1456 4057 1598 4141 Litargiis
1628 4055 1847 4136 Orientalibus,
1876 4055 1914 4119 ad
1944 4050 2058 4117 eumden

712 4162 821 4242 locum,
844 4171 875 4226 et
898 4162 927 4225 in
951 4160 1126 4243 quibusdam
1149 4160 1223 4225 aliis.

1028 4422 1086 4494 13.
1112 4422 1255 4495 Sursum
1279 4426 1347 4496 sint
1373 4430 1500 4496 mentes
1525 4430 1673 4511 amirae,
1700 4429 1764 4493 etc.

807 4613 891 4692 Hunc
913 4627 1016 4708 incipit
1039 4626 1188 4689 Praefatio
1220 4636 1254 4689 ut
1275 4626 1368 4709 vulgo
1392 4627 1525 4694 dicimus.
1571 4627 1658 4701 Quod
1680 4634 1779 4690 autem
1803 4629 1844 4689 ita
1875 4625 1945 4709 Syri
1967 4622 2060 4687 Oricu-

712 4730 789 4793 tnics
812 4731 1020 4810 expresserint
1043 4730 1189 4792 Graecam
1211 4720 1474 4793 sornuutnm’itvm
1496 4721 1730 4817 increpitae,
1761 4737 1792 4793 et
1816 4729 1875 4793 alia
1900 4725 2058 4791 addiderint:

712 4839 745 4893 ut
768 4829 829 4907 iiia,
852 4831 935 4910 apnd
956 4838 984 4892 te
1005 4838 1074 4892 sumt
1097 4828 1178 4892 Dens
1191 4829 1358 4907 Abrabam,
1380 4831 1464 4895 Dens
1480 4833 1583 4908 iram,
1605 4830 1688 4893 Dens
1708 4830 1816 4909 israel,
1839 4829 1919 4893 levis
1940 4823 2061 4890 momenti

713 4936 771 5008 est,
795 4946 862 4990 cum
884 4930 1032 4992 sententia
1055 4930 1160 4992 eadem
1181 4930 1229 4993 sic
1280 4930 1367 5003 Quod
1388 4934 1528 5014 seqnitur
1550 4929 1671 4993 Obtatio
1697 4929 1763 4993 Deo
1784 4931 1927 4992 -onunimn
1950 4923 2060 4989 Donat

714 5027 848 5109 offertum,
871 5030 949 5091 vorti
971 5036 1071 5110 potest
1093 5037 1123 5092 et
1145 5048 1219 5092 sane
1241 5027 1346 5093 mclius
1369 5032 1555 5112 sacrificinm
1576 5030 1642 5093 Deo
1663 5028 1805 5110 offerta.-
1829 5047 1893 5092 uox
1914 5028 1990 5091 enim
2007 5024 2060 5103 ipsu

714 5143 792 5207 quoe
813 5128 938 5209 propria
960 5137 991 5192 et
1013 5129 1050 5192 ad
1073 5129 1199 5192 verbum
1219 5117 1416 5218 προςφοράν,
1438 5149 1495 5195 seu
1512 5130 1691 5194 oblationem
1712 5128 1879 5211 sipnisirat,
1902 5145 1959 5212 pro
1979 5121 2061 5188 sacri·
