4525 6034
674 572 751 645 422
1069 537 1074 552 '
1180 571 1541 648 urrunnun

673 767 805 855 partes,
842 762 895 853 qui
923 767 1091 830 vetustate
1125 758 1326 831 existentiae
1358 756 1552 850 dignitatem
1585 755 1708 829 hahent
1744 769 1778 829 et
1809 768 1968 855 perpetua
1999 757 2035 829 ad

673 896 806 946 omnem
834 873 960 967 boram,
988 883 1064 945 ante
1091 872 1243 945 thronum
1279 873 1411 965 gloriae
1443 883 1521 944 tuae
1548 872 1706 945 inlinitum
1742 877 1956 946 consistentia
1979 873 2035 945 illis

674 993 841 1085 competit.
895 989 958 1062 llic
985 988 1076 1062 solus
1104 988 1169 1059 illis
1196 988 1290 1060 cibus
1318 999 1380 1075 est,
1407 999 1444 1060 ut
1469 998 1503 1060 ιθ
1529 988 1729 1081 glorificent,
1756 998 1789 1061 te
1814 988 1943 1062 honore
1968 990 2035 1061 alli-

674 1108 774 1192 ciant,
801 1115 834 1175 ιθ
860 1104 1014 1195 laudent,
1042 1113 1076 1175 et
1101 1126 1163 1199 per
1190 1103 1334 1202 hymnos
1370 1114 1404 1175 ιθ
1435 1104 1664 1196 magnificent,
1698 1107 1752 1200 qui
1790 1127 1901 1200 neque
1933 1103 2035 1175 verbis

680 1224 843 1317 exprimi,
889 1243 998 1317 neque
1038 1220 1207 1292 intellectu
1248 1219 1484 1317 comprehendi
1525 1229 1675 1315 possunt.
1742 1220 1814 1292 Nos
1853 1230 1962 1291 autem
1991 1219 2039 1291 hhi

674 1345 796 1424 terrae,
825 1335 945 1408 divites
972 1339 1190 1409 sacramentis
1218 1338 1389 1407 ministerii
1414 1335 1493 1407 laeti
1520 1357 1643 1408 sumus.
1697 1334 1740 1407 Ut
1767 1344 1876 1407 autem
1904 1335 2037 1428 figmen-

674 1462 741 1523 tum
776 1450 839 1523 boc
874 1451 1065 1541 materiale,
1098 1459 1251 1523 creatura
1284 1450 1412 1524 scilicet
1446 1450 1633 1538 sensibilis,
1673 1473 1737 1522 nec
1769 1451 1949 1547 spiritualis
1981 1472 2039 1521 non

675 1572 866 1663 privaretur
892 1568 1011 1640 eodem
1039 1566 1233 1663 splendore,
1260 1569 1413 1661 quamvis
1440 1589 1615 1639 commuue
1648 1565 1728 1638 nihil
1753 1565 1913 1654 haberet,
1947 1563 2039 1636 nihil-

542 1733 547 1740 ·
676 1706 741 1777 que
775 1682 858 1754 lucis
893 1683 998 1772 illius,
1035 1693 1069 1753 et
1101 1694 1180 1778 post
1206 1680 1313 1754 breve
1346 1692 1477 1778 tempus
1504 1681 1734 1778 intereundum
1761 1684 1823 1777 ipsi
1858 1682 1966 1770 foret,
1993 1703 2039 1752 me

676 1798 797 1869 animal
829 1797 992 1869 rationale
1025 1800 1222 1870 constituisti
1250 1819 1296 1868 ex
1323 1800 1431 1868 anima
1468 1796 1672 1888 intelligente
1707 1806 1741 1868 et
1772 1819 1921 1894 corpore
1953 1797 2041 1870 valde

676 1913 849 1999 materiali,
877 1936 940 2009 per
967 1935 1065 2007 quam
1091 1923 1126 1983 ut
1152 1911 1354 2004 intelligens,
1382 1921 1416 1984 et
1441 1911 1560 1983 videus
1588 1934 1699 1985 essem
1719 1911 1851 2001 iecisti3
1880 1912 2041 1984 mortalem

676 2037 711 2098 et
737 2028 967 2114 immortalem,
996 2051 1042 2099 ex
1069 2025 1197 2098 duabus
1226 2030 1402 2100 contrariis
1428 2049 1526 2098 unam
1548 2036 1697 2098 naturam
1727 2026 1915 2117 indivisam,
1942 2038 2042 2123 utper

676 2143 765 2215 illam
811 2148 1045 2236 cognationem
1085 2142 1289 2238 spiritualem
1327 2153 1466 2214 naturae
1509 2141 1755 2232 intellectualia,
1797 2166 1872 2215 eum
1909 2164 2043 2239 superna

675 2258 731 2330 illa
757 2258 996 2354 pulchritudine
1023 2258 1065 2330 ad
1092 2257 1147 2330 illa
1174 2260 1272 2330 etiam
1300 2258 1438 2332 excelsa
1466 2258 1574 2331 aditus
1605 2269 1767 2356 perpetuo
1794 2269 1928 2355 pateret
1953 2281 2042 2329 cour·

676 2377 832 2469 positioni
858 2375 989 2447 luteae:
1018 2397 1116 2469 quam
1143 2373 1305 2448 adsumsit
1332 2374 1374 2446 ad
1402 2397 1455 2462 se,
1492 2385 1526 2445 et
1557 2396 1620 2470 per
1652 2374 1937 2471 dispensationem
1964 2384 2044 2444 ortus

677 2489 874 2576 simultanei,
902 2488 1144 2585 interpellaret,
1172 2511 1235 2585 pro
1262 2500 1380 2561 natura
1407 2512 1475 2564 non
1502 2490 1675 2586 spirituali,
1703 2500 1736 2563 et
1762 2500 1797 2562 ut
1824 2491 2045 2563 adorationem

677 2612 776 2698 atque
803 2604 947 2677 debitam
974 2604 1031 2676 tihi
1059 2608 1241 2696 gratiarum
1269 2608 1433 2678 actionem
1460 2605 1611 2678 referret.

780 2720 932 2791 Eleuuua
970 2742 1097 2793 uocem.
1159 2720 1332 2793 Habentes
1371 2724 1471 2813 igitur
1508 2724 1542 2792 in
1584 2720 1718 2794 auribus
1757 2722 1869 2795 cordis
1914 2722 2045 2819 hymnos

675 2835 782 2907 laudis
809 2847 1009 2931 perpetuae,
1038 2847 1071 2908 et
1098 2836 1205 2909 oculis
1232 2835 1507 2909 intellectualibus
1535 2848 1712 2909 cernentes
1747 2841 1883 2929 agurina
1910 2838 1966 2909 illa
1991 2859 2044 2908 sn-

676 2973 800 3047 perna,
836 2954 945 3023 omnia
985 2949 1113 3024 seilicet
1147 2974 1233 3050 quae
1267 2950 1429 3044 Angelis,
1467 2964 1502 3024 θι
1533 2951 1756 3045 Archangelis
1789 2955 1929 3048 propria
1966 2963 2045 3025 suut:

676 3065 837 3138 honorem
880 3065 1138 3160 dignitatemque
1177 3070 1350 3138 virtutum:
1404 3067 1645 3141 ordinationem
1685 3068 1912 3142 Potestatum:
1955 3069 2046 3138 mini-

676 3186 779 3256 steria
811 3184 1070 3277 Principatuum:
1108 3181 1322 3256 adorationes
1353 3182 1639 3256 Domiuationtun:
1675 3193 1870 3279 perpetuam
1895 3179 2046 3253 Throno-

675 3320 749 3369 rum
777 3297 1004 3371 stabilitatem:
1033 3296 1221 3370 accedimus
1250 3297 1292 3370 ad
1320 3297 1457 3371 eosdem
1484 3297 1626 3394 bvmnos
1659 3299 1789 3390 gloriae
1815 3296 2047 3380 concinendos,

677 3416 733 3507 qui
766 3411 811 3483 ibi
845 3422 1025 3501 canuntur,
1068 3412 1169 3504 digne
1203 3414 1278 3484 Deo
1313 3411 1554 3502 celebrandae,
1586 3413 1629 3484 ad
1664 3413 1849 3484 doctrinam
1884 3411 2048 3484 animabus

676 3527 789 3600 utilem
816 3539 849 3599 θι
876 3526 1068 3617 salutarem,
1095 3527 1137 3599 ad
1165 3527 1375 3600 traditionem
1395 3525 1541 3617 beatam,
1569 3539 1602 3600 θι
1619 3529 1911 3624 sapientissimam,
1939 3527 2050 3598 Theo-

676 3641 790 3735 logiae
812 3642 1027 3715 indesinentis
1050 3642 1237 3737 Seraphim,
1259 3666 1356 3738 quam
1379 3642 1501 3736 linguis
1518 3647 1728 3739 incorporeis
1751 3643 1822 3724 tibi,
1848 3664 1936 3713 unus
1952 3642 2049 3727 Deus,

678 3758 838 3846 oderunt,
872 3756 928 3829 tibi
962 3761 1016 3852 qui
1048 3780 1148 3829 unum
1182 3760 1377 3854 principium
1410 3780 1469 3848 es,
1503 3781 1568 3830 una
1594 3769 1713 3830 natura
1740 3768 1774 3829 et
1799 3780 1864 3830 una
1893 3755 2050 3829 substau-

677 3876 737 3963 tia,
764 3876 879 3968 quiin
906 3872 1011 3945 trihus
1038 3876 1194 3968 personis
1222 3877 1439 3974 agnosceris,
1472 3896 1559 3968 quae
1590 3885 1692 3946 totam
1720 3871 1970 3967 amplitudinem
1995 3871 2052 3941 Dei

678 3987 960 4084 complectuntur,
996 3997 1031 4059 θι
1062 3990 1245 4061 universim
1279 3988 1407 4084 absque
1440 3988 1504 4060 illis
1531 3988 1610 4061 nihil
1637 3976 1812 4084 quidquam
1838 3986 1965 4058 iactum
1992 3992 2050 4072 est,

679 4102 858 4199 aquibus,
886 4113 920 4174 et
946 4100 988 4206 ab
1016 4124 1214 4198 unaquaque
1248 4126 1381 4192 eanum,
1416 4102 1458 4176 ab
1494 4127 1536 4177 aa
1572 4115 1606 4176 et
1638 4104 1680 4177 ad
1713 4126 1787 4175 eam
1821 4106 1934 4173 unitur
1966 4101 2051 4171 Deus

679 4217 864 4291 substantia
892 4232 926 4293 et
951 4228 1089 4307 natura,
1124 4229 1282 4314 tunquam
1313 4217 1478 4310 Domino,
1512 4229 1544 4291 et
1571 4225 1603 4290 in
1630 4222 1682 4292 rei
1706 4223 1849 4291 veritate
1877 4214 2052 4289 seeundum

677 4334 766 4405 illam
794 4336 902 4429 ipsam
929 4332 1081 4405 eamdem
1117 4333 1341 4424 divinitatem,
1374 4356 1442 4406 non
1475 4357 1537 4430 per
1572 4334 1679 4408 solam
1712 4336 2052 4415 communicationem

681 4458 739 4520 aut
764 4447 1052 4520 introductionem.
1105 4449 1207 4521 Pater
1241 4450 1348 4538 enim,
1375 4459 1410 4521 et
1434 4449 1557 4538 Filius,
1585 4461 1620 4522 et
1645 4449 1789 4546 Spiritus
1816 4458 1969 4534 sanctus,
1994 4469 2053 4518 una

680 4562 878 4652 substantia,
906 4573 940 4634 et
966 4585 1031 4633 una
1059 4572 1177 4633 natura
1205 4562 1404 4653 divinitatis,
1431 4563 1614 4637 secundum
1640 4567 1869 4661 operationem
1898 4573 1934 4634 et
1960 4564 2051 4632 veri-

679 4687 780 4749 tatem
808 4687 895 4768 snnt,
922 4699 989 4749 non
1009 4676 1191 4749 secundum
1210 4680 1479 4770 imaginationem
1508 4690 1564 4751 aut
1584 4673 1773 4772 figmentum
1792 4677 2052 4769 heterogeneun

679 4792 842 4864 humanae
885 4796 1020 4881 mentis3
1062 4815 1162 4887 quam
1195 4801 1346 4864 naturam
1382 4795 1468 4865 trine
1510 4794 1571 4867 sed
1602 4792 1768 4867 indivisim
1810 4792 2052 4885 distinguimus,

679 4910 790 4997 unice,
816 4930 883 4980 non
911 4931 972 5002 per
999 4907 1191 4979 effusionem
1224 4907 1298 4980 lieri
1324 4918 1492 4981 tenemus:
1526 4908 1747 5004 hymnumque
1781 4911 1836 5004 qui
1873 4907 2050 4979 mundanas

678 5024 774 5093 vires
802 5022 948 5113 excedit,
975 5024 1169 5118 timorisque
1196 5024 1419 5124 testimonium
1446 5021 1504 5096 tibi
1532 5023 1720 5112 offerimus,
1747 5024 1899 5096 eumdem
1930 5020 2051 5096 scilicet

2032 5795 2214 5992 h
