4525 6034
521 600 657 677 Btstttt
683 599 733 675 EX
759 595 943 675 tanstulit
970 595 1146 672 lunatas
1173 594 1289 670 tttstt
1521 591 1595 665 555

119 847 125 858 .
222 788 318 863 nibus
346 788 483 862 occultis
510 799 544 860 θι
570 786 762 887 manifestis,
790 785 917 857 cunctis
938 781 1053 855 diebus
1076 785 1168 854 vitae
1188 791 1342 853 nostrae:
1369 790 1468 874 atque
1486 784 1597 851 exime

223 927 286 978 uos
314 902 476 977 omuibus
499 903 613 991 matis,
650 925 736 997 quae
769 910 906 996 propter
939 900 1145 993 iniquitatem
1178 908 1326 970 nostram
1361 900 1530 969 incurrunt
1564 898 1599 967 iu

223 1043 305 1092 nos:
333 1023 408 1116 quia
435 1029 523 1090 tuum
552 1027 604 1090 est
629 1040 769 1109 regnum
807 1027 840 1088 et
872 1018 1030 1108 unigeniti
1065 1013 1129 1086 Fili
1163 1017 1225 1101 tui,
1259 1036 1300 1085 ac
1327 1014 1525 1086 sanctissimi
1552 1015 1599 1082 tui

223 1137 377 1232 Spiritus,
403 1135 495 1222 honi,
523 1134 693 1220 adorandi,
720 1137 823 1205 vitam
850 1133 1023 1224 largientis
1051 1141 1086 1202 θι
1111 1130 1171 1202 tibi
1197 1133 1230 1201 in
1258 1130 1443 1203 substantia
1466 1152 1599 1224 aequa-

223 1252 276 1342 lis,
303 1274 391 1323 nunc
418 1261 452 1322 θι
478 1272 624 1345 semper,
651 1260 685 1321 et
711 1252 744 1320 in
772 1247 906 1321 saecula
933 1247 1155 1321 saeculorum.

329 1365 492 1460 Populos.
545 1367 666 1440 Amen.

330 1483 514 1556 Sacerdos.
568 1481 642 1553 Pax
669 1478 822 1554 omnibus
848 1478 959 1552 vobis.

327 1599 489 1693 Populos.
543 1598 688 1669 Etcum
716 1600 832 1693 spiritu
858 1605 924 1694 tuo.
1005 1615 1008 1626 ·

327 1715 517 1787 Diaconos.
570 1716 715 1786 Domino
743 1716 852 1808 capita
879 1721 994 1784 nostra
1021 1708 1228 1782 inclinemus.

327 1831 489 1924 Populus.
544 1829 668 1904 Coram
696 1839 730 1901 ιθ
755 1831 899 1903 Domina
925 1829 1018 1899 Deus
1045 1837 1200 1900 nostem

328 1947 503 2019 Sacerdos
529 1947 623 2016 dicit.
675 1945 775 2017 Pater
809 1942 1111 2017 misericordiarum
1147 1954 1181 2015 et
1207 1943 1300 2015 Deus
1334 1946 1441 2016 omnis
1469 1964 1599 2016 conso-

223 2064 369 2152 lationis,
403 2066 457 2157 qui
491 2066 690 2136 concessisti
718 2060 816 2134 nobis
843 2071 879 2132 ut
904 2071 1103 2132 reverenter
1129 2047 1390 2133 observaremus
1417 2069 1599 2154 praecepta

123 2205 129 2218 ·
191 2165 194 2174 ’
224 2192 298 2270 tua,
325 2191 359 2252 et
385 2179 485 2252 modo
519 2182 618 2250 etiam
646 2179 767 2271 dignos
796 2177 920 2250 duxisti
946 2199 1029 2266 nos,
1063 2181 1119 2272 qui
1155 2186 1189 2248 ιθ
1223 2179 1468 2272 aspiceremus,
1501 2185 1600 2271 atque

226 2319 341 2369 coram
369 2298 545 2387 majestate
572 2304 627 2366 tua
655 2296 823 2391 supplices
849 2305 984 2366 nostras
1014 2315 1135 2388 preces
1163 2293 1378 2367 offerremus:
1412 2311 1599 2364 conversus

225 2412 267 2485 ad
294 2434 357 2485 uos
384 2414 475 2483 mitte
501 2409 601 2483 nobis
632 2411 883 2484 benedictiones
911 2410 1032 2482 abste
1060 2409 1257 2500 defluentes,
1285 2420 1319 2483 et
1345 2408 1600 2481 circumdamus

224 2550 319 2599 muro
354 2526 674 2618 misericordiarum,
712 2550 773 2622 per
812 2525 987 2599 sollicitam
1022 2550 1155 2614 curam,
1191 2548 1406 2620 amoremque
1439 2525 1601 2616 unigeniti

199 2643 301 2716 lilii
327 2647 373 2715 tui
400 2666 482 2736 erga
508 2644 685 2716 humanum
711 2666 834 2736 genus:
874 2653 1094 2739 praestaque,
1130 2655 1166 2716 ut
1198 2645 1271 2715 sine
1306 2665 1398 2718 nova
1424 2640 1602 2713 reddamur

225 2762 406 2855 participes
439 2764 672 2856 mysteriorum
707 2760 794 2832 illius
828 2760 1041 2848 salutarium,
1080 2769 1114 2830 θι
1153 2763 1245 2831 vitae
1279 2759 1500 2832 efficientium:
1539 2776 1602 2849 per

226 2878 367 2967 gratiam
374 2929 385 2964 ,
412 2876 675 2950 misericordiam
703 2889 737 2949 θι
763 2880 934 2948 caritatem
960 2878 1122 2967 unigeniti
1148 2875 1224 2947 Filii
1249 2879 1295 2947 tui
1322 2896 1408 2967 erga
1426 2873 1601 2948 humanum

227 3013 352 3084 genus:
381 3016 456 3065 cum
483 3014 548 3088 quo
576 2992 634 3064 tihi
662 2992 801 3065 debetur
825 2992 911 3080 laus,
939 2990 1047 3083 gloria
1075 3001 1108 3063 et
1135 2981 1298 3084 adoratio,
1326 2990 1487 3085 simulque
1514 3009 1601 3061 san-

230 3111 378 3182 ctissimo
407 3119 463 3182 tuo
491 3109 639 3205 Spiritui,
666 3106 769 3198 hono,
796 3106 981 3199 adorando,
1008 3119 1071 3179 etc.

300 3226 493 3320 ,Populo
546 3226 667 3297 Amen.

188 3349 191 3354 '
331 3342 517 3414 Sacerdos.
569 3343 646 3414 Pax
672 3341 822 3414 omnihus
849 3340 959 3413 vobis.

331 3460 494 3553 Populus.
547 3458 691 3531 Etcum
719 3461 834 3553 spiritu
860 3467 930 3531 tuo.
1001 3467 1007 3480 “

244 3640 246 3643 ,
332 3577 516 3649 Sacerdos.
568 3576 620 3648 Sit
645 3577 753 3668 gratia
781 3574 951 3645 Trinitatis
978 3596 1053 3645 oum
1080 3571 1232 3647 omnibus
1258 3573 1369 3645 vohis.

334 3693 499 3786 Populus.
551 3691 695 3764 Etcum
724 3694 840 3786 spiritu
856 3679 934 3763 tuo.

334 3811 523 3883 Diaconos.
575 3809 789 3880 Revereuter
815 3806 1083 3902 contemplemur.

333 3927 519 3998 Sacerdos.
555 3925 698 4014 'Sancta
725 3926 859 3997 sanctis.

332 4043 493 4136 Populus.
548 4040 641 4114 Unus
667 4042 768 4113 Pater
796 4050 946 4112 sanctus:
973 4061 1057 4111 uuus
1073 4039 1178 4110 Filius
1206 4048 1356 4111 sanctus:
1382 4059 1467 4108 unus
1487 4038 1602 4133 Spiri-

133 4233 135 4236 ,
231 4170 283 4234 tus
309 4164 400 4232 vitae
428 4160 571 4232 efficiens
598 4168 749 4230 sauctus:
784 4157 899 4230 Gloria
925 4155 1034 4243 Patri,
1064 4164 1098 4226 et
1122 4154 1222 4244 Filio,
1248 4155 1446 4250 ethpiritui
1472 4163 1602 4241 sancto,

233 4280 288 4372 qui
313 4297 412 4348 unum
439 4276 573 4347 suntin
600 4274 745 4347 saecula.

334 4391 517 4464 Sacerdos.
570 4390 664 4462 Unus
690 4390 792 4462 Pater
818 4399 952 4461 sanctus
979 4388 1182 4460 nobiscum:

334 4509 523 4581 Diaconos.
577 4507 712 4579 Stemus
739 4507 897 4578 decenter
931 4527 1062 4578 omnes:
1097 4514 1224 4576 stemus
1256 4509 1463 4590 reverenter,
1489 4503 1605 4571 intanti

231 4630 344 4716 simus,
372 4625 448 4697 dum
474 4623 557 4697 haec
582 4622 766 4719 Anaphora
792 4627 825 4695 in
854 4644 940 4719 pace
967 4625 1149 4717 peragitur.

337 4741 498 4835 Populus.
554 4739 687 4812 Gratias
715 4744 843 4831 agimus
871 4738 930 4811 tibi
956 4740 1049 4810 Deus
1076 4747 1202 4810 noster.

335 4857 519 4929 Sacerdos.
572 4855 768 4929 Exaltamus
796 4867 829 4927 ιθ
855 4857 964 4927 Deum
979 4856 1114 4927 Patrem
1141 4856 1410 4949 omnipotentem,
1438 4861 1470 4923 θι
1496 4852 1603 4924 misc-

231 4974 416 5063 ricordem‚
443 4973 682 5068 laudamusque
718 4982 751 5044 ιθ
786 4970 991 5043 conditorem
1023 4972 1190 5060 universi,
1227 4980 1325 5065 atque
1359 4968 1535 5040 adoramus
1567 4976 1601 5038 te

234 5090 457 5163 abundantem
483 5088 729 5162 misericordia:
750 5091 806 5185 qui
827 5092 934 5181 gratia
950 5097 1006 5159 tua
1024 5090 1178 5161 misertus
1196 5108 1234 5160 es
1260 5088 1378 5172 nostri,
1405 5094 1438 5155 et
1458 5084 1601 5181 expiasti

287 5230 410 5273 romnsu
1345 5203 1393 5276 73
