<?xml version="1.0" encoding="UTF-8"?>
<!DOCTYPE html PUBLIC "-//W3C//DTD XHTML 1.0 Transitional//EN"
    "http://www.w3.org/TR/xhtml1/DTD/xhtml1-transitional.dtd">
<html xmlns="http://www.w3.org/1999/xhtml" xml:lang="en" lang="en">
 <head>
  <title>
</title>
<meta http-equiv="Content-Type" content="text/html;charset=utf-8" />
  <meta name='ocr-system' content='tesseract 3.04.00' />
  <meta name='ocr-capabilities' content='ocr_page ocr_carea ocr_par ocr_line ocrx_word'/>
</head>
<body>
  <div class='ocr_page' id='page_1' title='image "./liturgiarumorie00unkngoog/liturgiarumorie00unkngoog_0545.png"; bbox 0 0 4525 6034; ppageno 0'>
   <div class='ocr_carea' id='block_1_1' title="bbox 706 586 1651 665">
    <p class='ocr_par' dir='ltr' id='par_1_1' title="bbox 706 586 1651 665">
     <span class='ocr_line' id='line_1_1' title="bbox 706 586 1651 665; baseline -0.012 -1"><span class='ocrx_word' id='word_1_1' title='bbox 706 586 1244 665; x_wconf 85' lang='lat' dir='ltr'><strong>ALEXANDRINO.</strong></span> <span class='ocrx_word' id='word_1_2' title='bbox 1576 587 1651 662; x_wconf 9' lang='lat'><strong>381*</strong></span> 
     </span>
    </p>
   </div>
   <div class='ocr_carea' id='block_1_2' title="bbox 274 772 1653 2386">
    <p class='ocr_par' dir='ltr' id='par_1_2' title="bbox 274 772 1653 2386">
     <span class='ocr_line' id='line_1_2' title="bbox 276 772 1653 871; baseline -0.001 -23"><span class='ocrx_word' id='word_1_3' title='bbox 276 799 348 848; x_wconf 90' lang='lat' dir='ltr'><strong>rum</strong></span> <span class='ocrx_word' id='word_1_4' title='bbox 377 774 598 847; x_wconf 89' lang='lat' dir='ltr'><strong>saecularium</strong></span> <span class='ocrx_word' id='word_1_5' title='bbox 624 797 764 849; x_wconf 92' lang='lat' dir='ltr'><strong>numero</strong></span> <span class='ocrx_word' id='word_1_6' title='bbox 791 774 985 848; x_wconf 70' lang='lat' dir='ltr'><strong>sacerdotes</strong></span> <span class='ocrx_word' id='word_1_7' title='bbox 1016 777 1253 871; x_wconf 76' lang='lat' dir='ltr'><strong>reperirentur.</strong></span> <span class='ocrx_word' id='word_1_8' title='bbox 1313 772 1382 846; x_wconf 86' lang='lat' dir='ltr'><strong>Sed</strong></span> <span class='ocrx_word' id='word_1_9' title='bbox 1415 797 1514 870; x_wconf 88' lang='lat' dir='ltr'><strong>quam</strong></span> <span class='ocrx_word' id='word_1_10' title='bbox 1549 796 1653 871; x_wconf 87' lang='lat' dir='ltr'><strong>saepo</strong></span> 
     </span>
     <span class='ocr_line' id='line_1_3' title="bbox 278 890 1652 987; baseline -0.001 -21"><span class='ocrx_word' id='word_1_11' title='bbox 278 916 339 966; x_wconf 93' lang='lat' dir='ltr'><strong>sua</strong></span> <span class='ocrx_word' id='word_1_12' title='bbox 367 893 519 987; x_wconf 85' lang='lat' dir='ltr'><strong>Coptitas</strong></span> <span class='ocrx_word' id='word_1_13' title='bbox 546 894 659 987; x_wconf 92' lang='lat' dir='ltr'><strong>opioio</strong></span> <span class='ocrx_word' id='word_1_14' title='bbox 685 890 860 980; x_wconf 73' lang='lat' dir='ltr'><strong>fefellerit,</strong></span> <span class='ocrx_word' id='word_1_15' title='bbox 888 902 922 963; x_wconf 90' lang='lat' dir='ltr'><strong>et</strong></span> <span class='ocrx_word' id='word_1_16' title='bbox 943 914 1039 986; x_wconf 91' lang='lat' dir='ltr'><strong>quam</strong></span> <span class='ocrx_word' id='word_1_17' title='bbox 1062 890 1183 963; x_wconf 93' lang='lat' dir='ltr'><strong>multos</strong></span> <span class='ocrx_word' id='word_1_18' title='bbox 1197 915 1244 962; x_wconf 88' lang='lat' dir='ltr'><strong>ex</strong></span> <span class='ocrx_word' id='word_1_19' title='bbox 1264 893 1347 987; x_wconf 89' lang='lat' dir='ltr'><strong>ipsis</strong></span> <span class='ocrx_word' id='word_1_20' title='bbox 1368 893 1544 964; x_wconf 74' lang='lat' dir='ltr'><strong>strictioris</strong></span> <span class='ocrx_word' id='word_1_21' title='bbox 1561 895 1652 964; x_wconf 87' lang='lat' dir='ltr'><strong>vitae</strong></span> 
     </span>
     <span class='ocr_line' id='line_1_4' title="bbox 277 1006 1571 1104; baseline 0 -25"><span class='ocrx_word' id='word_1_22' title='bbox 277 1006 492 1081; x_wconf 81' lang='lat' dir='ltr'><strong>Monasteriis</strong></span> <span class='ocrx_word' id='word_1_23' title='bbox 517 1006 702 1080; x_wconf 87' lang='lat' dir='ltr'><strong>nebulones</strong></span> <span class='ocrx_word' id='word_1_24' title='bbox 729 1011 979 1104; x_wconf 76' lang='lat' dir='ltr'><strong>promoverint,</strong></span> <span class='ocrx_word' id='word_1_25' title='bbox 1004 1006 1142 1080; x_wconf 89' lang='lat' dir='ltr'><strong>historia</strong></span> <span class='ocrx_word' id='word_1_26' title='bbox 1167 1017 1282 1080; x_wconf 89' lang='lat' dir='ltr'><strong>nostra</strong></span> <span class='ocrx_word' id='word_1_27' title='bbox 1310 1010 1390 1080; x_wconf 90' lang='lat' dir='ltr'><strong>satis</strong></span> <span class='ocrx_word' id='word_1_28' title='bbox 1418 1006 1571 1079; x_wconf 87' lang='lat' dir='ltr'><strong>ostendit</strong></span> 
     </span>
     <span class='ocr_line' id='line_1_5' title="bbox 380 1119 1651 1220; baseline 0 -25"><span class='ocrx_word' id='word_1_29' title='bbox 380 1122 468 1195; x_wconf 87' lang='lat' dir='ltr'><strong>LXI.</strong></span> <span class='ocrx_word' id='word_1_30' title='bbox 500 1124 650 1212; x_wconf 85' lang='lat' dir='ltr'><strong>Decima,</strong></span> <span class='ocrx_word' id='word_1_31' title='bbox 678 1147 765 1220; x_wconf 90' lang='lat' dir='ltr'><strong>quae</strong></span> <span class='ocrx_word' id='word_1_32' title='bbox 790 1124 911 1197; x_wconf 88' lang='lat' dir='ltr'><strong>multus</strong></span> <span class='ocrx_word' id='word_1_33' title='bbox 938 1119 1029 1197; x_wconf 75' lang='lat' dir='ltr'><strong>alias‘</strong></span> <span class='ocrx_word' id='word_1_34' title='bbox 1049 1122 1288 1219; x_wconf 86' lang='lat' dir='ltr'><strong>complectitur,</strong></span> <span class='ocrx_word' id='word_1_35' title='bbox 1315 1122 1507 1216; x_wconf 86' lang='lat' dir='ltr'><strong>dignitatem</strong></span> <span class='ocrx_word' id='word_1_36' title='bbox 1533 1132 1567 1195; x_wconf 87' lang='lat' dir='ltr'><strong>et</strong></span> <span class='ocrx_word' id='word_1_37' title='bbox 1594 1127 1651 1195; x_wconf 91' lang='lat' dir='ltr'><strong>io-</strong></span> 
     </span>
     <span class='ocr_line' id='line_1_6' title="bbox 278 1237 1652 1336; baseline 0.002 -27"><span class='ocrx_word' id='word_1_38' title='bbox 278 1241 466 1331; x_wconf 87' lang='lat' dir='ltr'><strong>tegritatem</strong></span> <span class='ocrx_word' id='word_1_39' title='bbox 492 1262 620 1314; x_wconf 89' lang='lat' dir='ltr'><strong>morum</strong></span> <span class='ocrx_word' id='word_1_40' title='bbox 646 1244 783 1336; x_wconf 86' lang='lat' dir='ltr'><strong>proprie</strong></span> <span class='ocrx_word' id='word_1_41' title='bbox 810 1250 959 1336; x_wconf 90' lang='lat' dir='ltr'><strong>spectat,</strong></span> <span class='ocrx_word' id='word_1_42' title='bbox 985 1262 1106 1336; x_wconf 88' lang='lat' dir='ltr'><strong>nempe</strong></span> <span class='ocrx_word' id='word_1_43' title='bbox 1132 1242 1354 1312; x_wconf 88' lang='lat' dir='ltr'><strong>testimonium</strong></span> <span class='ocrx_word' id='word_1_44' title='bbox 1381 1237 1525 1327; x_wconf 88' lang='lat' dir='ltr'><strong>honmn,</strong></span> <span class='ocrx_word' id='word_1_45' title='bbox 1552 1245 1652 1313; x_wconf 92' lang='lat' dir='ltr'><strong>etiam</strong></span> 
     </span>
     <span class='ocr_line' id='line_1_7' title="bbox 278 1353 1652 1453; baseline 0.002 -26"><span class='ocrx_word' id='word_1_46' title='bbox 278 1355 320 1428; x_wconf 90' lang='lat' dir='ltr'><strong>ab</strong></span> <span class='ocrx_word' id='word_1_47' title='bbox 348 1354 412 1429; x_wconf 90' lang='lat' dir='ltr'><strong>illis</strong></span> <span class='ocrx_word' id='word_1_48' title='bbox 440 1359 494 1451; x_wconf 91' lang='lat' dir='ltr'><strong>qui</strong></span> <span class='ocrx_word' id='word_1_49' title='bbox 520 1355 604 1429; x_wconf 88' lang='lat' dir='ltr'><strong>ioris</strong></span> <span class='ocrx_word' id='word_1_50' title='bbox 631 1367 724 1430; x_wconf 82' lang='lat' dir='ltr'><strong>sunt:</strong></span> <span class='ocrx_word' id='word_1_51' title='bbox 751 1380 818 1431; x_wconf 90' lang='lat' dir='ltr'><strong>non</strong></span> <span class='ocrx_word' id='word_1_52' title='bbox 846 1360 893 1429; x_wconf 85' lang='lat' dir='ltr'><strong>sit</strong></span> <span class='ocrx_word' id='word_1_53' title='bbox 915 1355 1109 1444; x_wconf 90' lang='lat' dir='ltr'><strong>iracundus,</strong></span> <span class='ocrx_word' id='word_1_54' title='bbox 1136 1377 1204 1427; x_wconf 92' lang='lat' dir='ltr'><strong>non</strong></span> <span class='ocrx_word' id='word_1_55' title='bbox 1220 1353 1389 1446; x_wconf 88' lang='lat' dir='ltr'><strong>ebriosus,</strong></span> <span class='ocrx_word' id='word_1_56' title='bbox 1417 1379 1485 1430; x_wconf 90' lang='lat' dir='ltr'><strong>non</strong></span> <span class='ocrx_word' id='word_1_57' title='bbox 1504 1379 1652 1453; x_wconf 88' lang='lat' dir='ltr'><strong>percus-</strong></span> 
     </span>
     <span class='ocr_line' id='line_1_8' title="bbox 277 1471 1652 1570; baseline 0.004 -28"><span class='ocrx_word' id='word_1_58' title='bbox 277 1492 352 1562; x_wconf 91' lang='lat' dir='ltr'><strong>sor,</strong></span> <span class='ocrx_word' id='word_1_59' title='bbox 378 1494 447 1545; x_wconf 94' lang='lat' dir='ltr'><strong>non</strong></span> <span class='ocrx_word' id='word_1_60' title='bbox 474 1476 578 1570; x_wconf 83' lang='lat' dir='ltr'><strong>turpis</strong></span> <span class='ocrx_word' id='word_1_61' title='bbox 604 1472 687 1545; x_wconf 86' lang='lat' dir='ltr'><strong>lucri</strong></span> <span class='ocrx_word' id='word_1_62' title='bbox 713 1473 872 1569; x_wconf 91' lang='lat' dir='ltr'><strong>cupidus:</strong></span> <span class='ocrx_word' id='word_1_63' title='bbox 899 1484 934 1546; x_wconf 94' lang='lat' dir='ltr'><strong>ut</strong></span> <span class='ocrx_word' id='word_1_64' title='bbox 952 1483 1072 1570; x_wconf 88' lang='lat' dir='ltr'><strong>potens</strong></span> <span class='ocrx_word' id='word_1_65' title='bbox 1092 1476 1136 1545; x_wconf 86' lang='lat' dir='ltr'><strong>sit</strong></span> <span class='ocrx_word' id='word_1_66' title='bbox 1154 1494 1277 1568; x_wconf 89' lang='lat' dir='ltr'><strong>opere:</strong></span> <span class='ocrx_word' id='word_1_67' title='bbox 1304 1471 1412 1546; x_wconf 88' lang='lat' dir='ltr'><strong>verbo</strong></span> <span class='ocrx_word' id='word_1_68' title='bbox 1433 1484 1467 1545; x_wconf 91' lang='lat' dir='ltr'><strong>et</strong></span> <span class='ocrx_word' id='word_1_69' title='bbox 1489 1472 1652 1566; x_wconf 87' lang='lat' dir='ltr'><strong>doctrina,</strong></span> 
     </span>
     <span class='ocr_line' id='line_1_9' title="bbox 278 1587 1652 1686; baseline 0.002 -28"><span class='ocrx_word' id='word_1_70' title='bbox 278 1598 377 1682; x_wconf 89' lang='lat' dir='ltr'><strong>atquc</strong></span> <span class='ocrx_word' id='word_1_71' title='bbox 403 1588 489 1661; x_wconf 92' lang='lat' dir='ltr'><strong>adeo</strong></span> <span class='ocrx_word' id='word_1_72' title='bbox 515 1592 622 1686; x_wconf 90' lang='lat' dir='ltr'><strong>possit</strong></span> <span class='ocrx_word' id='word_1_73' title='bbox 646 1589 724 1662; x_wconf 85' lang='lat' dir='ltr'><strong>fidei</strong></span> <span class='ocrx_word' id='word_1_74' title='bbox 752 1589 968 1663; x_wconf 87' lang='lat' dir='ltr'><strong>adversarios</strong></span> <span class='ocrx_word' id='word_1_75' title='bbox 995 1612 1199 1682; x_wconf 82' lang='lat' dir='ltr'><strong>coarguere:</strong></span> <span class='ocrx_word' id='word_1_76' title='bbox 1240 1613 1326 1685; x_wconf 92' lang='lat' dir='ltr'><strong>quae</strong></span> <span class='ocrx_word' id='word_1_77' title='bbox 1359 1593 1469 1663; x_wconf 91' lang='lat' dir='ltr'><strong>omnia</strong></span> <span class='ocrx_word' id='word_1_78' title='bbox 1502 1587 1652 1663; x_wconf 83' lang='lat' dir='ltr'><strong>desumto</strong></span> 
     </span>
     <span class='ocr_line' id='line_1_10' title="bbox 277 1704 1651 1802; baseline 0.003 -27"><span class='ocrx_word' id='word_1_79' title='bbox 277 1714 353 1775; x_wconf 88' lang='lat' dir='ltr'><strong>sunt</strong></span> <span class='ocrx_word' id='word_1_80' title='bbox 379 1726 424 1775; x_wconf 88' lang='lat' dir='ltr'><strong>ex</strong></span> <span class='ocrx_word' id='word_1_81' title='bbox 450 1704 610 1801; x_wconf 91' lang='lat' dir='ltr'><strong>Epistolis</strong></span> <span class='ocrx_word' id='word_1_82' title='bbox 638 1706 680 1778; x_wconf 86' lang='lat' dir='ltr'><strong>ad</strong></span> <span class='ocrx_word' id='word_1_83' title='bbox 707 1706 918 1780; x_wconf 80' lang='lat' dir='ltr'><strong>Timotheum</strong></span> <span class='ocrx_word' id='word_1_84' title='bbox 944 1716 978 1778; x_wconf 91' lang='lat' dir='ltr'><strong>et</strong></span> <span class='ocrx_word' id='word_1_85' title='bbox 1004 1706 1047 1778; x_wconf 92' lang='lat' dir='ltr'><strong>ad</strong></span> <span class='ocrx_word' id='word_1_86' title='bbox 1073 1705 1201 1779; x_wconf 80' lang='lat' dir='ltr'><strong>Titum:</strong></span> <span class='ocrx_word' id='word_1_87' title='bbox 1235 1718 1336 1802; x_wconf 90' lang='lat' dir='ltr'><strong>utque</strong></span> <span class='ocrx_word' id='word_1_88' title='bbox 1368 1729 1485 1780; x_wconf 89' lang='lat' dir='ltr'><strong>omncs</strong></span> <span class='ocrx_word' id='word_1_89' title='bbox 1512 1708 1651 1780; x_wconf 87' lang='lat' dir='ltr'><strong>virtutes</strong></span> 
     </span>
     <span class='ocr_line' id='line_1_11' title="bbox 275 1818 1653 1920; baseline 0.001 -29"><span class='ocrx_word' id='word_1_90' title='bbox 275 1818 414 1908; x_wconf 89' lang='lat' dir='ltr'><strong>haheat,</strong></span> <span class='ocrx_word' id='word_1_91' title='bbox 448 1844 531 1916; x_wconf 90' lang='lat' dir='ltr'><strong>quas</strong></span> <span class='ocrx_word' id='word_1_92' title='bbox 565 1821 753 1918; x_wconf 81' lang='lat' dir='ltr'><strong>Apostolus</strong></span> <span class='ocrx_word' id='word_1_93' title='bbox 784 1826 818 1896; x_wconf 93' lang='lat' dir='ltr'><strong>in</strong></span> <span class='ocrx_word' id='word_1_94' title='bbox 852 1822 1023 1920; x_wconf 83' lang='lat' dir='ltr'><strong>Episcopo</strong></span> <span class='ocrx_word' id='word_1_95' title='bbox 1060 1826 1182 1915; x_wconf 81' lang='lat' dir='ltr'><strong>exigit:</strong></span> <span class='ocrx_word' id='word_1_96' title='bbox 1224 1846 1360 1918; x_wconf 87' lang='lat' dir='ltr'><strong>quarum</strong></span> <span class='ocrx_word' id='word_1_97' title='bbox 1396 1827 1495 1896; x_wconf 89' lang='lat' dir='ltr'><strong>etiam</strong></span> <span class='ocrx_word' id='word_1_98' title='bbox 1528 1822 1653 1896; x_wconf 91' lang='lat' dir='ltr'><strong>dotium</strong></span> 
     </span>
     <span class='ocr_line' id='line_1_12' title="bbox 274 1935 1652 2036; baseline 0.001 -28"><span class='ocrx_word' id='word_1_99' title='bbox 274 1935 455 2008; x_wconf 84' lang='lat' dir='ltr'><strong>nonnullae</strong></span> <span class='ocrx_word' id='word_1_100' title='bbox 477 1941 547 2030; x_wconf 91' lang='lat' dir='ltr'><strong>jam</strong></span> <span class='ocrx_word' id='word_1_101' title='bbox 573 1936 683 2012; x_wconf 93' lang='lat' dir='ltr'><strong>locum</strong></span> <span class='ocrx_word' id='word_1_102' title='bbox 700 1962 777 2026; x_wconf 68' lang='lat' dir='ltr'><strong>¹uon</strong></span> <span class='ocrx_word' id='word_1_103' title='bbox 803 1939 941 2016; x_wconf 88' lang='lat' dir='ltr'><strong>hahent:</strong></span> <span class='ocrx_word' id='word_1_104' title='bbox 982 1951 1018 2012; x_wconf 86' lang='lat' dir='ltr'><strong>ut</strong></span> <span class='ocrx_word' id='word_1_105' title='bbox 1045 1939 1134 2036; x_wconf 95' lang='lat' dir='ltr'><strong>quod</strong></span> <span class='ocrx_word' id='word_1_106' title='bbox 1160 1939 1349 2036; x_wconf 87' lang='lat' dir='ltr'><strong>Episcopus</strong></span> <span class='ocrx_word' id='word_1_107' title='bbox 1382 1962 1450 2012; x_wconf 91' lang='lat' dir='ltr'><strong>non</strong></span> <span class='ocrx_word' id='word_1_108' title='bbox 1483 1942 1526 2013; x_wconf 89' lang='lat' dir='ltr'><strong>sit</strong></span> <span class='ocrx_word' id='word_1_109' title='bbox 1550 1938 1652 2011; x_wconf 90' lang='lat' dir='ltr'><strong>Neo-</strong></span> 
     </span>
     <span class='ocr_line' id='line_1_13' title="bbox 275 2052 1651 2154; baseline 0.002 -29"><span class='ocrx_word' id='word_1_110' title='bbox 275 2052 415 2150; x_wconf 80' lang='lat' dir='ltr'><strong>phytos,</strong></span> <span class='ocrx_word' id='word_1_111' title='bbox 444 2076 541 2149; x_wconf 90' lang='lat' dir='ltr'><strong>quam</strong></span> <span class='ocrx_word' id='word_1_112' title='bbox 569 2064 679 2127; x_wconf 72' lang='lat' dir='ltr'><strong>umen</strong></span> <span class='ocrx_word' id='word_1_113' title='bbox 705 2058 738 2127; x_wconf 91' lang='lat' dir='ltr'><strong>in</strong></span> <span class='ocrx_word' id='word_1_114' title='bbox 764 2055 857 2129; x_wconf 92' lang='lat' dir='ltr'><strong>lihris</strong></span> <span class='ocrx_word' id='word_1_115' title='bbox 885 2061 954 2130; x_wconf 90' lang='lat' dir='ltr'><strong>suis</strong></span> <span class='ocrx_word' id='word_1_116' title='bbox 980 2060 1222 2154; x_wconf 85' lang='lat' dir='ltr'><strong>praescriptam</strong></span> <span class='ocrx_word' id='word_1_117' title='bbox 1250 2068 1405 2146; x_wconf 86' lang='lat' dir='ltr'><strong>servant,</strong></span> <span class='ocrx_word' id='word_1_118' title='bbox 1430 2056 1560 2131; x_wconf 89' lang='lat' dir='ltr'><strong>honore</strong></span> <span class='ocrx_word' id='word_1_119' title='bbox 1581 2079 1651 2151; x_wconf 91' lang='lat' dir='ltr'><strong>po-</strong></span> 
     </span>
     <span class='ocr_line' id='line_1_14' title="bbox 275 2170 1650 2270; baseline 0.003 -30"><span class='ocrx_word' id='word_1_120' title='bbox 275 2173 339 2241; x_wconf 89' lang='lat' dir='ltr'><strong>tius</strong></span> <span class='ocrx_word' id='word_1_121' title='bbox 365 2170 523 2266; x_wconf 88' lang='lat' dir='ltr'><strong>Apostoli</strong></span> <span class='ocrx_word' id='word_1_122' title='bbox 550 2182 584 2243; x_wconf 91' lang='lat' dir='ltr'><strong>et</strong></span> <span class='ocrx_word' id='word_1_123' title='bbox 610 2193 782 2245; x_wconf 87' lang='lat' dir='ltr'><strong>sacrorum</strong></span> <span class='ocrx_word' id='word_1_124' title='bbox 810 2173 1002 2261; x_wconf 85' lang='lat' dir='ltr'><strong>Cauonum,</strong></span> <span class='ocrx_word' id='word_1_125' title='bbox 1032 2196 1130 2269; x_wconf 92' lang='lat' dir='ltr'><strong>quam</strong></span> <span class='ocrx_word' id='word_1_126' title='bbox 1152 2195 1198 2245; x_wconf 88' lang='lat' dir='ltr'><strong>ex</strong></span> <span class='ocrx_word' id='word_1_127' title='bbox 1220 2175 1443 2270; x_wconf 89' lang='lat' dir='ltr'><strong>posteriorum</strong></span> <span class='ocrx_word' id='word_1_128' title='bbox 1465 2184 1650 2268; x_wconf 91' lang='lat' dir='ltr'><strong>temporum</strong></span> 
     </span>
     <span class='ocr_line' id='line_1_15' title="bbox 276 2285 1651 2386; baseline 0 -29"><span class='ocrx_word' id='word_1_129' title='bbox 276 2285 468 2382; x_wconf 86' lang='lat' dir='ltr'><strong>disciplina,</strong></span> <span class='ocrx_word' id='word_1_130' title='bbox 496 2290 528 2358; x_wconf 92' lang='lat' dir='ltr'><strong>iu</strong></span> <span class='ocrx_word' id='word_1_131' title='bbox 556 2310 620 2382; x_wconf 94' lang='lat' dir='ltr'><strong>qua</strong></span> <span class='ocrx_word' id='word_1_132' title='bbox 647 2293 800 2384; x_wconf 89' lang='lat' dir='ltr'><strong>usurpari</strong></span> <span class='ocrx_word' id='word_1_133' title='bbox 825 2288 909 2361; x_wconf 90' lang='lat' dir='ltr'><strong>haec</strong></span> <span class='ocrx_word' id='word_1_134' title='bbox 937 2293 1045 2361; x_wconf 90' lang='lat' dir='ltr'><strong>cautio</strong></span> <span class='ocrx_word' id='word_1_135' title='bbox 1064 2311 1132 2363; x_wconf 93' lang='lat' dir='ltr'><strong>non</strong></span> <span class='ocrx_word' id='word_1_136' title='bbox 1153 2299 1274 2386; x_wconf 90' lang='lat' dir='ltr'><strong>potest.</strong></span> <span class='ocrx_word' id='word_1_137' title='bbox 1307 2288 1427 2384; x_wconf 91' lang='lat' dir='ltr'><strong>Neque</strong></span> <span class='ocrx_word' id='word_1_138' title='bbox 1443 2291 1531 2361; x_wconf 87' lang='lat' dir='ltr'><strong>enim</strong></span> <span class='ocrx_word' id='word_1_139' title='bbox 1549 2287 1651 2383; x_wconf 91' lang='lat' dir='ltr'><strong>quid-</strong></span> 
     </span>
    </p>
   </div>
   <div class='ocr_carea' id='block_1_3' title="bbox 273 2404 1772 2971">
    <p class='ocr_par' dir='ltr' id='par_1_3' title="bbox 273 2404 1772 2971">
     <span class='ocr_line' id='line_1_16' title="bbox 275 2404 1651 2500; baseline 0.003 -28"><span class='ocrx_word' id='word_1_140' title='bbox 275 2424 375 2496; x_wconf 90' lang='lat' dir='ltr'><strong>quam</strong></span> <span class='ocrx_word' id='word_1_141' title='bbox 405 2407 513 2478; x_wconf 89' lang='lat' dir='ltr'><strong>rarius</strong></span> <span class='ocrx_word' id='word_1_142' title='bbox 547 2404 687 2493; x_wconf 90' lang='lat' dir='ltr'><strong>accidit,</strong></span> <span class='ocrx_word' id='word_1_143' title='bbox 725 2427 822 2500; x_wconf 85' lang='lat' dir='ltr'><strong>quam</strong></span> <span class='ocrx_word' id='word_1_144' title='bbox 855 2416 890 2478; x_wconf 90' lang='lat' dir='ltr'><strong>ut</strong></span> <span class='ocrx_word' id='word_1_145' title='bbox 916 2429 963 2478; x_wconf 87' lang='lat' dir='ltr'><strong>cx</strong></span> <span class='ocrx_word' id='word_1_146' title='bbox 989 2406 1127 2479; x_wconf 85' lang='lat' dir='ltr'><strong>ludaeis</strong></span> <span class='ocrx_word' id='word_1_147' title='bbox 1154 2416 1210 2478; x_wconf 89' lang='lat' dir='ltr'><strong>aut</strong></span> <span class='ocrx_word' id='word_1_148' title='bbox 1235 2405 1486 2478; x_wconf 87' lang='lat' dir='ltr'><strong>Muhamedanis</strong></span> <span class='ocrx_word' id='word_1_149' title='bbox 1520 2404 1651 2499; x_wconf 89' lang='lat' dir='ltr'><strong>quidum</strong></span> 
     </span>
     <span class='ocr_line' id='line_1_17' title="bbox 275 2517 1651 2619; baseline 0.001 -29"><span class='ocrx_word' id='word_1_150' title='bbox 275 2517 319 2590; x_wconf 89' lang='lat' dir='ltr'><strong>ad</strong></span> <span class='ocrx_word' id='word_1_151' title='bbox 355 2518 453 2591; x_wconf 89' lang='lat' dir='ltr'><strong>iidem</strong></span> <span class='ocrx_word' id='word_1_152' title='bbox 487 2519 709 2594; x_wconf 84' lang='lat' dir='ltr'><strong>Christianam</strong></span> <span class='ocrx_word' id='word_1_153' title='bbox 753 2532 1010 2614; x_wconf 85' lang='lat' dir='ltr'><strong>convertantur,</strong></span> <span class='ocrx_word' id='word_1_154' title='bbox 1052 2531 1086 2594; x_wconf 92' lang='lat' dir='ltr'><strong>et</strong></span> <span class='ocrx_word' id='word_1_155' title='bbox 1120 2520 1364 2619; x_wconf 92' lang='lat' dir='ltr'><strong>Episcoporum</strong></span> <span class='ocrx_word' id='word_1_156' title='bbox 1403 2546 1449 2596; x_wconf 91' lang='lat' dir='ltr'><strong>cx</strong></span> <span class='ocrx_word' id='word_1_157' title='bbox 1487 2519 1651 2615; x_wconf 90' lang='lat' dir='ltr'><strong>ejusmodi</strong></span> 
     </span>
     <span class='ocr_line' id='line_1_18' title="bbox 273 2635 1656 2736; baseline 0.001 -30"><span class='ocrx_word' id='word_1_158' title='bbox 273 2635 457 2731; x_wconf 80' lang='lat' dir='ltr'><strong>proselytis</strong></span> <span class='ocrx_word' id='word_1_159' title='bbox 483 2636 664 2726; x_wconf 83' lang='lat' dir='ltr'><strong>iacturum,</strong></span> <span class='ocrx_word' id='word_1_160' title='bbox 692 2647 749 2711; x_wconf 89' lang='lat' dir='ltr'><strong>aut</strong></span> <span class='ocrx_word' id='word_1_161' title='bbox 774 2642 944 2713; x_wconf 87' lang='lat' dir='ltr'><strong>rarissima</strong></span> <span class='ocrx_word' id='word_1_162' title='bbox 972 2649 1029 2712; x_wconf 83' lang='lat' dir='ltr'><strong>aut</strong></span> <span class='ocrx_word' id='word_1_163' title='bbox 1054 2639 1143 2711; x_wconf 89' lang='lat' dir='ltr'><strong>nulla</strong></span> <span class='ocrx_word' id='word_1_164' title='bbox 1171 2640 1327 2736; x_wconf 87' lang='lat' dir='ltr'><strong>exempla</strong></span> <span class='ocrx_word' id='word_1_165' title='bbox 1354 2648 1437 2713; x_wconf 86' lang='lat' dir='ltr'><strong>sunt</strong></span> <span class='ocrx_word' id='word_1_166' title='bbox 1484 2639 1554 2712; x_wconf 93' lang='lat' dir='ltr'><strong>Imo</strong></span> <span class='ocrx_word' id='word_1_167' title='bbox 1583 2661 1656 2709; x_wconf 92' lang='lat' dir='ltr'><strong>ca-·</strong></span> 
     </span>
     <span class='ocr_line' id='line_1_19' title="bbox 276 2752 1649 2853; baseline 0.003 -31"><span class='ocrx_word' id='word_1_168' title='bbox 276 2761 359 2823; x_wconf 90' lang='lat' dir='ltr'><strong>veut</strong></span> <span class='ocrx_word' id='word_1_169' title='bbox 379 2752 555 2827; x_wconf 82' lang='lat' dir='ltr'><strong>Christiani</strong></span> <span class='ocrx_word' id='word_1_170' title='bbox 575 2755 781 2846; x_wconf 72' lang='lat' dir='ltr'><strong>orientales,</strong></span> <span class='ocrx_word' id='word_1_171' title='bbox 807 2779 852 2828; x_wconf 91' lang='lat' dir='ltr'><strong>nc</strong></span> <span class='ocrx_word' id='word_1_172' title='bbox 866 2756 1027 2853; x_wconf 87' lang='lat' dir='ltr'><strong>Episcopi</strong></span> <span class='ocrx_word' id='word_1_173' title='bbox 1043 2760 1252 2829; x_wconf 88' lang='lat' dir='ltr'><strong>instituantur</strong></span> <span class='ocrx_word' id='word_1_174' title='bbox 1268 2755 1335 2846; x_wconf 94' lang='lat' dir='ltr'><strong>illi,</strong></span> <span class='ocrx_word' id='word_1_175' title='bbox 1364 2776 1504 2851; x_wconf 90' lang='lat' dir='ltr'><strong>quorum</strong></span> <span class='ocrx_word' id='word_1_176' title='bbox 1525 2752 1649 2826; x_wconf 85' lang='lat' dir='ltr'><strong>iratres</strong></span> 
     </span>
     <span class='ocr_line' id='line_1_20' title="bbox 276 2869 1772 2971; baseline 0.001 -33"><span class='ocrx_word' id='word_1_177' title='bbox 276 2878 334 2939; x_wconf 83' lang='lat' dir='ltr'><strong>aut</strong></span> <span class='ocrx_word' id='word_1_178' title='bbox 361 2869 474 2943; x_wconf 88' lang='lat' dir='ltr'><strong>allincs</strong></span> <span class='ocrx_word' id='word_1_179' title='bbox 500 2869 794 2958; x_wconf 86' lang='lat' dir='ltr'><strong>Muhamedismum</strong></span> <span class='ocrx_word' id='word_1_180' title='bbox 829 2872 975 2971; x_wconf 87' lang='lat' dir='ltr'><strong>amplexi</strong></span> <span class='ocrx_word' id='word_1_181' title='bbox 1010 2883 1100 2945; x_wconf 91' lang='lat' dir='ltr'><strong>sunt:</strong></span> <span class='ocrx_word' id='word_1_182' title='bbox 1138 2881 1173 2943; x_wconf 88' lang='lat' dir='ltr'><strong>et</strong></span> <span class='ocrx_word' id='word_1_183' title='bbox 1205 2871 1332 2967; x_wconf 85' lang='lat' dir='ltr'><strong>aliquot</strong></span> <span class='ocrx_word' id='word_1_184' title='bbox 1366 2872 1529 2967; x_wconf 90' lang='lat' dir='ltr'><strong>exemplis</strong></span> <span class='ocrx_word' id='word_1_185' title='bbox 1565 2870 1649 2942; x_wconf 91' lang='lat' dir='ltr'><strong>haec</strong></span> <span class='ocrx_word' id='word_1_186' title='bbox 1766 2889 1772 2908; x_wconf 50' lang='grc' dir='ltr'>ι</span> 
     </span>
    </p>
   </div>
   <div class='ocr_carea' id='block_1_4' title="bbox 274 2983 1650 4012">
    <p class='ocr_par' dir='ltr' id='par_1_4' title="bbox 274 2983 1650 3643">
     <span class='ocr_line' id='line_1_21' title="bbox 276 2983 1647 3084; baseline 0 -28"><span class='ocrx_word' id='word_1_187' title='bbox 276 2983 450 3081; x_wconf 89' lang='lat' dir='ltr'><strong>disciphna</strong></span> <span class='ocrx_word' id='word_1_188' title='bbox 476 2986 668 3059; x_wconf 88' lang='lat' dir='ltr'><strong>confirmata</strong></span> <span class='ocrx_word' id='word_1_189' title='bbox 694 2994 859 3084; x_wconf 87' lang='lat' dir='ltr'><strong>reperitur</strong></span> <span class='ocrx_word' id='word_1_190' title='bbox 883 2993 916 3061; x_wconf 93' lang='lat' dir='ltr'><strong>in</strong></span> <span class='ocrx_word' id='word_1_191' title='bbox 936 2989 1083 3062; x_wconf 88' lang='lat' dir='ltr'><strong>Historia</strong></span> <span class='ocrx_word' id='word_1_192' title='bbox 1105 2987 1352 3061; x_wconf 85' lang='lat' dir='ltr'><strong>Catholicorum</strong></span> <span class='ocrx_word' id='word_1_193' title='bbox 1371 2986 1647 3079; x_wconf 84' lang='lat' dir='ltr'><strong>Bagdadensium.</strong></span> 
     </span>
     <span class='ocr_line' id='line_1_22' title="bbox 275 3099 1648 3201; baseline 0.002 -31"><span class='ocrx_word' id='word_1_194' title='bbox 275 3099 402 3171; x_wconf 89' lang='lat' dir='ltr'><strong>Vemm</strong></span> <span class='ocrx_word' id='word_1_195' title='bbox 428 3101 543 3193; x_wconf 88' lang='lat' dir='ltr'><strong>aliam,</strong></span> <span class='ocrx_word' id='word_1_196' title='bbox 571 3114 605 3175; x_wconf 88' lang='lat' dir='ltr'><strong>et</strong></span> <span class='ocrx_word' id='word_1_197' title='bbox 632 3104 762 3200; x_wconf 89' lang='lat' dir='ltr'><strong>quidem</strong></span> <span class='ocrx_word' id='word_1_198' title='bbox 788 3109 953 3199; x_wconf 81' lang='lat' dir='ltr'><strong>insignem</strong></span> <span class='ocrx_word' id='word_1_199' title='bbox 979 3128 1063 3201; x_wconf 87' lang='lat' dir='ltr'><strong>prae</strong></span> <span class='ocrx_word' id='word_1_200' title='bbox 1090 3108 1254 3193; x_wconf 84' lang='lat' dir='ltr'><strong>caeteris,</strong></span> <span class='ocrx_word' id='word_1_201' title='bbox 1282 3106 1435 3198; x_wconf 88' lang='lat' dir='ltr'><strong>autiquae</strong></span> <span class='ocrx_word' id='word_1_202' title='bbox 1466 3112 1501 3173; x_wconf 88' lang='lat' dir='ltr'><strong>et</strong></span> <span class='ocrx_word' id='word_1_203' title='bbox 1531 3105 1648 3198; x_wconf 89' lang='lat' dir='ltr'><strong>puris-</strong></span> 
     </span>
     <span class='ocr_line' id='line_1_23' title="bbox 275 3216 1649 3319; baseline 0 -29"><span class='ocrx_word' id='word_1_204' title='bbox 275 3219 382 3290; x_wconf 88' lang='lat' dir='ltr'><strong>simae</strong></span> <span class='ocrx_word' id='word_1_205' title='bbox 408 3224 592 3293; x_wconf 90' lang='lat' dir='ltr'><strong>sanctitatis</strong></span> <span class='ocrx_word' id='word_1_206' title='bbox 619 3231 736 3294; x_wconf 90' lang='lat' dir='ltr'><strong>testem</strong></span> <span class='ocrx_word' id='word_1_207' title='bbox 764 3222 985 3295; x_wconf 90' lang='lat' dir='ltr'><strong>conditionem</strong></span> <span class='ocrx_word' id='word_1_208' title='bbox 1011 3243 1237 3319; x_wconf 87' lang='lat' dir='ltr'><strong>apponemus,</strong></span> <span class='ocrx_word' id='word_1_209' title='bbox 1272 3224 1366 3314; x_wconf 89' lang='lat' dir='ltr'><strong>cujus</strong></span> <span class='ocrx_word' id='word_1_210' title='bbox 1398 3240 1508 3314; x_wconf 88' lang='lat' dir='ltr'><strong>neque</strong></span> <span class='ocrx_word' id='word_1_211' title='bbox 1533 3216 1649 3291; x_wconf 90' lang='lat' dir='ltr'><strong>Abul-</strong></span> 
     </span>
     <span class='ocr_line' id='line_1_24' title="bbox 275 3330 1650 3432; baseline 0.002 -28"><span class='ocrx_word' id='word_1_212' title='bbox 275 3330 385 3406; x_wconf 88' lang='lat' dir='ltr'><strong>hircat</strong></span> <span class='ocrx_word' id='word_1_213' title='bbox 414 3358 524 3432; x_wconf 91' lang='lat' dir='ltr'><strong>neque</strong></span> <span class='ocrx_word' id='word_1_214' title='bbox 556 3336 781 3428; x_wconf 90' lang='lat' dir='ltr'><strong>Ehnassalus,</strong></span> <span class='ocrx_word' id='word_1_215' title='bbox 817 3348 874 3411; x_wconf 90' lang='lat' dir='ltr'><strong>aut</strong></span> <span class='ocrx_word' id='word_1_216' title='bbox 909 3339 964 3411; x_wconf 90' lang='lat' dir='ltr'><strong>alii</strong></span> <span class='ocrx_word' id='word_1_217' title='bbox 1000 3342 1238 3427; x_wconf 88' lang='lat' dir='ltr'><strong>meminerunt,</strong></span> <span class='ocrx_word' id='word_1_218' title='bbox 1270 3336 1331 3409; x_wconf 92' lang='lat' dir='ltr'><strong>sed</strong></span> <span class='ocrx_word' id='word_1_219' title='bbox 1364 3339 1458 3429; x_wconf 90' lang='lat' dir='ltr'><strong>cujus</strong></span> <span class='ocrx_word' id='word_1_220' title='bbox 1490 3345 1583 3407; x_wconf 87' lang='lat' dir='ltr'><strong>certe</strong></span> <span class='ocrx_word' id='word_1_221' title='bbox 1617 3344 1650 3407; x_wconf 90' lang='lat' dir='ltr'><strong>et</strong></span> 
     </span>
     <span class='ocr_line' id='line_1_25' title="bbox 274 3451 1649 3550; baseline 0.002 -29"><span class='ocrx_word' id='word_1_222' title='bbox 274 3473 443 3546; x_wconf 87' lang='lat' dir='ltr'><strong>nunquam</strong></span> <span class='ocrx_word' id='word_1_223' title='bbox 469 3456 649 3550; x_wconf 88' lang='lat' dir='ltr'><strong>interrupta</strong></span> <span class='ocrx_word' id='word_1_224' title='bbox 676 3454 734 3528; x_wconf 87' lang='lat' dir='ltr'><strong>luit</strong></span> <span class='ocrx_word' id='word_1_225' title='bbox 760 3457 793 3526; x_wconf 92' lang='lat' dir='ltr'><strong>in</strong></span> <span class='ocrx_word' id='word_1_226' title='bbox 820 3454 1058 3528; x_wconf 76' lang='lat' dir='ltr'><strong>Alexandrinis</strong></span> <span class='ocrx_word' id='word_1_227' title='bbox 1084 3452 1286 3526; x_wconf 87' lang='lat' dir='ltr'><strong>Patriarchis</strong></span> <span class='ocrx_word' id='word_1_228' title='bbox 1315 3451 1552 3526; x_wconf 87' lang='lat' dir='ltr'><strong>constituendis</strong></span> <span class='ocrx_word' id='word_1_229' title='bbox 1579 3451 1649 3524; x_wconf 92' lang='lat' dir='ltr'><strong>oh·</strong></span> 
     </span>
     <span class='ocr_line' id='line_1_26' title="bbox 276 3571 437 3643; baseline -0.012 -2"><span class='ocrx_word' id='word_1_230' title='bbox 276 3571 437 3643; x_wconf 84' lang='lat' dir='ltr'><strong>servatio.</strong></span> 
     </span>
    </p>

    <p class='ocr_par' dir='ltr' id='par_1_5' title="bbox 274 3683 1650 4012">
     <span class='ocr_line' id='line_1_27' title="bbox 376 3683 1650 3784; baseline -0.001 -28"><span class='ocrx_word' id='word_1_231' title='bbox 376 3683 480 3757; x_wconf 82' lang='lat' dir='ltr'><strong>LXll</strong></span> <span class='ocrx_word' id='word_1_232' title='bbox 507 3684 690 3758; x_wconf 89' lang='lat' dir='ltr'><strong>Undecima</strong></span> <span class='ocrx_word' id='word_1_233' title='bbox 717 3696 787 3777; x_wconf 87' lang='lat' dir='ltr'><strong>cst,</strong></span> <span class='ocrx_word' id='word_1_234' title='bbox 814 3687 902 3781; x_wconf 90' lang='lat' dir='ltr'><strong>quod</strong></span> <span class='ocrx_word' id='word_1_235' title='bbox 928 3688 1118 3784; x_wconf 89' lang='lat' dir='ltr'><strong>Episcopus</strong></span> <span class='ocrx_word' id='word_1_236' title='bbox 1145 3709 1212 3758; x_wconf 91' lang='lat' dir='ltr'><strong>uon</strong></span> <span class='ocrx_word' id='word_1_237' title='bbox 1240 3688 1300 3758; x_wconf 91' lang='lat' dir='ltr'><strong>sit:</strong></span> <span class='ocrx_word' id='word_1_238' title='bbox 1326 3708 1402 3757; x_wconf 90' lang='lat' dir='ltr'><strong>nam</strong></span> <span class='ocrx_word' id='word_1_239' title='bbox 1430 3683 1463 3758; x_wconf 92' lang='lat' dir='ltr'><strong>in</strong></span> <span class='ocrx_word' id='word_1_240' title='bbox 1482 3685 1549 3757; x_wconf 89' lang='lat' dir='ltr'><strong>alia</strong></span> <span class='ocrx_word' id='word_1_241' title='bbox 1567 3683 1650 3759; x_wconf 89' lang='lat' dir='ltr'><strong>sede</strong></span> 
     </span>
     <span class='ocr_line' id='line_1_28' title="bbox 274 3799 1650 3897; baseline 0.004 -28"><span class='ocrx_word' id='word_1_242' title='bbox 274 3799 462 3872; x_wconf 89' lang='lat' dir='ltr'><strong>ordinatum</strong></span> <span class='ocrx_word' id='word_1_243' title='bbox 488 3822 655 3896; x_wconf 87' lang='lat' dir='ltr'><strong>nunquam</strong></span> <span class='ocrx_word' id='word_1_244' title='bbox 681 3800 948 3875; x_wconf 85' lang='lat' dir='ltr'><strong>transferendum</strong></span> <span class='ocrx_word' id='word_1_245' title='bbox 975 3806 1254 3876; x_wconf 81' lang='lat' dir='ltr'><strong>existimaverunt</strong></span> <span class='ocrx_word' id='word_1_246' title='bbox 1279 3801 1321 3873; x_wconf 90' lang='lat' dir='ltr'><strong>ad</strong></span> <span class='ocrx_word' id='word_1_247' title='bbox 1342 3800 1588 3897; x_wconf 89' lang='lat' dir='ltr'><strong>amplissimam,</strong></span> <span class='ocrx_word' id='word_1_248' title='bbox 1616 3812 1650 3874; x_wconf 90' lang='lat' dir='ltr'><strong>et</strong></span> 
     </span>
     <span class='ocr_line' id='line_1_29' title="bbox 276 3915 1650 4012; baseline 0.002 -25"><span class='ocrx_word' id='word_1_249' title='bbox 276 3939 341 4010; x_wconf 89' lang='lat' dir='ltr'><strong>qua</strong></span> <span class='ocrx_word' id='word_1_250' title='bbox 368 3915 457 3988; x_wconf 91' lang='lat' dir='ltr'><strong>nulla</strong></span> <span class='ocrx_word' id='word_1_251' title='bbox 483 3921 568 3989; x_wconf 91' lang='lat' dir='ltr'><strong>inter</strong></span> <span class='ocrx_word' id='word_1_252' title='bbox 594 3938 653 3989; x_wconf 90' lang='lat' dir='ltr'><strong>eos</strong></span> <span class='ocrx_word' id='word_1_253' title='bbox 681 3922 789 4012; x_wconf 91' lang='lat' dir='ltr'><strong>major</strong></span> <span class='ocrx_word' id='word_1_254' title='bbox 816 3928 884 4008; x_wconf 77' lang='lat' dir='ltr'><strong>est,</strong></span> <span class='ocrx_word' id='word_1_255' title='bbox 911 3919 1123 3992; x_wconf 86' lang='lat' dir='ltr'><strong>Patriarchae</strong></span> <span class='ocrx_word' id='word_1_256' title='bbox 1150 3919 1353 4011; x_wconf 86' lang='lat' dir='ltr'><strong>dignitatem.</strong></span> <span class='ocrx_word' id='word_1_257' title='bbox 1386 3917 1458 3990; x_wconf 90' lang='lat' dir='ltr'><strong>Etsi</strong></span> <span class='ocrx_word' id='word_1_258' title='bbox 1485 3940 1571 3990; x_wconf 89' lang='lat' dir='ltr'><strong>vero</strong></span> <span class='ocrx_word' id='word_1_259' title='bbox 1592 3917 1650 3990; x_wconf 89' lang='lat' dir='ltr'><strong>lex</strong></span> 
     </span>
    </p>
   </div>
   <div class='ocr_carea' id='block_1_5' title="bbox 276 4031 1661 4132">
    <p class='ocr_par' dir='ltr' id='par_1_6' title="bbox 276 4031 1661 4132">
     <span class='ocr_line' id='line_1_30' title="bbox 276 4031 1661 4132; baseline 0 -28"><span class='ocrx_word' id='word_1_260' title='bbox 276 4032 456 4124; x_wconf 89' lang='lat' dir='ltr'><strong>singularis</strong></span> <span class='ocrx_word' id='word_1_261' title='bbox 483 4034 571 4106; x_wconf 89' lang='lat' dir='ltr'><strong>nulla</strong></span> <span class='ocrx_word' id='word_1_262' title='bbox 598 4031 761 4106; x_wconf 86' lang='lat' dir='ltr'><strong>Jacohitis</strong></span> <span class='ocrx_word' id='word_1_263' title='bbox 787 4038 923 4132; x_wconf 91' lang='lat' dir='ltr'><strong>propria</strong></span> <span class='ocrx_word' id='word_1_264' title='bbox 952 4035 1116 4108; x_wconf 88' lang='lat' dir='ltr'><strong>adversus</strong></span> <span class='ocrx_word' id='word_1_265' title='bbox 1143 4034 1378 4107; x_wconf 87' lang='lat' dir='ltr'><strong>translationes</strong></span> <span class='ocrx_word' id='word_1_266' title='bbox 1404 4033 1661 4130; x_wconf 89' lang='lat' dir='ltr'><strong>Episcoporum</strong></span> 
     </span>
    </p>
   </div>
   <div class='ocr_carea' id='block_1_6' title="bbox 275 4148 1652 5056">
    <p class='ocr_par' dir='ltr' id='par_1_7' title="bbox 275 4148 1652 5056">
     <span class='ocr_line' id='line_1_31' title="bbox 275 4148 1650 4246; baseline -0.001 -25"><span class='ocrx_word' id='word_1_267' title='bbox 275 4153 463 4244; x_wconf 89' lang='lat' dir='ltr'><strong>perscripta</strong></span> <span class='ocrx_word' id='word_1_268' title='bbox 490 4154 550 4240; x_wconf 92' lang='lat' dir='ltr'><strong>sit,</strong></span> <span class='ocrx_word' id='word_1_269' title='bbox 577 4149 638 4223; x_wconf 91' lang='lat' dir='ltr'><strong>sed</strong></span> <span class='ocrx_word' id='word_1_270' title='bbox 665 4172 839 4223; x_wconf 90' lang='lat' dir='ltr'><strong>commune</strong></span> <span class='ocrx_word' id='word_1_271' title='bbox 866 4161 990 4224; x_wconf 89' lang='lat' dir='ltr'><strong>tantum</strong></span> <span class='ocrx_word' id='word_1_272' title='bbox 1011 4154 1068 4244; x_wconf 90' lang='lat' dir='ltr'><strong>jus</strong></span> <span class='ocrx_word' id='word_1_273' title='bbox 1095 4161 1295 4246; x_wconf 88' lang='lat' dir='ltr'><strong>sequuntur,</strong></span> <span class='ocrx_word' id='word_1_274' title='bbox 1322 4149 1408 4224; x_wconf 92' lang='lat' dir='ltr'><strong>illius</strong></span> <span class='ocrx_word' id='word_1_275' title='bbox 1424 4148 1487 4222; x_wconf 92' lang='lat' dir='ltr'><strong>hac</strong></span> <span class='ocrx_word' id='word_1_276' title='bbox 1504 4152 1537 4220; x_wconf 93' lang='lat' dir='ltr'><strong>iu</strong></span> <span class='ocrx_word' id='word_1_277' title='bbox 1556 4158 1650 4244; x_wconf 89' lang='lat' dir='ltr'><strong>parte</strong></span> 
     </span>
     <span class='ocr_line' id='line_1_32' title="bbox 277 4261 1652 4362; baseline -0.002 -24"><span class='ocrx_word' id='word_1_278' title='bbox 277 4265 566 4339; x_wconf 88' lang='lat' dir='ltr'><strong>observantissimi</strong></span> <span class='ocrx_word' id='word_1_279' title='bbox 592 4266 732 4339; x_wconf 84' lang='lat' dir='ltr'><strong>inerunt</strong></span> <span class='ocrx_word' id='word_1_280' title='bbox 786 4267 871 4340; x_wconf 91' lang='lat' dir='ltr'><strong>Nam</strong></span> <span class='ocrx_word' id='word_1_281' title='bbox 899 4291 918 4339; x_wconf 91' lang='lat' dir='ltr'><strong>a</strong></span> <span class='ocrx_word' id='word_1_282' title='bbox 944 4268 986 4339; x_wconf 90' lang='lat' dir='ltr'><strong>D.</strong></span> <span class='ocrx_word' id='word_1_283' title='bbox 1011 4266 1129 4340; x_wconf 84' lang='lat' dir='ltr'><strong>Marco</strong></span> <span class='ocrx_word' id='word_1_284' title='bbox 1162 4289 1268 4362; x_wconf 85' lang='lat' dir='ltr'><strong>usque</strong></span> <span class='ocrx_word' id='word_1_285' title='bbox 1295 4267 1338 4339; x_wconf 89' lang='lat' dir='ltr'><strong>ad</strong></span> <span class='ocrx_word' id='word_1_286' title='bbox 1364 4261 1524 4361; x_wconf 71' lang='lat' dir='ltr'><strong>Gyrillum</strong></span> <span class='ocrx_word' id='word_1_287' title='bbox 1551 4264 1652 4337; x_wconf 90' lang='lat' dir='ltr'><strong>lilium</strong></span> 
     </span>
     <span class='ocr_line' id='line_1_33' title="bbox 275 4379 1651 4479; baseline -0.001 -26"><span class='ocrx_word' id='word_1_288' title='bbox 275 4380 433 4473; x_wconf 81' lang='lat' dir='ltr'><strong>Lalrlahi,</strong></span> <span class='ocrx_word' id='word_1_289' title='bbox 453 4386 507 4478; x_wconf 93' lang='lat' dir='ltr'><strong>qui</strong></span> <span class='ocrx_word' id='word_1_290' title='bbox 521 4382 690 4455; x_wconf 88' lang='lat' dir='ltr'><strong>ordinatus</strong></span> <span class='ocrx_word' id='word_1_291' title='bbox 709 4394 762 4456; x_wconf 86' lang='lat' dir='ltr'><strong>est</strong></span> <span class='ocrx_word' id='word_1_292' title='bbox 776 4404 863 4456; x_wconf 92' lang='lat' dir='ltr'><strong>anno</strong></span> <span class='ocrx_word' id='word_1_293' title='bbox 882 4382 1066 4479; x_wconf 73' lang='lat' dir='ltr'><strong>Martyrum</strong></span> <span class='ocrx_word' id='word_1_294' title='bbox 1082 4381 1275 4456; x_wconf 70' lang='lat' dir='ltr'><strong>dccccl..</strong></span> <span class='ocrx_word' id='word_1_295' title='bbox 1299 4383 1329 4454; x_wconf 88' lang='lat' dir='ltr'><strong>J.</strong></span> <span class='ocrx_word' id='word_1_296' title='bbox 1346 4382 1384 4455; x_wconf 87' lang='lat' dir='ltr'><strong>C.</strong></span> <span class='ocrx_word' id='word_1_297' title='bbox 1397 4379 1651 4454; x_wconf 84' lang='lat' dir='ltr'><strong>MCCXXXIV.</strong></span> 
     </span>
     <span class='ocr_line' id='line_1_34' title="bbox 276 4495 1650 4595; baseline -0.003 -25"><span class='ocrx_word' id='word_1_298' title='bbox 276 4498 385 4570; x_wconf 91' lang='lat' dir='ltr'><strong>nullus</strong></span> <span class='ocrx_word' id='word_1_299' title='bbox 412 4502 569 4586; x_wconf 82' lang='lat' dir='ltr'><strong>occurrit,</strong></span> <span class='ocrx_word' id='word_1_300' title='bbox 596 4504 651 4595; x_wconf 84' lang='lat' dir='ltr'><strong>qni</strong></span> <span class='ocrx_word' id='word_1_301' title='bbox 679 4499 777 4572; x_wconf 87' lang='lat' dir='ltr'><strong>ulium</strong></span> <span class='ocrx_word' id='word_1_302' title='bbox 805 4511 901 4572; x_wconf 90' lang='lat' dir='ltr'><strong>antea</strong></span> <span class='ocrx_word' id='word_1_303' title='bbox 917 4500 1156 4595; x_wconf 89' lang='lat' dir='ltr'><strong>Episcopatum</strong></span> <span class='ocrx_word' id='word_1_304' title='bbox 1183 4502 1345 4591; x_wconf 87' lang='lat' dir='ltr'><strong>gesserit:</strong></span> <span class='ocrx_word' id='word_1_305' title='bbox 1373 4519 1448 4569; x_wconf 91' lang='lat' dir='ltr'><strong>cum</strong></span> <span class='ocrx_word' id='word_1_306' title='bbox 1469 4500 1554 4569; x_wconf 88' lang='lat' dir='ltr'><strong>iuter</strong></span> <span class='ocrx_word' id='word_1_307' title='bbox 1572 4495 1650 4568; x_wconf 88' lang='lat' dir='ltr'><strong>Ne-</strong></span> 
     </span>
     <span class='ocr_line' id='line_1_35' title="bbox 277 4615 1650 4713; baseline -0.004 -25"><span class='ocrx_word' id='word_1_308' title='bbox 277 4619 444 4689; x_wconf 91' lang='lat' dir='ltr'><strong>storianos</strong></span> <span class='ocrx_word' id='word_1_309' title='bbox 472 4615 641 4713; x_wconf 89' lang='lat' dir='ltr'><strong>plerique,</strong></span> <span class='ocrx_word' id='word_1_310' title='bbox 675 4639 721 4687; x_wconf 90' lang='lat' dir='ltr'><strong>ex</strong></span> <span class='ocrx_word' id='word_1_311' title='bbox 757 4616 830 4688; x_wconf 84' lang='lat' dir='ltr'><strong>aliis</strong></span> <span class='ocrx_word' id='word_1_312' title='bbox 863 4615 1025 4688; x_wconf 90' lang='lat' dir='ltr'><strong>Ecclesiis</strong></span> <span class='ocrx_word' id='word_1_313' title='bbox 1059 4615 1102 4688; x_wconf 94' lang='lat' dir='ltr'><strong>ad</strong></span> <span class='ocrx_word' id='word_1_314' title='bbox 1134 4615 1403 4703; x_wconf 88' lang='lat' dir='ltr'><strong>hlodaineusem,</strong></span> <span class='ocrx_word' id='word_1_315' title='bbox 1435 4636 1496 4687; x_wconf 90' lang='lat' dir='ltr'><strong>seu</strong></span> <span class='ocrx_word' id='word_1_316' title='bbox 1531 4623 1650 4710; x_wconf 91' lang='lat' dir='ltr'><strong>postea</strong></span> 
     </span>
     <span class='ocr_line' id='line_1_36' title="bbox 277 4727 1651 4828; baseline -0.002 -26"><span class='ocrx_word' id='word_1_317' title='bbox 277 4731 551 4824; x_wconf 85' lang='lat' dir='ltr'><strong>Bagdadensem,</strong></span> <span class='ocrx_word' id='word_1_318' title='bbox 585 4735 638 4803; x_wconf 93' lang='lat' dir='ltr'><strong>cui</strong></span> <span class='ocrx_word' id='word_1_319' title='bbox 665 4731 800 4825; x_wconf 88' lang='lat' dir='ltr'><strong>alligata</strong></span> <span class='ocrx_word' id='word_1_320' title='bbox 827 4743 900 4804; x_wconf 86' lang='lat' dir='ltr'><strong>erut</strong></span> <span class='ocrx_word' id='word_1_321' title='bbox 932 4735 1049 4804; x_wconf 91' lang='lat' dir='ltr'><strong>summi</strong></span> <span class='ocrx_word' id='word_1_322' title='bbox 1085 4731 1173 4828; x_wconf 88' lang='lat' dir='ltr'><strong>apud</strong></span> <span class='ocrx_word' id='word_1_323' title='bbox 1204 4753 1266 4805; x_wconf 89' lang='lat' dir='ltr'><strong>cos</strong></span> <span class='ocrx_word' id='word_1_324' title='bbox 1296 4732 1462 4812; x_wconf 87' lang='lat' dir='ltr'><strong>Antistitis</strong></span> <span class='ocrx_word' id='word_1_325' title='bbox 1494 4727 1651 4819; x_wconf 75' lang='lat' dir='ltr'><strong>diguituS,</strong></span> 
     </span>
     <span class='ocr_line' id='line_1_37' title="bbox 276 4841 1651 4945; baseline -0.004 -25"><span class='ocrx_word' id='word_1_326' title='bbox 276 4847 427 4921; x_wconf 89' lang='lat' dir='ltr'><strong>translati</strong></span> <span class='ocrx_word' id='word_1_327' title='bbox 453 4847 590 4937; x_wconf 84' lang='lat' dir='ltr'><strong>luerint,</strong></span> <span class='ocrx_word' id='word_1_328' title='bbox 618 4846 746 4945; x_wconf 89' lang='lat' dir='ltr'><strong>absque</strong></span> <span class='ocrx_word' id='word_1_329' title='bbox 771 4849 837 4921; x_wconf 90' lang='lat' dir='ltr'><strong>ulla</strong></span> <span class='ocrx_word' id='word_1_330' title='bbox 866 4848 1039 4922; x_wconf 83' lang='lat' dir='ltr'><strong>Canopum</strong></span> <span class='ocrx_word' id='word_1_331' title='bbox 1071 4850 1272 4921; x_wconf 88' lang='lat' dir='ltr'><strong>reverentia.</strong></span> <span class='ocrx_word' id='word_1_332' title='bbox 1325 4849 1362 4920; x_wconf 94' lang='lat' dir='ltr'><strong>ln</strong></span> <span class='ocrx_word' id='word_1_333' title='bbox 1393 4848 1464 4916; x_wconf 87' lang='lat' dir='ltr'><strong>vita</strong></span> <span class='ocrx_word' id='word_1_334' title='bbox 1489 4841 1651 4939; x_wconf 86' lang='lat' dir='ltr'><strong>Agatho-</strong></span> 
     </span>
     <span class='ocr_line' id='line_1_38' title="bbox 276 4959 1650 5056; baseline -0.005 -19"><span class='ocrx_word' id='word_1_335' title='bbox 276 4969 329 5037; x_wconf 90' lang='lat' dir='ltr'><strong>nis</strong></span> <span class='ocrx_word' id='word_1_336' title='bbox 356 4964 570 5038; x_wconf 82' lang='lat' dir='ltr'><strong>Patriarchae</strong></span> <span class='ocrx_word' id='word_1_337' title='bbox 596 4966 816 5038; x_wconf 90' lang='lat' dir='ltr'><strong>Alexandrini</strong></span> <span class='ocrx_word' id='word_1_338' title='bbox 841 4966 998 5038; x_wconf 86' lang='lat' dir='ltr'><strong>XXXIX.</strong></span> <span class='ocrx_word' id='word_1_339' title='bbox 1026 4966 1075 5056; x_wconf 87' lang='lat' dir='ltr'><strong>(is</strong></span> <span class='ocrx_word' id='word_1_340' title='bbox 1102 4975 1212 5038; x_wconf 88' lang='lat' dir='ltr'><strong>autem</strong></span> <span class='ocrx_word' id='word_1_341' title='bbox 1238 4962 1405 5038; x_wconf 86' lang='lat' dir='ltr'><strong>sccundus</strong></span> <span class='ocrx_word' id='word_1_342' title='bbox 1430 4959 1492 5034; x_wconf 89' lang='lat' dir='ltr'><strong>iuit</strong></span> <span class='ocrx_word' id='word_1_343' title='bbox 1518 4984 1562 5034; x_wconf 87' lang='lat' dir='ltr'><strong>ex</strong></span> <span class='ocrx_word' id='word_1_344' title='bbox 1582 4982 1650 5054; x_wconf 94' lang='lat' dir='ltr'><strong>quo</strong></span> 
     </span>
    </p>
   </div>
   <div class='ocr_carea' id='block_1_7' title="bbox 277 5076 1651 5271">
    <p class='ocr_par' dir='ltr' id='par_1_8' title="bbox 277 5076 1651 5271">
     <span class='ocr_line' id='line_1_39' title="bbox 277 5076 1651 5179; baseline -0.007 -22"><span class='ocrx_word' id='word_1_345' title='bbox 277 5082 511 5157; x_wconf 84' lang='lat' dir='ltr'><strong>hluhamedani</strong></span> <span class='ocrx_word' id='word_1_346' title='bbox 525 5082 719 5178; x_wconf 67' lang='lat' dir='ltr'><strong>Aegpptum</strong></span> <span class='ocrx_word' id='word_1_347' title='bbox 736 5084 914 5179; x_wconf 84' lang='lat' dir='ltr'><strong>ceperunt)</strong></span> <span class='ocrx_word' id='word_1_348' title='bbox 936 5082 1072 5175; x_wconf 88' lang='lat' dir='ltr'><strong>legitur:</strong></span> <span class='ocrx_word' id='word_1_349' title='bbox 1100 5081 1201 5177; x_wconf 87' lang='lat' dir='ltr'><strong>quod,</strong></span> <span class='ocrx_word' id='word_1_350' title='bbox 1228 5103 1302 5152; x_wconf 91' lang='lat' dir='ltr'><strong>cum</strong></span> <span class='ocrx_word' id='word_1_351' title='bbox 1317 5079 1483 5152; x_wconf 83' lang='lat' dir='ltr'><strong>loannem</strong></span> <span class='ocrx_word' id='word_1_352' title='bbox 1501 5076 1651 5150; x_wconf 86' lang='lat' dir='ltr'><strong>Semnu-</strong></span> 
     </span>
     <span class='ocr_line' id='line_1_40' title="bbox 1363 5195 1445 5271; baseline 0 0"><span class='ocrx_word' id='word_1_353' title='bbox 1363 5196 1413 5271; x_wconf 85' lang='grc'><strong>64</strong></span> <span class='ocrx_word' id='word_1_354' title='bbox 1426 5195 1445 5231; x_wconf 72' lang='lat'><em>*</em></span> 
     </span>
    </p>
   </div>
   <div class='ocr_carea' id='block_1_8' title="bbox 1697 3700 1922 3772">
    <p class='ocr_par' dir='ltr' id='par_1_9' title="bbox 1697 3700 1922 3772">
     <span class='ocr_line' id='line_1_41' title="bbox 1697 3700 1922 3772; baseline -0.004 -16"><span class='ocrx_word' id='word_1_355' title='bbox 1697 3700 1755 3756; x_wconf 85' lang='lat' dir='ltr'><strong>Non</strong></span> <span class='ocrx_word' id='word_1_356' title='bbox 1772 3701 1922 3772; x_wconf 77' lang='lat' dir='ltr'><strong>Episcopus</strong></span> 
     </span>
    </p>
   </div>
   <div class='ocr_carea' id='block_1_9' title="bbox 0 0 2268 6034">
    <p class='ocr_par' dir='ltr' id='par_1_10' title="bbox 0 0 2268 6034">
     <span class='ocr_line' id='line_1_42' title="bbox 0 0 2268 6034; baseline 0 0"><span class='ocrx_word' id='word_1_357' title='bbox 0 0 2268 6034; x_wconf 95' lang='lat' dir='ltr'><strong> </strong></span> 
     </span>
    </p>
   </div>
  </div>
 </body>
</html>
