4525 6034
633 606 686 681 Ao
703 605 911 683 humanm
928 604 1120 683 berhomi
1137 606 1168 684 S.
1190 606 1335 684 ansul.
1592 609 1669 682 267

299 793 371 855 lieet
397 794 443 855 ita
469 790 591 870 smera,
617 811 711 871 neque
739 791 989 868 commionem,
1023 793 1085 853 nisi
1097 793 1229 870 jejrrnis,
1258 794 1420 872 accipere?
1446 790 1668 874 Respondetur.

300 891 461 954 Domum
486 911 548 952 non
575 890 637 951 atio
660 892 720 969 fine
752 892 874 954 dedisse
904 891 1061 970 discipulis
1089 893 1155 953 sicis
1181 910 1293 971 corpus
1321 901 1351 954 et
1377 895 1552 974 sanquinem
1573 912 1670 968 marn,

294 1000 457 1073 postauam
474 991 604 1070 primumn
624 988 748 1051 Pascha
769 990 976 1066 comedissent,
998 990 1060 1051 nisi
1079 1000 1114 1053 ut
1134 991 1208 1052 ittud
1225 1010 1283 1070 per
1302 994 1356 1055 itta
1377 992 1518 1057 obviaret.
1539 990 1592 1053 Ea
1612 1009 1671 1071 mro

299 1097 401 1152 autem
433 1092 566 1169 mum
594 1087 717 1150 Pascha
750 1089 899 1151 niblatam
929 1085 1081 1172 est,1non
1112 1092 1183 1152 ticet
1215 1091 1305 1154 nobis
1332 1100 1403 1154 ante
1437 1103 1672 1163 comminantem

300 1190 466 1251 medae.
517 1187 648 1252 Severus
683 1187 852 1269 Episcopus
889 1187 1071 1251 Aschmonin
1113 1190 1143 1251 in
1177 1188 1319 1254 Tractatu
1359 1191 1398 1254 de
1429 1194 1536 1275 jejunii
1577 1217 1672 1280 prac-

300 1288 418 1350 stantia.
463 1287 531 1349 Non
552 1295 686 1368 oportet,
707 1288 818 1368 inquit,
847 1289 989 1367 accipere
1016 1308 1127 1370 corpus
1154 1286 1269 1352 Gtrtsrt
1301 1293 1364 1353 nisi
1392 1310 1459 1355 mem
1487 1299 1553 1359 oris
1581 1318 1673 1360 ama-

299 1388 434 1449 ritudine
461 1404 539 1468 quae
567 1406 608 1447 ee
620 1388 738 1466 jejunio
759 1388 905 1464 noscito,
928 1395 960 1449 et
978 1389 1161 1450 abdirentia
1191 1390 1282 1451 etiam
1303 1409 1324 1452 a
1342 1410 1424 1471 pane
1445 1401 1475 1455 et
1494 1413 1592 1476 aqua,
1620 1406 1672 1460 at-

298 1505 358 1568 que
379 1489 424 1547 ita
444 1494 479 1546 ut
498 1487 601 1565 taqua
630 1494 739 1548 sancta
761 1489 818 1562 sit,
847 1494 878 1547 et
902 1488 935 1547 in
961 1504 998 1548 os
1025 1488 1102 1549 nibil
1127 1506 1164 1549 eo
1193 1489 1243 1550 die
1261 1491 1349 1568 prius
1376 1492 1545 1571 inmersum
1568 1494 1671 1574 suerit,

300 1603 526 1666 pancarpus
548 1581 680 1646 Christi:
701 1604 796 1666 neque
818 1587 896 1647 enim
917 1586 987 1648 ticet
1013 1587 1046 1647 in
1068 1605 1103 1648 os
1129 1589 1162 1649 in
1190 1589 1388 1669 erudiebat
1415 1608 1528 1673 corpus
1550 1594 1671 1670 chassi,

299 1685 462 1765 quidquam
483 1684 570 1763 praue
591 1683 716 1763 inprudi
762 1684 878 1765 Nempe
900 1685 985 1767 qnasi
1012 1685 1214 1768 Augustinum
1244 1688 1457 1769 exscripsisset
1486 1695 1536 1773 qui
1566 1694 1671 1757 iisdem

298 1801 400 1865 prope
422 1783 524 1845 verbis
546 1784 587 1844 ita
609 1782 772 1846 scribebat.
815 1783 867 1846 Ea
888 1785 946 1847 boc
967 1787 1045 1847 enin
1065 1786 1182 1865 placuit
1202 1786 1331 1867 Spiritui
1350 1798 1473 1852 sancto:
1500 1802 1534 1856 ut
1558 1794 1590 1855 in
1611 1794 1671 1872 lsa-

297 1883 506 1944 noremtanti
533 1881 726 1944 sacramenti
753 1885 785 1944 in
815 1881 1363 1966 osOAristionipriusDominicum
1392 1906 1503 1967 corpus
1531 1891 1670 1967 intraret,
1788 1915 1790 1924 ¹

300 2000 393 2062 quun
414 1983 530 2044 coeteri
550 1981 620 2046 cibi
664 1980 707 2043 lta
730 2000 852 2065 quoqne
874 1983 985 2046 docent
1013 1983 1177 2066 Dionysius
1198 1985 1343 2048 Barsalibi
1373 1994 1434 2048 tum
1463 1988 1493 2050 in
1517 1987 1670 2070 Opusculo
1720 2001 1765 2072 tp.
1786 2002 1846 2056 lla.
1863 2011 1909 2058 au.
1927 2002 1976 2055 tat

301 2081 344 2143 de
365 2079 552 2142 institutione
574 2080 798 2158 Eucharistiae,
828 2090 890 2144 tum
917 2084 947 2144 in
970 2081 1192 2148 Commentario
1222 2084 1260 2147 ad
1281 2085 1387 2149 Jacobi
1408 2085 1588 2168 Liturgiam:
1610 2088 1671 2151 tti-

302 2179 391 2242 chael
417 2179 587 2261 Episcopus
617 2179 764 2243 hlelichae
792 2181 821 2242 in
851 2181 1086 2254 Quaestionibus
1113 2192 1144 2247 et
1174 2182 1430 2265 Responsionibus
1454 2184 1613 2250 Canonieis
1641 2206 1670 2251 n.

301 2277 357 2341 2¹.
401 2278 462 2354 Qui
480 2286 586 2354 nocte,
617 2281 670 2340 siti
694 2278 845 2360 satipatus
866 2279 955 2354 bibit,
984 2282 1091 2345 licetne
1119 2292 1154 2346 ut
1174 2304 1263 2346 mane
1284 2286 1419 2366 sequenti
1438 2289 1673 2349 commutem

276 2380 446 2458 'acdpiot
490 2376 525 2439 R.
555 2377 592 2439 Si
619 2379 653 2439 id
679 2386 750 2439 ante
778 2379 910 2440 mediam
937 2389 1055 2443 nocam
1084 2384 1258 2464 comperit,
1287 2384 1379 2445 ticet:
1405 2385 1436 2445 si
1462 2385 1591 2458 deind&
1613 2406 1673 2449 non

298 2478 379 2541 ticet.
424 2477 462 2539 Et
491 2478 522 2538 in
548 2476 663 2540 iisdem.
691 2476 729 2539 st
754 2479 900 2540 motiano
937 2487 1068 2560 tempere
1101 2482 1519 2559 compassio-celebrabitur,
1555 2486 1675 2549 cavebit

300 2578 505 2658 unuquisque
531 2596 569 2637 ne
598 2585 672 2656 post
696 2595 839 2639 occamm
871 2578 981 2655 sobna,
1015 2580 1088 2642 edat
1123 2589 1178 2643 out
1208 2580 1314 2644 taur:
1351 2584 1472 2664 mande
1505 2602 1578 2646 vevo
1612 2586 1675 2647 edit
1782 2577 1785 2586 '

305 2683 366 2738 aad
399 2674 485 2751 bibit,
519 2694 579 2737 nan
618 2676 689 2738 ticet
722 2677 783 2756 ipsi
809 2677 915 2738 eodem
951 2678 1002 2740 die
1036 2678 1264 2742 Eucharistiam
1298 2684 1448 2761 acmpere.
1493 2681 1526 2743 ln
1558 2682 1674 2745 Nomo-

303 2791 421 2837 canone
459 2773 604 2855 Syrorum
642 2782 725 2837 extat
760 2773 939 2839 constitutio
978 2776 1124 2841 Timothei
1165 2778 1362 2842 Alexandrini
1396 2780 1601 2844 Patriarchae:
1646 2784 1672 2845 is

304 2881 354 2936 est
382 2881 415 2934 nt
444 2872 564 2936 videtur
591 2892 679 2956 quem
706 2873 852 2936 Aelnrum
883 2882 993 2939 vocam
1022 2878 1146 2959 antiqui.
1189 2877 1260 2939 Nisi
1278 2881 1446 2941 necessitas
1466 2886 1590 2961 urpeat,
1613 2900 1673 2944 non

300 2974 374 3035 ticet
400 2973 491 3035 edere
519 2973 891 3058 amdquamautbibere,
917 2977 999 3056 meod
1025 2978 1114 3057 cubo
1142 2977 1446 3058 bomboesusurpant
1476 2982 1509 3041 in
1538 2980 1676 3042 cibam

299 3080 386 3152 potu,
408 3080 479 3134 ante
498 3072 762 3135 Summanum
780 3075 1014 3154 perceptionem,
1035 3078 1203 3156 nequenisi
1223 3095 1264 3137 ea
1276 3094 1374 3138 causo
1393 3079 1600 3158 pravissimae
1620 3079 1673 3139 in-

297 3172 474 3251 firmitatis,
508 3190 575 3234 caan
601 3173 853 3252 vitaepericutc.
896 3172 1465 3255 Siquisveroimpvudenterpotum
1491 3195 1674 3239 compernem

299 3271 429 3332 Amoiot
447 3273 480 3331 in
501 3272 602 3351 alipta
624 3292 664 3333 ea
683 3270 772 3351 sestis
792 3272 968 3351 majoribrts,
992 3282 1022 3335 et
1042 3277 1267 3336 commasticare
1288 3275 1453 3352 desiderat,
1475 3294 1542 3337 cum
1556 3275 1674 3338 Sacer-

300 3370 386 3432 dotis
407 3370 527 3431 ticentia
537 3390 551 3443 ;
574 3370 813 3446 communicabit,
835 3371 891 3432 sed
911 3380 1038 3452 accepta
1056 3375 1249 3452 poereitentia
1272 3372 1311 3435 Et
1331 3372 1450 3438 ibidem.
1473 3373 1550 3436 Post
1558 3383 1673 3454 potum,

302 3477 376 3531 ante
398 3469 489 3530 sotem
511 3477 652 3530 exortum
673 3469 712 3531 cb
733 3471 917 3549 infirmitatis
938 3490 1074 3548 caumm,
1097 3474 1128 3533 ei
1147 3474 1199 3554 qui
1217 3475 1311 3554 pravi
1330 3473 1435 3535 morbo
1457 3481 1590 3549 terena,
1612 3474 1673 3535 da-

300 3568 385 3631 bitur
407 3576 555 3644 sendum,
577 3568 636 3630 hoc
665 3576 711 3630 est
734 3567 976 3646 Sacramentum,
1006 3590 1101 3653 neqtte
1122 3591 1159 3634 ea
1181 3573 1366 3653 privabitur.
1408 3573 1492 3636 Pleni
1513 3581 1582 3635 sunt
1604 3573 1673 3635 libri

301 3665 451 3750 ejusmodi
474 3668 641 3745 sententiis,
664 3686 764 3748 neque
786 3667 847 3730 nlla
869 3676 916 3730 est
937 3669 994 3733 hac
1016 3673 1046 3733 in
1069 3678 1156 3753 parte
1179 3672 1355 3753 disciplinae
1377 3673 1518 3736 varietas.

391 3766 499 3849 Jejunii
528 3774 722 3848 praeceptum
750 3767 885 3849 seqnitur
912 3767 970 3830 alia
1000 3769 1199 3835 abstinentiae
1221 3772 1359 3853 species,
1388 3788 1477 3853 quam
1500 3771 1671 3837 Orientales

302 3883 367 3928 non
389 3867 486 3928 minus
509 3868 635 3947 exigam
658 3885 675 3928 a
697 3867 996 3945 communicantibus,
1024 3888 1131 3951 nempe
1154 3870 1192 3932 ab
1215 3888 1309 3951 opere
1332 3870 1492 3954 conjugali.
1538 3871 1669 3936 Severus

300 3964 473 4047 Episcopus
496 3984 534 4029 eo
557 3984 646 4048 quem
667 3984 739 4029 mox
759 3965 943 4030 laudavimus
967 3967 1109 4032 Tractatu
1131 3969 1170 4032 de
1191 3970 1302 4051 Jejunii
1323 3971 1517 4051 praestantia.
1546 3971 1583 4034 st
1602 3974 1670 4053 pub

301 4063 533 4128 Eucharistiom
552 4068 708 4146 percipere
734 4068 835 4128 murno
863 4067 1002 4147 desipnat
1027 4070 1128 4149 alipio
1150 4069 1216 4147 die,
1236 4072 1381 4149 jejimarc
1402 4069 1490 4132 debet
1509 4071 1549 4132 ab
1570 4091 1669 4134 uaore

300 4183 373 4239 sua,
395 4182 416 4226 a
436 4184 566 4245 vespera
588 4167 651 4228 diei
667 4167 897 4246 praecedentis:
919 4174 953 4226 ut
973 4185 1041 4228 aum
1060 4167 1288 4230 Eucharistiam
1306 4169 1464 4248 percipere
1485 4171 1600 4249 copitat
1620 4171 1670 4231 die

299 4264 338 4327 3.
360 4264 571 4341 hebdomadis,
593 4265 747 4328 absmat
773 4265 813 4327 ab
841 4285 942 4328 unare
962 4284 1021 4327 sua
1047 4285 1068 4328 a
1097 4285 1226 4347 vespera
1251 4267 1361 4329 Feriae
1388 4266 1419 4331 2.
1449 4287 1526 4349 puae
1553 4270 1670 4330 initium

302 4372 352 4427 est
379 4364 487 4426 Feriac
514 4364 545 4426 3.
590 4364 762 4428 Timotheus
792 4365 869 4428 mem
893 4367 943 4447 qui
965 4384 1072 4447 supra:
1100 4366 1200 4429 Vium
1222 4378 1251 4431 et
1278 4369 1430 4431 mutinam
1455 4369 1508 4449 qui
1534 4368 1671 4448 copulmr

302 4472 516 4540 eaermaurd,
545 4484 606 4526 non
635 4472 754 4545 eportet
779 4465 883 4526 eodem
911 4466 962 4527 die
992 4468 1224 4529 communicare.
1268 4467 1340 4529 Eam
1363 4467 1548 4548 disciplinam
1570 4467 1669 4529 multis

303 4560 479 4626 canonibus
511 4550 725 4642 cideaac'aotc,
759 4562 813 4625 sed
844 4565 988 4644 antiquis,
1017 4565 1207 4644 confirmant,
1240 4575 1272 4630 ut
1308 4569 1397 4630 etiam
1430 4567 1585 4631 sententiis
1619 4567 1670 4630 SS.

301 4661 472 4743 Athanasii,
495 4661 605 4740 Busilh,
629 4663 770 4747 Gregorii
793 4662 951 4747 theologi,
975 4663 1192 4747 chrysostomi,
1214 4684 1293 4748 quae
1315 4675 1418 4731 extem
1436 4669 1467 4729 in
1489 4666 1580 4729 variis
1596 4665 1672 4728 Col-

303 4762 453 4825 lectaneis
484 4763 696 4836 Quaestionum
731 4772 762 4826 ct
788 4763 1037 4844 Responsionum.
1082 4765 1143 4828 Eas
1172 4785 1247 4829 vero
1273 4784 1335 4829 non
1363 4784 1471 4830 carere
1501 4766 1670 4844 autoritate,

304 4864 443 4942 momnis
466 4863 513 4925 ad·
526 4881 592 4940 eos,
614 4864 722 4945 quihus
745 4862 947 4926 attribuuntur
975 4881 1035 4928 non
1058 4866 1246 4947 pertineant,
1274 4874 1388 4929 certum
1410 4866 1553 4929 babemus
1575 4883 1672 4949 argn-

303 4969 455 5025 mentom:
480 4964 548 5044 quia
573 4965 602 5025 in
625 4962 724 5025 moltis
747 4961 872 5025 Graecis
895 4965 1132 5045 syntagmatibus
1157 4972 1261 5028 extant
1290 4965 1380 5047 plane
1404 4966 1526 5032 similes.
1572 4963 1676 5044 Opus-

306 5061 373 5126 cnli.
396 5061 562 5126 Athanasio
585 5061 730 5144 adscripti
760 5064 798 5125 de
820 5062 999 5127 abstinenda
1021 5064 1061 5126 ab
1082 5064 1233 5129 uaonbus
1255 5073 1325 5129 ann
1340 5067 1585 5142 communicavere,
1608 5083 1676 5128 mo-

348 5200 463 5244 rumne
1421 5183 1471 5258 50
