4525 6034
533 607 574 684 ut
599 603 807 683 titubanti
832 602 1021 681 uhuouotu
1047 603 1298 683 mutuatus.
1532 607 1607 681 ato

354 879 389 951 6.
424 879 473 951 Et
497 861 616 952 ueniat
641 902 745 973 saper
770 900 845 968 ana,
872 885 908 950 et
933 901 1037 972 anper
1064 878 1270 950 oblationem
1295 879 1396 970 boae,
1424 887 1488 953 etc.

348 1072 558 1150 Invocsnoms
579 1085 635 1147 ista
655 1082 781 1147 formula
795 1081 932 1162 GraeciS,
948 1081 1091 1164 Syriacis,
1110 1081 1243 1164 Copticis
1265 1084 1464 1167 omnibusque
1486 1085 1608 1150 tandem

235 1190 449 1271 cujuscumque
472 1191 547 1251 ritus
570 1196 621 1250 aut
643 1187 765 1272 linguae
776 1188 919 1271 Litbrgiis
942 1186 1046 1248 similis
1070 1193 1130 1249 est:
1155 1193 1246 1268 atque
1267 1187 1343 1251 adeo
1367 1187 1479 1251 frustra
1502 1191 1609 1254 vexari

236 1307 255 1352 a
277 1288 456 1351 censoribus
479 1295 591 1369 potest,
615 1306 683 1350 cum
705 1286 779 1349 nihil
801 1294 924 1368 praeter
945 1294 1069 1369 recepta
1093 1286 1172 1369 apud
1195 1305 1299 1349 omnes
1320 1286 1612 1354 OrientalesEccle·

234 1388 296 1452 sias
318 1385 412 1450 verba
436 1389 596 1452 contineat.
632 1387 756 1469 Siquid
779 1385 973 1450 obscuritatis
996 1385 1108 1448 inillis
1131 1394 1225 1465 esset,
1248 1385 1337 1449 facile
1358 1405 1415 1469 per
1432 1388 1506 1450 alias
1524 1389 1610 1470 ejas-

235 1486 303 1548 dem
331 1485 484 1549 Orationis
512 1486 657 1550 formulas
689 1486 905 1568 explicaretur.
950 1486 1032 1548 Vera
1062 1485 1153 1547 lectio
1182 1493 1301 1549 constat
1324 1504 1363 1548 ex
1386 1489 1611 1568 comparatione

235 1603 303 1648 cum
320 1583 391 1647 'aliis
415 1585 556 1664 GraeciS,
580 1586 731 1667 Syriacis,
752 1584 953 1667 Aegyptiacis
977 1592 1007 1646 et
1029 1584 1234 1666 Aethiopicis:
1259 1585 1336 1648 adeo
1359 1593 1391 1648 ut
1413 1586 1493 1648 illam
1514 1588 1610 1650 relm-

234 1702 312 1768 gere
339 1702 472 1747 summae
501 1685 677 1748 temeritatis
708 1684 757 1764 sit,
781 1702 849 1746 cam
870 1684 942 1747 nihil
965 1683 1074 1747 habeat
1095 1683 1294 1747 Nestorianae
1317 1693 1421 1747 sectae
1443 1688 1610 1768 proprium,

235 1784 292 1848 sed
314 1801 501 1848 communem
523 1786 672 1866 exprimat
694 1784 857 1848 Orientalis
879 1784 1037 1847 Ecclesiae
1048 1783 1231 1867 Liturgicam
1254 1783 1451 1865 disciplinam.
1496 1787 1611 1849 Petitur

236 1901 293 1965 per
315 1883 394 1946 illam
417 1884 594 1957 orationem,
617 1884 714 1968 gratia
739 1884 868 1963 Spiritus
890 1886 998 1962 sancti,
1020 1891 1052 1946 ut
1074 1883 1224 1962 adveniat,
1246 1899 1307 1945 non
1330 1884 1419 1946 modo
1442 1903 1535 1966 super
1556 1905 1611 1949 sa-

235 1982 392 2046 cerdotem
413 2000 501 2045 sacra
523 1983 694 2060 facientem,
716 1983 772 2046 sed
795 1984 884 2045 etiam
905 2001 1001 2066 saper
1022 2001 1130 2065 panem
1144 1991 1174 2045 et
1187 1982 1327 2046 calicem:
1350 2001 1450 2064 neque
1474 1984 1511 2046 ad
1533 1985 1609 2047 sim-

234 2083 345 2166 plicem
368 2090 481 2144 tantum
503 2083 754 2160 benedictionem,
779 2090 811 2145 nt
833 2083 864 2144 in
888 2085 973 2164 aquis
995 2082 1233 2165 baptismalibus,
1257 2082 1386 2163 oleoque
1406 2081 1610 2148 Cateohume-

236 2201 344 2247 norum
370 2182 420 2245 vel
440 2180 626 2262 chrismate,
650 2182 755 2244 autad
778 2200 852 2244 vasa
874 2201 979 2246 sacra:
1013 2182 1068 2245 sed
1092 2190 1124 2244 ut
1146 2180 1302 2260 inhabitet,
1324 2181 1441 2245 scilicet
1463 2183 1610 2267 singulari

234 2283 472 2347 sanctificatione
494 2289 653 2363 utrumque
677 2289 850 2359 consecret,
873 2280 1011 2346 iaciendo
1034 2289 1068 2345 ut
1088 2300 1146 2364 per
1159 2282 1300 2344 virtutem
1318 2281 1458 2362 divinam,
1481 2282 1540 2345 hoc
1562 2291 1611 2346 est

234 2400 292 2464 per
318 2381 508 2461 miraculum,
538 2383 625 2463 panis
653 2381 705 2443 liat
733 2398 845 2462 corpus
872 2382 990 2445 Domini
1019 2380 1093 2444 lesu
1125 2378 1247 2445 Christi.
1294 2380 1380 2442 Hanc
1409 2388 1508 2443 autern
1539 2400 1610 2445 esse

236 2501 340 2545 veram
369 2480 570 2544 lnvocationis
599 2481 763 2544 secundnm
787 2480 986 2544 Nestorianos
1014 2482 1209 2560 sententiam,
1239 2480 1415 2543 confirmant
1444 2482 1610 2560 orationes,

235 2601 313 2664 quae
337 2600 355 2644 a
376 2581 513 2642 Diacono
536 2580 685 2661 dicuntur,
709 2589 740 2643 et
761 2588 904 2645 notantur
926 2584 957 2644 in
978 2580 1175 2664 Euchologiis
1198 2579 1425 2662 etHorologiis,
1449 2580 1609 2662 inquibus

233 2681 274 2744 ita
296 2680 447 2742 scribitur.
491 2679 573 2741 Ecce
600 2699 706 2742 measa
730 2682 834 2760 posita
863 2689 909 2743 ert
929 2682 961 2742 in
983 2688 1090 2743 sancto
1116 2679 1318 2753 Sanctorum
1346 2682 1525 2760 innocueque
1546 2680 1611 2742 So-

235 2778 346 2841 cerdos
366 2778 512 2859 Spiritum
533 2787 671 2842 sunctum
692 2781 745 2860 qui
764 2779 908 2856 illabitur,
931 2787 961 2842 et
980 2779 1101 2841 habitat
1120 2780 1153 2841 in
1170 2797 1268 2859 pune,
1290 2780 1488 2860 misceturque
1510 2780 1610 2844 cattct.

235 2878 321 2952 Quae
344 2886 377 2939 ut
399 2876 456 2939 alia
480 2878 626 2960 ejusmodi
649 2878 756 2957 multa,
784 2876 931 2942 floridiori
954 2878 1150 2942 Orientalium
1172 2878 1242 2941 stilo
1265 2893 1414 2958 expressa
1436 2876 1611 2959 simpliciter

231 2967 436 3060 'significants
449 2977 687 3058 potentissimam
716 2980 747 3040 in
771 2976 849 3041 dona
871 2981 1027 3059 proposita
1050 2979 1259 3059 operationem
1282 2975 1412 3057 Spiritus
1434 2980 1550 3056 sancti,
1577 2988 1610 3041 ut

233 3076 307 3139 hant
328 3075 358 3138 id
381 3076 462 3159 quod
485 3094 546 3140 non
571 3084 667 3155 erant,
691 3095 802 3158 corpus
824 3077 943 3140 scilicet
965 3085 995 3141 et
1011 3077 1141 3161 Sanguis
1154 3075 1279 3141 Christi:
1301 3091 1362 3137 non
1385 3076 1414 3137 in
1436 3078 1611 3157 suscipien-

234 3184 292 3255 tes,
315 3184 347 3238 ut
369 3175 537 3259 perfidem
560 3177 611 3239 fiat
634 3175 692 3239 illis
717 3175 837 3257 Corpus
860 3183 891 3239 et
914 3175 1043 3259 Sanguis
1068 3176 1193 3240 Christi:
1216 3174 1324 3238 sed-in
1348 3193 1414 3255 eos,
1438 3176 1609 3253 suomodo,

234 3284 269 3339 ut
295 3275 346 3338 illa
377 3276 471 3358 dignm
503 3277 680 3358 suscipiant.
724 3276 851 3357 Reliqua
880 3275 917 3338 ad
947 3276 1174 3340 lnvocationem
1197 3281 1227 3337 et
1249 3274 1322 3337 alias
1344 3271 1432 3355 hujus
1455 3273 1610 3358 liturgiae

234 3384 339 3458 partes
362 3375 558 3456 explicandas
580 3376 772 3458 pertinentia,
795 3377 825 3438 in
848 3376 928 3439 notis
951 3375 988 3438 ad
1011 3375 1245 3457 praecedentes,
1268 3382 1409 3455 quantum
1431 3392 1509 3457 opus
1532 3381 1609 3454 erat,

235 3475 375 3555 exposita
397 3482 475 3537 sunt.
