4525 6034
660 538 739 612 254
1132 538 1561 635 COMMENTARIUS

662 723 832 801 divinitate,
865 743 923 804 qua
952 724 1070 786 ratione
1099 725 1279 788 confitentur
1301 723 1439 806 Coptitae
1467 744 1527 790 non
1558 729 1646 792 modo
1676 747 1786 810 corpus
1816 726 1944 804 Christi,
1972 729 2027 790 sed

662 825 787 887 animam
809 843 876 885 cum
898 823 1053 886 divinitate
1074 823 1303 888 inEucharistia
1325 842 1405 898 esse,
1429 844 1507 906 quae
1530 827 1666 892 doctrina
1690 826 1795 890 eadem
1816 836 1863 890 est
1885 845 1922 890 ac
1944 825 2027 889 Con-

356 908 430 963 cem.
450 910 590 965 ”fi-⁸⁶⁸⁸·
605 912 647 965 13.
661 920 721 983 cilii
745 922 921 986 Tridentini.
972 921 1119 995 Quantum
1146 943 1240 1005 porro
1274 907 1541 988 incommodaverit
1574 928 1802 990 Protestantium
1837 925 2025 1007 opinionibus

661 1030 720 1084 tam
744 1022 870 1105 insignis
899 1040 1107 1105 expressaque
1138 1022 1329 1101 Confessio„
1346 1041 1406 1086 non
1432 1025 1544 1104 potiori
1574 1026 1899 1109 argumentoostendi
1927 1033 2026 1105 potest

661 1140 749 1202 quam
772 1121 916 1200 salmasii,
939 1120 1150 1204 Albertinique
1165 1131 1203 1185 'ct
1226 1124 1350 1186 aliorum
1373 1123 1502 1188 silentio.

361 1216 487 1272 Attentos
500 1228 527 1272 et
541 1221 646 1272 ntorum
747 1222 837 1283 Extat
859 1220 933 1282 haec
955 1221 1020 1302 ipsa
1043 1229 1111 1284 ante
1135 1239 1230 1285 annos
1253 1231 1371 1286 centurn
1394 1231 1424 1284 ct
1446 1226 1605 1307 sexaginta
1628 1244 1667 1288 ex
1689 1224 2025 1305 Aethiopicoedita'in

338 1306 366 1402 ⁵¹}
392 1304 443 1403 ,¹¹²⁰
479 1306 785 1388 ⁰⁰¹²f⁰⁸⁸¹⁰¹¹rctn0ne
808 1319 949 1383 Generali
971 1319 1170 1402 Aethiopum,
1194 1329 1225 1384 et
1246 1323 1276 1383 in
1299 1322 1449 1385 versione
1472 1322 1559 1386 trium
1590 1323 1782 1404 Copticarum
1810 1324 2025 1406 hiturgiarum:

338 1389 537 1526 ww*
581 1395 646 1446 ”⁸⁸¹⁸
660 1420 740 1484 nulla
763 1420 801 1482 de
824 1420 890 1501 ejus
913 1439 1005 1483 sensu
1029 1423 1237 1484 controversia
1261 1420 1332 1500 tuit,
1361 1439 1429 1482 nam
1451 1421 1543 1484 verba
1565 1424 1784 1505 simplicissima
1814 1431 1898 1501 sunt,
1928 1423 2025 1486 nullus

374 1491 411 1528 ‘⁸‘
661 1531 759 1583 tamen
782 1536 885 1581 eorum
908 1516 946 1579 de
969 1537 1005 1581 ea
1027 1519 1147 1582 locutus
1160 1521 1322 1602 reperitur,
1346 1537 1407 1583 non
1421 1520 1595 1600 Salmasius,
1618 1524 1669 1604 qui
1691 1520 1938 1604 ipsas'Copticas
1960 1523 2021 1584 sor-

659 1620 754 1682 mulas
777 1625 835 1679 tam
858 1616 988 1701 maligne
1010 1618 1171 1681 vellicavit.
1204 1618 1330 1700 Nempe,
1354 1637 1453 1701 neque
1475 1620 1506 1682 id
1528 1629 1643 1684 temere
1666 1641 1683 1684 a
1706 1622 1793 1685 nobis
1816 1621 1935 1699 dicitur,
1958 1623 2041 1703 quia'

659 1720 863 1782 Protestantes
893 1717 1114 1781 commentariis
1144 1718 1223 1780 illam
1245 1719 1308 1782 suis
1330 1720 1465 1800 torqueri
1485 1719 1712 1784 adsententiam
1736 1738 1820 1783 suain
1841 1739 1945 1804 posse,
1969 1722 2026 1785 de-

660 1825 868 1901 speraverunt.
914 1816 991 1890 Quid
1013 1817 1189 1900 enimimgi,
1213 1819 1284 1899 quid
1298 1821 1466 1901 excogitari
1480 1829 1570 1900 queat
1591 1822 1686 1903 magis
1709 1819 1838 1883 alienum
1860 1823 1897 1884 ab
1921 1840 2023 1884 eorum

659 1916 853 1995 novitatibus,
877 1918 1055 1997 praesertim
1078 1917 1226 1999 adJunctis
1248 1916 1354 1980 ritibus
1377 1920 1427 1999 qui
1450 1921 1509 1981 vim
1532 1921 1598 2001 ejus
1621 1920 1841 1983 determinant?
1863 1920 1896 1983 ln
1919 1921 2023 1984 Latina

659 2016 796 2080 Ecclesia
818 2015 890 2079 nihil
913 2016 991 2094 tale,
1021 2017 1078 2078 etsi
1106 2016 1197 2079 realis
1224 2019 1415 2096 praesentiae
1449 2018 1523 2081 tides
1551 2020 1718 2082 certissime
1748 2027 1896 2083 teneatur.
1951 2003 2024 2082 Nam

661 2134 728 2179 cum
752 2116 902 2180 Sacerdos
926 2115 1007 2193 dicit,
1030 2115 1194 2180 ostendens
1222 2115 1455 2190 Eucharistiam,
1485 2117 1566 2179 Ecce
1587 2117 1691 2199 Aperta
1711 2117 1785 2195 Dei,
1812 2127 1867 2182 etc.
1899 2128 1930 2182 et
1960 2138 2025 2182 eam

658 2212 881 2278 distribuendo:
917 2214 1034 2296 Corpus
1054 2216 1178 2278 Domini
1197 2219 1295 2278 nostri
1315 2216 1390 2278 Jeao
1413 2215 1527 2279 Christi
1547 2218 1699 2280 custodiat
1726 2219 1859 2279 animam
1886 2227 1968 2282 heom
1993 2222 2025 2282 in
2121 2291 2124 2296 Q

658 2316 752 2375 citam
774 2323 939 2378 statement.
963 2315 1071 2378 Amen:
1094 2315 1166 2378 nihil
1189 2323 1247 2378 tam
1271 2333 1417 2395 expresse
1440 2315 1605 2398 significat,
1632 2316 1712 2397 quod
1741 2317 1946 2397 metaphorice
1976 2321 2026 2381 in-

660 2413 820 2495 terpretari
842 2414 1049 2478 Protestantes
1071 2434 1133 2479 non
1155 2414 1282 2480 soleant.
1306 2416 1349 2477 lta
1371 2415 1569 2498 perinsigne
1591 2416 1709 2480 divinae
1731 2416 1942 2498 providentiae
1967 2421 2026 2480 mi-

661 2513 812 2590 raculum,
836 2513 893 2577 illis
917 2516 945 2576 in
968 2514 1115 2577 Ecclesiis
1138 2534 1216 2597 quae
1245 2516 1405 2578 schismate
1433 2523 1463 2577 et
1492 2514 1611 2578 haeresi
1641 2515 1836 2580 acatholica
1866 2527 2026 2599 separatae

659 2621 744 2692 sunt,
766 2632 821 2690 ne,
845 2622 878 2676 ut
900 2614 956 2676 hac
979 2624 1077 2678 aetate
1100 2615 1211 2677 sactum
1234 2623 1297 2693 est,
1322 2614 1451 2677 dubitari
1474 2622 1580 2695 posset
1601 2616 1640 2678 de
1662 2615 1777 2677 illarum
1800 2615 1882 2678 circa
1904 2618 2026 2680 Eucha-⁵

659 2713 773 2774 ristiam
796 2714 871 2790 lide,
904 2713 992 2794 plura
1015 2715 1185 2778 testimonia
1216 2714 1295 2777 illius
1324 2720 1554 2793 remanserunt,
1584 2733 1673 2795 quam
1706 2715 1736 2777 in
1767 2715 1831 2794 ipsa
1862 2714 2025 2779 Catholica.

658 2810 738 2874 Nihil
761 2815 872 2895 quippe
895 2814 925 2875 in
949 2814 1072 2876 Canone
1095 2816 1246 2892 Romano,
1269 2815 1340 2877 nihil
1364 2815 1393 2875 in
1416 2813 1558 2895 precibus
1580 2813 1701 2895 publica
1723 2816 1882 2878 autoritate
1910 2823 1941 2878 et
1967 2836 2026 2879 an·

660 2912 740 2992 tique
763 2911 966 2975 Ecclesiarum
991 2913 1147 2996 disciplina
1170 2915 1361 2993 confirmatis,
1385 2913 1463 2996 apud
1486 2932 1543 2977 nos
1566 2922 1613 2976 est
1635 2915 1671 2978 ad
1695 2915 1920 2979 contestandum
1936 2914 2026 2979 lidem

659 3011 697 3074 de
719 3011 906 3075 Eucharistia
928 3021 1071 3092 nostram,
1095 3014 1175 3096 quod
1199 3018 1229 3077 in
1252 3015 1380 3078 alienum
1403 3033 1524 3077 sensum
1550 3032 1566 3075 a
1589 3014 1827 3079 Protestantibns
1852 3012 2025 3095 detorqueri

659 3129 720 3174 non
742 3112 849 3177 soleat.
873 3112 985 3176 Contra
1008 3115 1037 3175 ia
1061 3115 1263 3178 Orientalibus
1286 3115 1431 3177 Ecclesiis
1455 3113 1530 3177 tales
1553 3121 1715 3196 supersunt
1731 3113 1883 3175 orationes
1902 3123 1932 3176 et
1949 3134 2023 3178 cae-

659 3212 829 3292 remoniae,
852 3232 929 3295 quae
952 3231 1056 3277 ornnes
1078 3213 1197 3277 illorum
1219 3215 1353 3277 rationes
1376 3216 1416 3276 ita
1432 3212 1626 3293 conturbant,
1650 3221 1683 3276 ut
1698 3230 1819 3276 sonsum
1835 3212 1922 3276 alium
1937 3232 2025 3295 quam

659 3310 750 3375 realis
773 3314 963 3393 praescntiae
985 3313 1075 3395 plane
1097 3313 1264 3397 resupinum
1288 3321 1318 3376 et
1339 3314 1419 3375 inter
1441 3331 1545 3376 omnes
1568 3315 1732 3395 praecipue
1754 3312 1830 3373 haec
1853 3311 2024 3392 Confessio,

659 3428 737 3490 quae
760 3411 853 3495 longe
874 3413 961 3493 plura
984 3414 1118 3476 continet
1141 3433 1228 3495 quam
1251 3414 1458 3495 praescriptae
1480 3413 1665 3496 Berengario
1689 3422 1720 3475 et
1742 3412 1822 3491 aliis,
1846 3412 1884 3475 de
1899 3432 2023 3495 quorum

660 3509 718 3574 tide
740 3511 939 3576 dubitabatur.

364 3603 430 3663 Ouid
443 3605 566 3658 adversus
579 3605 647 3657 utam
752 3613 922 3692 Superesse
950 3631 1038 3675 unam
1069 3610 1233 3694 effugiendi
1262 3611 1407 3673 rationem
1436 3610 1587 3691 videmus,
1618 3629 1677 3692 qua
1706 3620 1764 3674 tam
1790 3611 1877 3676 facile
1906 3621 2024 3694 tamque

339 3687 530 3743 ⁰⁰¹¹f⁰⁸⁸l⁰⁰⁰¹¹¹
570 3691 647 3757 ⁰¹³l⁵⁰¹
660 3709 854 3774 immoderate
878 3712 958 3774 abuti
981 3711 1097 3789 solent,
1120 3720 1152 3773 ut
1174 3718 1320 3774 reuocent
1342 3711 1371 3771 in
1394 3709 1514 3772 dubium
1536 3714 1724 3774 autoritatem
1745 3710 1824 3774 illius
1847 3712 2023 3776 Confessio-

338 3779 425 3842 Μ·
660 3811 725 3888 nis,
757 3808 903 3872 adversus
934 3829 1021 3892 quam
1055 3818 1154 3873 tamea
1182 3829 1220 3873 ne
1250 3811 1389 3891 speciosa
1419 3809 1538 3889 quidem
1568 3811 1697 3891 objectio
1728 3811 1793 3873 heri
1822 3812 1882 3874 ulla
1912 3820 2020 3893 potest.

658 3909 732 3972 Nam
756 3908 880 3973 meridie
903 3909 1007 3974 lucere
1028 3917 1169 3994 negaret,
1194 3911 1244 3991 qui
1266 3909 1420 3993 Liturgiae
1442 3911 1527 3972 istius
1545 3897 1725 3992 'suspectam
1755 3911 1881 3974 haberet
1908 3912 2023 3973 verita-

659 4019 736 4087 tem,
771 4028 869 4090 neque
905 4012 982 4073 enim
1014 4010 1053 4072 de
1084 4011 1259 4091 antiquitate
1286 4011 1351 4091 ejus
1381 4011 1519 4091 quaestio
1548 4017 1612 4087 est,
1647 4009 1702 4073 sed
1732 4019 1844 4074 tantum
1878 4031 1915 4074 an
1945 4010 2023 4093 apud

657 4110 828 4192 Aegyptios
852 4111 882 4172 in
904 4128 960 4172 usu
983 4111 1041 4187 sit,
1065 4117 1116 4172 aut
1138 4109 1207 4171 olim
1231 4108 1336 4186 luerit,
1360 4108 1440 4190 quod
1462 4125 1521 4169 non
1545 4111 1641 4192 magis
1664 4111 1770 4191 negari
1793 4119 1910 4192 potest,
1934 4130 2021 4193 quam

659 4215 766 4272 extare
789 4210 893 4272 urbem
915 4209 1147 4286 Alexandriam,
1171 4218 1221 4272 aut
1244 4208 1354 4290 aliquid
1377 4209 1488 4288 simile,
1512 4207 1664 4272 moraliter
1686 4211 1892 4275 certissimum.
1929 4210 2024 4294 igitur

658 4308 803 4373 adversus
831 4309 979 4373 insolitam
1010 4310 1075 4393 ejus
1104 4309 1228 4372 turmam
1258 4307 1428 4372 declamare
1457 4316 1613 4389 poterunt,
1650 4318 1681 4372 et
1710 4310 1790 4391 quod
1824 4312 1854 4372 in
1884 4310 2022 4375 obscuris

657 4408 883 4490 quaestionibus
905 4407 1034 4472 libenter
1057 4408 1205 4488 iactitant,
1229 4409 1382 4490 designari
1404 4407 1461 4470 sibi
1484 4407 1676 4489 postulabunt
1703 4409 1785 4472 initia
1812 4409 1890 4471 illius
1919 4418 1950 4473 ct
1973 4411 2023 4472 in-

656 4518 819 4584 crementa,
843 4508 924 4589 quod
947 4508 1018 4572 licet
1039 4508 1120 4571 nullo
1140 4510 1210 4590 jure
1232 4508 1393 4590 postulent,
1418 4524 1521 4569 eorum
1546 4508 1624 4571 enim
1647 4516 1748 4589 partes
1771 4517 1888 4582 essent,
1912 4507 2024 4570 allerre

655 4608 686 4669 in
709 4608 837 4671 medium
861 4617 1037 4692 argumenta
1060 4609 1168 4690 quibus
1191 4609 1359 4691 impugnari
1383 4625 1449 4670 cum
1472 4607 1571 4688 aliquo
1595 4607 1700 4671 colore
1724 4611 1834 4689 possit,
1864 4608 1894 4670 id
1921 4614 2024 4669 tamen

656 4727 697 4769 ex
720 4711 811 4772 certis
835 4710 1032 4772 monumentis
1056 4717 1214 4789 praestare
1237 4708 1326 4771 facile
1350 4716 1405 4771 est.
1450 4707 1524 4769 Nam
1554 4708 1635 4789 quod
1663 4708 1786 4790 primam
1815 4706 2024 4770 Coniesstonis
2059 4716 2067 4725 ’

656 4817 771 4890 partem
795 4813 900 4872 attinet
922 4828 1000 4891 quae
1024 4809 1141 4872 Graece
1164 4806 1290 4886 dicitur,
1313 4809 1377 4891 ejus
1397 4809 1555 4888 antiquitas
1576 4815 1608 4870 et
1629 4809 1773 4870 autoritas
1793 4808 1897 4870 vocari
1917 4807 2025 4886 nequit

656 4911 688 4970 ia
710 4911 932 4991 suspicionem;
956 4928 1022 4972 cum
1046 4926 1111 4975 eam
1136 4907 1272 4971 Graecae
1294 4907 1518 4972 Alexandrinae
1539 4907 1700 4989 Litargiae'
1716 4912 1961 4990 repraesentent:
1990 4911 2024 4965 et

607 4991 612 5022 ³
657 5011 723 5090 ipsa
745 5010 946 5092 peregrinitas
968 5008 1104 5072 Graecae
1127 5009 1249 5090 linquae
1277 5007 1307 5069 in
1336 5023 1394 5089 qua
1423 5009 1653 5090 pronunciatur,
1684 5025 1750 5070 eam
1780 5007 1926 5070 scissione
1956 5002 2025 5065 lic-
