4525 6034
684 582 761 659 384
1062 559 1669 665 aarurursacua

681 770 959 866 Apollinaristae:
986 775 1053 846 imo
1081 783 1116 845 et
1141 772 1329 863 Meletiani,
1355 796 1496 869 quorum
1513 773 1673 870 reliquiae
1687 774 1805 867 adbuc,
1834 789 1911 851 ante
1927 782 2051 875 septin-

554 863 561 880 ’
682 899 804 980 gentos
830 909 937 961 annos
964 891 1067 961 variis
1099 891 1133 960 in
1165 889 1251 962 locis
1286 901 1502 986 supererant,
1533 902 1570 963 ut
1602 890 1644 963 de
1679 893 1819 984 singulis
1853 894 1973 967 dictum
2005 906 2052 968 est

681 1006 717 1075 in
742 1008 847 1078 variis
873 1004 1043 1077 Historiae
1068 1016 1206 1079 nostrae
1231 1005 1485 1082 Alexandrinae
1512 1006 1607 1080 locis.
1660 1007 1826 1084 Haeresin
1845 1034 1977 1108 quoque
1998 1021 2051 1082 ta-

681 1140 766 1211 gere
791 1129 924 1216 poterat
949 1143 1076 1193 summa
1102 1122 1339 1219 plerorumque
1364 1126 1571 1215 ignorantia:
1604 1127 1677 1220 quis
1705 1129 1794 1199 enim
1818 1126 1914 1200 locus
1940 1126 2052 1199 fuisset

681 1233 876 1324 Monaohis,
904 1239 1018 1308 autin
1045 1237 1243 1328 solitudine,
1270 1241 1384 1310 autin
1411 1241 1493 1334 ipsis
1520 1239 1693 1312 coenobiis
1721 1240 1764 1312 de
1797 1243 1862 1316 lide
1891 1243 2050 1338 loquendi,

681 1351 739 1424 ubi
765 1373 874 1446 neque
907 1355 1107 1444 conciones,
1139 1377 1249 1449 nequa
1283 1355 1480 1430 collationes
1513 1354 1556 1428 de
1589 1355 1654 1428 lida
1689 1355 1913 1450 habebantur,
1951 1361 2051 1433 studia

682 1466 886 1560 Theologica
913 1467 1002 1541 nulla
1037 1469 1228 1544 florebant?
1262 1470 1319 1544 Ad
1351 1471 1519 1544 vitandam
1552 1474 1651 1565 igitur
1686 1472 1885 1549 electionem
1920 1476 2051 1569 abcnjus

683 1586 738 1678 qui
765 1583 885 1656 talibus
911 1585 1121 1680 opinionibus
1149 1585 1289 1660 inlectus
1303 1596 1414 1678 esset,
1440 1611 1568 1661 summa
1586 1587 1754 1681 &menda
1772 1593 1806 1662 in
1825 1590 1922 1664 iidem
1942 1615 2052 1666 comm

681 1694 927 1793 mpuebatnri
951 1712 986 1774 et
1010 1706 1039 1776 si
1066 1702 1175 1799 aliqua
1190 1705 1339 1800 suspicio
1368 1726 1414 1775 ex
1430 1707 1581 1776 virorum
1606 1703 1749 1777 fidelium
1775 1705 1939 1781 relatione
1966 1714 2051 1781 inci-

682 1814 795 1906 deret,
822 1820 904 1889 satis
940 1829 1033 1910 erat,
1064 1829 1101 1890 ut
1132 1842 1200 1892 non
1236 1821 1378 1916 amplius
1413 1820 1456 1892 da
1489 1820 1553 1893 illis
1590 1824 1803 1912 cogitaretur.
1855 1822 2051 1921 Exemplum

682 1929 906 2006 subministrat
931 1938 1003 2007 vita
1029 1934 1203 2032 Michaelis
1228 1935 1379 2009 LXVllI.
1421 1933 1503 2009 Cum
1533 1939 1619 2007 enim
1635 1934 1764 2033 Cyrillo
1783 1940 1856 2029 ejus
1875 1939 2051 2012 decessore

680 2061 833 2143 mortuo,
859 2074 970 2147 neque
995 2051 1235 2144 Alexandrini,
1262 2051 1306 2124 ad
1333 2074 1418 2148 quos
1446 2051 1566 2124 electio
1593 2050 1797 2147 pertinebat,
1831 2076 1940 2151 neque
1967 2055 2050 2152 Epi-

680 2170 777 2264 scopi
802 2172 994 2244 oonsentire
1020 2173 1106 2241 inter
1133 2192 1172 2242 se
1198 2178 1339 2266 possent
1365 2168 1407 2241 de
1434 2171 1507 2261 ejus
1534 2190 1756 2259 successore,
1790 2173 1986 2246 missisunt
2012 2173 2051 2245 ad

678 2282 919 2358 Monasterium
946 2285 983 2357 S.
1009 2285 1170 2380 diaconii,
1202 2289 1257 2382 qui
1291 2289 1496 2381 inquirerent
1528 2309 1570 2359 an
1605 2297 1720 2359 essent
1750 2289 1836 2358 inter
1869 2286 2049 2362 Monaedes

679 2398 800 2496 abqui,
827 2423 911 2497 quos
947 2401 1088 2475 concilio
1122 2401 1367 2499 Episcopomm
1406 2412 1442 2474 et
1470 2402 1583 2475 Laicis
1617 2401 1818 2498 primoribus
1851 2424 2049 2499 proponere,

679 2521 835 2615 optimum
862 2518 953 2592 iactu
979 2518 1160 2591 videretur.
1213 2520 1437 2611 Designatus,
1463 2529 1498 2591 et
1522 2541 1606 2616 prae
1633 2521 1776 2616 caeteris
1804 2520 2049 2594 commendatus

677 2632 739 2705 luit
772 2634 908 2708 Samuel
945 2635 1075 2732 quidam
1114 2634 1349 2708 Anachoreta:
1383 2635 1445 2709 sed
1481 2659 1556 2708 cum
1589 2634 1852 2726 intellexissent,
1889 2634 2049 2711 absurdas

678 2749 839 2846 quasdam
855 2773 948 2828 «eum
983 2752 1160 2848 opiniones
1198 2750 1342 2842 habere,
1382 2755 1472 2824 circa
1508 2752 1673 2824 incarnati
1708 2751 1808 2824 verbi
1846 2755 2050 2848 mysterium,

618 2865 622 2874 ’
678 2870 790 2940 statim
816 2889 892 2939 eum
917 2869 1116 2960 rejecemnt
1169 2865 1313 2939 llichael
1338 2889 1424 2940 vero
1452 2870 1506 2962 qui
1534 2867 1660 2940 electus
1688 2876 1759 2957 est,
1787 2891 1862 2944 cum
1887 2870 2050 2966 proposi-

677 2995 730 3058 tus
756 2982 875 3057 fuisset
901 3007 921 3056 a
947 2983 1096 3080 pluribus
1116 2982 1314 3081 Episcopis,
1341 3006 1409 3058 non
1436 2988 1527 3080 prius
1546 2994 1705 3080 acceptus
1722 2979 1764 3057 ab
1779 2982 1926 3073 illisiuit,
1958 3005 2051 3077 mam

678 3100 721 3173 ad
745 3099 862 3172 urbem
889 3103 1033 3173 vicinam
1061 3097 1178 3172 Cellae
1204 3104 1237 3171 in
1265 3122 1328 3195 qua
1354 3099 1505 3174 reclusus
1527 3099 1680 3187 vivebat,
1708 3104 1801 3173 missi
1819 3100 1974 3189 luissent,
1999 3101 2051 3193 qui

677 3239 724 3288 ex
754 3215 886 3313 publica
920 3214 1031 3306 lama,
1075 3219 1264 3311 civiumque
1301 3218 1498 3289 testimoniis
1531 3227 1796 3308 cognoscerent,
1829 3239 1871 3289 au
1903 3215 1988 3288 fides
2020 3224 2051 3288 et

677 3354 782 3428 opera
807 3333 913 3423 illius,
941 3336 1089 3429 opinioni
1116 3355 1203 3428 quae
1229 3332 1286 3404 de·
1299 3354 1341 3404 eo
1370 3331 1458 3429 apud
1485 3353 1601 3405 omnes
1628 3354 1750 3425 magua
1778 3345 1867 3421 erat,
1900 3355 2050 3429 respou-

677 3447 780 3520 derct.
2064 3463 2068 3469 ’

406 3588 605 3659 rnreaogdanr
630 3591 664 3644 aa
779 3563 884 3640 bxv.
936 3565 1007 3638 lmo
1041 3576 1216 3662 postquam
1259 3564 1302 3636 ad
1336 3564 1493 3657 suffragia
1527 3567 1606 3636 itum
1637 3574 1729 3654 erat,
1765 3566 2049 3660 comprobataqua

367 3671 433 3726 ⁸¹⁶0
457 3675 567 3776 arearum
590 3680 662 3746 prius
677 3682 822 3752 omnium
848 3681 1000 3754 ordinum
1026 3685 1198 3757 sententiis
1225 3683 1298 3774 ejus
1326 3680 1464 3771 electio,
1496 3680 1657 3777 Episcopi
1688 3703 1756 3753 non
1790 3684 1881 3776 prius
1915 3692 2047 3755 statue-

370 3773 447 3829 Μ’]
466 3762 636 3817 ordinaretur.
674 3797 757 3869 bant
781 3797 1000 3892 imponendas
1026 3796 1071 3868 illi
1098 3820 1176 3870 essa
1203 3797 1246 3870 ad
1279 3800 1568 3870 consecrationem
1602 3819 1739 3886 manus,
1774 3819 1872 3891 quam
1908 3797 1952 3892 ple
1987 3796 2048 3868 lide

675 3911 718 3986 ab
745 3913 809 3986 illis
836 3916 1060 4008 interrogatus
1086 3915 1215 3988 fuisset
1268 3913 1386 4009 Neque
1414 3937 1455 3986 ea
1481 3912 1588 3985 solum
1620 3917 1750 3985 ratione
1785 3916 2047 4007 experimentum

673 4026 843 4101 iaciebant
872 4029 968 4120 fidei,
1001 4033 1075 4124 ejus
1109 4033 1164 4125 qui
1196 4029 1387 4103 Patriarcha
1424 4029 1648 4123 designandus
1683 4039 1771 4100 erat:
1807 4027 1868 4100 sed
1902 4032 1937 4100 in
1977 4031 2048 4124 ipsa

675 4143 891 4219 Ordinatione
918 4144 1176 4221 Confessionam
1202 4146 1452 4242 pronunciabat.
1508 4143 1661 4219 Celebris
1697 4154 1750 4218 est
1784 4165 1867 4241 prae
1902 4145 2046 4215 caeteris

671 4259 745 4354 illa,
773 4255 859 4358 quae
885 4266 950 4335 ritu
975 4264 1208 4337 Alexandrino
1236 4273 1313 4336 ante
1341 4263 1615 4338 Communionem
1641 4261 1853 4357 pronunciari
1879 4257 1980 4348 solet,
2006 4257 2046 4329 dc

671 4380 815 4451 veritate
842 4383 994 4475 corporis
1026 4391 1061 4453 et
1095 4381 1267 4472 sanguinis
1295 4377 1417 4452 Christi
1452 4381 1485 4450 in
1511 4378 1737 4450 Eucharistia:
1771 4380 1825 4449 cui
1858 4383 1938 4472 post
1965 4373 2045 4445 llu-

670 4492 854 4569 bamedana
882 4507 1050 4594 tempora,
1078 4497 1301 4591 adJunxermrt
1328 4492 1482 4591 Coptitae
1508 4495 1702 4591 particulam
1733 4515 1820 4589 quae
1845 4489 2045 4586 Monophy-

671 4613 808 4684 sitarum
827 4611 999 4686 doctrinae
1021 4612 1198 4685 medullam
1214 4614 1408 4685 contineret.
1435 4610 1494 4688 llla
1513 4633 1616 4706 porro
1634 4610 1815 4685 Confessio
1834 4605 2045 4699 exigebatur,

672 4730 771 4800 etiam
805 4739 981 4824 postquam
1011 4729 1230 4825 proclamatio
1265 4737 1299 4799 et
1335 4726 1507 4799 Ordinatio
1542 4726 1633 4800 facta
1667 4737 1757 4817 erat,
1793 4735 1828 4798 ut
1861 4746 1907 4795 ex
1941 4724 2044 4794 variis

670 4843 840 4918 acerbus
867 4845 1013 4935 discitur,
1039 4845 1196 4939 illamque
1222 4840 1464 4940 pronunciabat
1490 4842 1683 4934 Ordinatus,
1710 4865 1784 4913 cum
1801 4838 2045 4914 Eucharistiam

669 4971 936 5034 manuteneret.
988 4961 1210 5034 Alexandrini
1243 4957 1499 5033 Confessionem
1531 4959 1609 5032 fidei
1640 4961 1806 5055 petierunt
1839 4981 1858 5029 a
1887 4951 2044 5027 Gabriele

669 5075 771 5150 LVII.
800 5081 855 5173 qui
881 5087 959 5176 post
984 5100 1103 5151 annum
1125 5076 1156 5149 J.
1174 5073 1392 5150 CsDCCCC.
1419 5075 1589 5149 ordinatus
1617 5085 1680 5151 est:
1707 5075 1807 5171 idque
1829 5076 1926 5167 juxta
1954 5091 2043 5142 cou-
