4525 6034
456 620 459 625 ⁴
537 612 620 690 SIVE
648 610 778 691 CANON
804 614 1050 693 UNlVERSALlS
1077 617 1307 695 AETHIOPUll.
1536 622 1612 696 485

234 795 351 869 bostes
378 807 413 869 et
438 798 654 871 adversarios
681 822 815 890 eorum,
848 801 977 895 subjice
1009 812 1042 874 et
1068 812 1206 875 contere
1233 802 1294 878 sub
1327 804 1469 901 pedibus
1496 831 1613 881 eorum

234 912 415 986 velociter:
442 913 517 988 illos
543 936 629 986 vero
655 914 754 990 nobis
788 938 957 990 conserva
990 921 1024 988 in
1053 921 1181 1011 justitia
1211 929 1246 991 ct
1278 942 1365 1014 pace
1397 925 1432 994 iu
1456 921 1613 996 Ecclesia

234 1038 291 1101 tua
320 1039 444 1102 sancta.

667 1221 789 1292 Oratio
812 1244 880 1314 pro
908 1227 1202 1314 congregatione·

338 1407 460 1479 lterum
488 1409 708 1505 deprecemur
735 1408 992 1505 omnipotentem
1019 1409 1138 1498 Deum,
1165 1413 1298 1485 Patrem
1327 1413 1460 1486 Domini
1486 1415 1550 1487 Dei
1578 1424 1613 1487 ct

230 1521 415 1597 salvatoris
451 1528 557 1597 nostri
583 1525 667 1597 lesu
699 1523 831 1597 Christi.
884 1524 1058 1617 Rogamus
1095 1535 1129 1597 et
1169 1525 1388 1601 obsecramus
1429 1527 1612 1603 bonitatem

227 1647 336 1729 tuam,
363 1649 492 1712 amator
517 1638 702 1713 bominum:
729 1651 895 1712 memento
922 1641 1064 1712 Domine
1091 1648 1367 1735 congregationis
1394 1654 1551 1735 nostrae,
1579 1655 1612 1717 et

227 1750 376 1827 benedic
402 1755 467 1829 illis
495 1758 549 1851 qui
576 1758 610 1826 in
637 1778 677 1827 ea
706 1768 790 1828 sunt.

337 1869 525 1943 Diaconos.
580 1870 681 1943 Orate
716 1895 778 1967 pro
816 1872 879 1944 bac
914 1869 1070 1943 Ecclesia
1111 1883 1228 1946 saneta
1269 1884 1303 1946 et
1343 1877 1609 1967 congregatione

225 1996 349 2059 nostra
376 2010 461 2082 quae
488 1990 522 2058 in
549 2010 592 2060 ea
620 1998 680 2061 est

335 2102 496 2196 Populea
523 2102 671 2175 Benedic
689 2107 943 2196 congregationi
959 2114 1105 2192 nostrae,
1134 2114 1168 2175 et
1180 2125 1346 2175 conserva
1366 2128 1440 2177 eam
1460 2107 1492 2176 in
1510 2128 1609 2201 pace:

225 2242 378 2312 mosque
404 2220 521 2290 dieunt
547 2218 738 2311 Symbolum
762 2221 853 2312 fidei.

334 2335 523 2406 Diaconos.
576 2337 612 2407 lu
640 2339 803 2431 sapientia
830 2335 906 2425 Dei,
934 2335 1031 2408 dicite
1058 2334 1257 2430 Symbolum
1283 2334 1360 2408 fidei
1387 2347 1422 2409 et
1448 2341 1568 2410 canite.

338 2449 399 2521 10.
453 2450 629 2524 Credimus
656 2454 689 2522 in
715 2474 814 2523 unum
841 2451 961 2540 Deum,
987 2453 1122 2524 Patrem
1145 2453 1417 2546 omnipotentem,
1443 2452 1608 2527 factorem

224 2564 317 2638 coeli
345 2577 379 2638 et
405 2576 535 2655 terrae,
563 2565 741 2639 visibilium
769 2577 803 2639 et
829 2567 1052 2640 invisibilium.
1106 2566 1283 2640 Credimus
1320 2571 1420 2642 etiam
1434 2573 1481 2645 ,in
1507 2592 1607 2641 uuunr

223 2683 406 2754 Dominum
432 2683 549 2755 lesum
584 2681 770 2774 Christum,
801 2683 919 2755 Filium
951 2685 1060 2756 Patris
1092 2687 1243 2756 unicam:
1279 2687 1334 2779 qui
1361 2696 1434 2757 erat
1461 2709 1535 2758 cum
1563 2706 1607 2756 eo

224 2809 406 2894 antequam
431 2808 605 2871 crearetur
630 2798 785 2872 mundus:
817 2798 927 2871 lumen
962 2798 1005 2870 de
1036 2798 1169 2885 lumine,
1196 2800 1304 2889 Deum
1332 2799 1374 2871 de
1401 2800 1476 2873 Deo
1503 2822 1606 2873 vero:

222 2917 378 3006 genitum
403 2936 472 2988 non
497 2914 633 3005 lactum,
660 2914 834 3011 aequalem
862 2915 952 2986 Patri
978 2913 1160 2986 secundum
1176 2913 1381 2986 divinitatem
1409 2938 1518 2988 suam:
1546 2937 1609 3011 per

222 3052 326 3125 quem
354 3034 464 3103 omnia
490 3031 578 3104 iacta
605 3040 692 3121 sunt,
718 3041 753 3104 et
779 3033 852 3105 sine
884 3034 959 3126 ipso
993 3029 1116 3103 laetum
1153 3041 1205 3103 est
1238 3029 1317 3102 nihil
1344 3030 1540 3127 quidquam,
1572 3035 1605 3104 in

221 3144 325 3216 coelo
354 3155 388 3216 et
413 3149 445 3217 in
472 3158 572 3219 terra.
611 3149 675 3235 Qui
701 3159 840 3243 propter
865 3169 928 3220 nos
955 3145 1118 3233 homines,
1146 3158 1180 3218 et
1206 3155 1344 3242 propter
1369 3155 1518 3219 nostram
1540 3169 1603 3220 sa-

220 3260 327 3332 lutem
356 3260 528 3335 descendit
554 3262 596 3334 de
623 3262 736 3334 coelis
788 3262 833 3334 Et
866 3266 1056 3333 incarnatus
1090 3270 1143 3333 est
1176 3261 1218 3333 de
1250 3262 1375 3358 Spiritu
1403 3272 1536 3352 sancto,
1571 3273 1605 3335 et

221 3398 270 3447 ex
298 3376 409 3449 Maria
435 3377 577 3471 Virgine
604 3388 738 3471 sancta,
774 3387 808 3451 et
839 3376 938 3450 homo
966 3376 1074 3449 iactus
1102 3388 1164 3450 est.
1218 3377 1406 3451 Crucifixus
1433 3388 1486 3451 est
1513 3391 1604 3452 tenr-

222 3514 313 3588 pore
339 3494 446 3564 Pontii
472 3492 581 3584 Pilati,
607 3516 750 3590 passus,
776 3505 942 3583 mortuus,
977 3504 1010 3565 et
1046 3492 1195 3589 sepultus
1229 3504 1290 3567 est.
1343 3491 1386 3563 Et
1417 3498 1605 3580 resurrexit

223 3631 243 3679 a
271 3613 414 3681 mortuis
441 3614 539 3682 tertia
566 3611 631 3698 die,
658 3613 743 3682 siout
769 3612 927 3705 scriptum
953 3621 1026 3681 erat
1051 3612 1085 3681 in
1103 3612 1209 3681 sacris
1237 3610 1427 3704 scripturis:
1455 3608 1605 3681 aseendit

222 3745 302 3794 cum
329 3723 439 3815 gloria
473 3728 506 3797 in
526 3725 672 3815 coelos,
699 3725 859 3820 sedetque
887 3724 928 3796 ad
960 3725 1135 3798 dexteram
1169 3727 1272 3820 patris
1307 3728 1378 3813 sui3
1419 3728 1603 3820 iterumque

221 3848 387 3911 venturus
419 3851 471 3913 est
502 3864 576 3912 cum
610 3842 719 3934 gloria
748 3841 953 3933 judicatums
988 3844 1088 3913 vivos
1121 3851 1154 3912 et
1179 3851 1349 3930 mortuos,
1381 3843 1476 3932 eujus
1506 3843 1604 3933 regni

221 3976 292 4026 non
326 3958 390 4026 erit
423 3956 506 4030 linis.
561 3956 735 4029 Credimus
769 3959 868 4029 etiam
900 3959 933 4027 in
974 3955 1130 4051 Spiritum
1172 3966 1319 4029 sanctum
1358 3957 1535 4029 Dominum
1569 3967 1603 4028 et

221 4062 463 4162 vivificantem,
491 4076 546 4168 qui
573 4096 619 4144 ex
646 4075 747 4146 Patre
774 4071 940 4168 procedit:
973 4095 1069 4168 quem
1098 4072 1275 4144 adoramus
1303 4083 1336 4144 et
1362 4067 1601 4165 glorificamus,

222 4209 301 4258 oum
328 4187 430 4260 Patre
457 4199 491 4271 et
515 4189 623 4261 Filio:
652 4192 707 4284 qui
732 4190 863 4261 locutus
878 4196 929 4259 est
945 4211 1007 4284 per
1032 4188 1229 4282 Prophetas.
1257 4187 1431 4260 Credimus
1454 4190 1552 4259 etiam
1567 4191 1601 4259 in

219 4325 323 4374 unam
351 4314 499 4376 sanctam
525 4303 725 4394 Ecclesiam,
753 4301 960 4377 Catholicanr
988 4316 1022 4376 et
1035 4303 1276 4401 Apostolioam.
1305 4302 1478 4376 Credimus
1501 4327 1600 4376 onum

219 4418 396 4515 Baptisma
423 4423 457 4491 in
483 4424 715 4493 remissionem
740 4430 970 4516 peccatorum:
1006 4430 1040 4491 et
1067 4429 1284 4516 expectamus
1318 4421 1599 4492 resurrectionem

219 4545 441 4625 mortuorum,
469 4545 503 4608 et
529 4539 631 4608 vitam
658 4545 833 4608 venturam
859 4537 893 4606 in
920 4536 1097 4607 saeculum.
1151 4539 1271 4609 Amen.

329 4648 513 4723 Sacerdos.
566 4653 637 4725 Fac
672 4663 707 4722 ut
740 4655 1024 4745 congregationes
1059 4661 1196 4723 nostrae
1227 4654 1293 4723 sint
1334 4650 1432 4722 nobis
1471 4649 1600 4744 absque

218 4750 457 4858 impedimento
485 4776 519 4838 et
542 4770 802 4841 intermissione:
838 4768 982 4862 fiantque
1007 4790 1069 4862 per
1094 4767 1308 4840 voluntatem*
1336 4776 1425 4836 tuom
1452 4773 1600 4836 sanctam

220 4886 256 4949 et
290 4879 441 4970 beatam,
476 4882 593 4955 domus
626 4886 805 4970 orationis,
841 4882 957 4956 domus
992 4886 1165 4979 puritatis,
1197 4881 1315 4954 domus
1347 4879 1599 4953 benedictionis.

219 4998 374 5090 Benigne
402 4998 552 5071 concede
577 4998 652 5070 illas
678 4996 775 5071 nobis
803 5002 914 5071 servis
943 5003 1019 5088 tuis,
1046 5009 1080 5070 et
1106 4998 1170 5070 illis
1198 5000 1253 5093 qui
1278 5006 1356 5092 post
1381 5019 1444 5069 uos
1466 4996 1598 5068 venturi

220 5124 319 5202 sunt,
353 5135 459 5209 usque
495 5118 528 5186 in
562 5112 739 5189 saeculum.
793 5113 933 5206 Exurge
966 5115 1110 5187 Domine
1145 5115 1238 5185 Deus
1264 5120 1396 5199 noster,
1433 5122 1466 5183 et
1493 5110 1598 5185 dissi-

1319 5228 1366 5301 77
1380 5226 1399 5262 ⁴*
