4525 6034
697 546 791 621 XCII
1179 553 1596 633 nissnnnnnlo·

697 748 865 829 estesse
893 740 1026 809 omnino
1062 712 1208 831 similes,
1240 763 1349 837 neque
1381 745 1468 816 enim
1494 743 1677 819 verborum
1711 756 1746 818 et
1771 747 1900 842 aliquot
1927 758 2067 822 senten-
2106 744 2111 755 '

695 858 812 927 tiarum
839 855 1019 927 differentia
1045 857 1131 931 levis
1165 860 1244 930 tanti
1277 868 1392 947 estut
1410 863 1443 931 in
1470 859 1610 935 Graecis
1635 862 1713 936 lons
1741 873 1775 936 et
1801 867 1902 956 origo
1931 863 2065 938 alterim

695 996 763 1046 non
790 982 1001 1065 agnoscatur.
1028 972 1077 1044 lta
1103 997 1172 1047 non
1198 984 1290 1046 caret
1316 973 1544 1068 fundamento,
1570 978 1660 1073 qnod
1686 977 2064 1074 AbrdbircatLitnrgias

694 1106 885 1177 numerans,
912 1098 946 1160 et
972 1089 1014 1161 de
1040 1090 1097 1161 illa
1121 1090 1229 1162 Marci
1254 1089 1361 1164 verba
1387 1092 1531 1185 faciens,
1565 1117 1663 1189 pram
1696 1105 1806 1168 tamen
1842 1099 1876 1167 in
1912 1094 2065 1169 Ecclesia

696 1228 756 1277 sna
783 1209 889 1300 recipi
913 1205 1081 1298 negabat,
1108 1206 1231 1299 adjecit
1257 1208 1419 1303 quosdam
1446 1213 1657 1304 exiStimare,
1684 1236 1759 1285 eam
1785 1213 2065 1310 aCyn‘llinanon

621 1336 626 1347 “
695 1345 774 1395 esse
800 1322 988 1415 diversam,
1015 1322 1075 1395 sed
1103 1346 1149 1395 ex
1176 1347 1218 1395 ea
1244 1325 1486 1420 interpolatam.
1526 1327 1564 1400 Si
1592 1326 1725 1402 Graeca
1752 1330 1963 1426 exemplarIa
1977 1353 2064 1403 con-

695 1438 806 1517 sulere
831 1443 1011 1535 potuisset,
1037 1438 1126 1511 nulla
1153 1440 1352 1533 ambiguitas
1379 1455 1563 1538 supererat.
1593 1444 1663 1518 Sed
1689 1468 1805 1518 eorum
1832 1449 1890 1541 qni
1916 1446 2064 1519 Arabica

695 1559 915 1653 scripserunt,
949 1560 1005 1652 qni
1029 1555 1152 1629 leviter
1183 1557 1327 1647 saltem,
1358 1558 1490 1631 Graece
1523 1565 1662 1634 sciverit
1697 1566 1930 1635 existimamus
1962 1561 2063 1635 finisse

693 1677 867 1745 neminem.
921 1672 1007 1746 Nam
1033 1673 1148 1767 lingua
1174 1672 1326 1768 vulgaris
1353 1698 1431 1749 esse
1457 1682 1567 1750 statim
1594 1679 1756 1770 desierat,
1782 1703 1894 1774 neque
1914 1679 1972 1752 ubi
1993 1681 2063 1770 ejus

694 1812 774 1864 usus
807 1794 840 1861 in
875 1793 981 1864 sacris
1009 1789 1153 1882 Officiis,
1185 1799 1321 1887 praeter
1357 1815 1455 1887 quam
1492 1794 1581 1890 apud
1612 1794 1829 1868 Orthodoxos
1870 1794 2063 1886 substiterit,

693 1906 913 1998 conjectando
941 1910 1077 2001 assequi
1102 1926 1301 2003 possumus,
1328 1913 1480 2003 quamvis
1508 1909 1628 1983 alicubi
1661 1911 1869 2008 superfuisse
1902 1913 2062 1984 videatur.

371 2029 679 2103 draconemgypuorum
794 2024 949 2097 XXVIII.
1000 2023 1091 2097 lllins
1118 2026 1331 2117 conjecturae
1356 2030 1574 2100 certissimum
1601 2039 1847 2121 argumentum,
1880 2029 1971 2124 quod
2004 2033 2063 2103 etsi

370 2120 501 2258 ζίωῗίὶῗο
526 2116 678 2257 ⁰3,.⁰⁰‘¹¹⁰⁶
694 2145 804 2214 omnia
832 2141 897 2215 alia
925 2142 1082 2217 deessent
1107 2142 1292 2232 sufficeret,
1328 2138 1449 2215 Codex
1475 2142 1701 2217 BIbliotbecae
1726 2145 1859 2238 Regiae
1887 2143 2062 2237 siugularis

393 2222 454 2276 ⁰⁸¹⁰
480 2222 609 2274 ascopa.
691 2259 789 2332 nobis
816 2258 1092 2349 subministravit,
1120 2261 1213 2350 cujus
1240 2262 1339 2331 etiam
1366 2282 1433 2355 ope
1448 2263 1638 2357 prImarium
1652 2263 1826 2358 exemplar
1840 2262 2061 2352 Liturgiarum

691 2376 977 2473 Aegypdacarmn
998 2379 1226 2468 ‘agnoscimus
1278 2375 1311 2448 ls
1339 2373 1460 2449 Codex
1485 2386 1617 2449 notatus
1645 2372 1696 2448 n⁰.
1723 2376 1835 2449 3023.
1861 2401 1910 2449 ex
1935 2375 2061 2448 illorum

691 2515 829 2565 numero
865 2501 933 2581 est,
970 2515 1053 2587 qnos
1083 2492 1233 2565 Ioannes
1265 2491 1409 2564 Michael
1440 2491 1657 2565 Wanslebius
1693 2517 1713 2565 a
1747 2498 1823 2566 viro
1856 2515 2004 2579 summo,
2029 2500 2060 2562 et

692 2611 787 2700 cujus
823 2609 1009 2682 clarissima
1041 2631 1176 2704 semper
1209 2612 1272 2680 erit
1305 2612 1390 2679 inter
1423 2608 1573 2682 literatos
1606 2612 1785 2700 memoria,
1824 2609 1958 2682 Ioanne
1988 2608 2058 2679 Ba-

691 2729 793 2822 ptista
820 2724 1002 2817 Colberto,
1030 2749 1104 2797 cum
1130 2724 1294 2798 mandatis
1322 2722 1591 2797 Christianissimi
1607 2725 1713 2819 Regis
1740 2730 1774 2797 in
1788 2725 1960 2798 Orientem
1977 2728 2058 2796 mla·

692 2866 766 2930 sus,
794 2842 838 2914 ad
863 2841 995 2934 Regiae
1022 2840 1249 2915 BiblIotbecae
1276 2852 1487 2934 augmentum
1515 2847 1734 2938 comparavit.
1764 2842 1877 2914 Lacer
1903 2852 1971 2929 est,
1996 2840 2057 2911 de-

691 2970 832 3054 srmtque
847 2962 940 3031 initio
963 2954 1028 3031 duo
1055 2967 1110 3030 aut
1130 2962 1193 3030 tria
1212 2957 1312 3048 lolia3
1339 2962 1490 3031 nnumin
1509 2970 1683 3048 contextu;
1711 2963 1744 3030 in
1763 2960 1903 3054 reliquis
1919 2960 2057 3054 optimae

690 3086 791 3150 notae
818 3087 895 3166 est,
922 3079 1130 3171 scriptusque
1158 3076 1304 3168 eleganti
1332 3085 1366 3146 et
1391 3079 1497 3171 perita
1524 3098 1632 3147 manu.
1686 3076 1842 3148 Continet
1869 3084 1979 3147 autem
1996 3073 2056 3144 Ιιλ-

690 3198 817 3287 tnrgias
845 3194 943 3266 duas:
970 3196 1110 3288 primam
1138 3192 1173 3263 S.
1200 3191 1332 3281 Basilii,
1358 3195 1471 3284 cujus,
1503 3202 1539 3264 ut
1564 3214 1611 3263 ex
1642 3192 1708 3264 fine
1741 3191 1920 3280 discimus,
1953 3189 2056 3261 titulus

692 3311 746 3383 hic
773 3321 855 3383 erat.
895 3308 953 3415 Ἡ
974 3309 1058 3383 θεία
1084 3310 1288 3409 λειτουργία
1312 3314 1379 3383 τοῦ
1403 3312 1441 3383 ἐν
1466 3305 1581 3408 ἁγίοις
1606 3305 1740 3406 πατρὸς
1758 3306 1863 3405 ἡμῶν
1882 3312 1949 3382 τοῦ
1962 3308 2056 3378 θαυ-

690 3433 904 3529 ματουργού
927 3427 1123 3524 βασιλείου.
1176 3428 1307 3498 Dictae
1332 3427 1491 3519 Lilurpc'u
1516 3428 1628 3496 eoacti
1653 3426 1773 3496 Patala
1801 3429 1914 3497 ιιοιίνί
1944 3423 2055 3495 ntae-
2167 3424 2170 3431 ’

691 3548 837 3641 maturpi
863 3543 1009 3615 BosiIc'a':
1037 3543 1218 3615 secundam
1244 3546 1350 3615 sancti
1378 3540 1545 3633 Gregorii.
1595 3541 1692 3614 Istius
1720 3542 1829 3613 titulus
1855 3545 1948 3623 initio
1975 3540 2054 3611 sim-

693 3663 791 3758 plex:
818 3661 865 3735 ‘H
884 3660 969 3735 θεία
994 3659 1196 3760 λειτουργία
1227 3666 1294 3733 τοῦ
1310 3700 1313 3705 ·
1327 3662 1367 3735 ἓν
1397 3657 1511 3757 ἁγίοις
1542 3654 1675 3754 πατρὸς
1705 3655 1811 3753 ἡμῶν
1844 3655 2052 3757 Γρηγορίουε

693 3782 728 3849 in
754 3776 819 3849 fine
844 3774 1025 3877 mptopm‘cap
1044 3782 1096 3873 cai
1120 3780 1159 3853 ἐν
1185 3774 1298 3877 ἁγίοις
1323 3774 1432 3872 πατρί
1456 3774 1560 3872 ἡμῶν
1584 3770 1751 3875 θεολόγῳ
1776 3773 1982 3875 Γρηγορίῳτ
2013 3790 2054 3840 cx

694 3919 759 3989 qua
800 3876 1001 3991 epigraphe,
1041 3892 1250 3986 Theologum
1295 3917 1373 3965 esse
1417 3892 1645 3984 intelligimus,
1692 3894 1744 3963 cui
1784 3890 1871 3963 baec
1910 3887 2053 3976 Liurgia

692 4012 844 4085 tribuitur
869 4015 903 4081 in
930 4035 971 4084 eo
999 4010 1202 4107 exemplari,
1229 4014 1324 4082 utin
1352 4008 1499 4103 Copticis
1527 4008 1695 4081 omnibus:
1736 4030 1822 4102 quae
1857 4006 1987 4078 traditio
2013 3999 2050 4071 ab

693 4129 864 4202 autoribus
890 4129 1111 4225 Aegyptiacis
1137 4130 1281 4198 unanimi
1308 4147 1475 4199 consensu
1502 4133 1641 4220 accepta
1668 4134 1730 4196 est.

794 4246 918 4317 XXIX.
968 4244 1111 4315 Primam
1159 4247 1357 4338 paginarum
1399 4242 1522 4314 luciam
1563 4249 1706 4336 occupat
1745 4238 1895 4312 Graecus
1934 4244 2049 4318 textus,

693 4363 886 4435 charactere
913 4385 1010 4457 quem
1038 4368 1276 4436 sexcentorum
1302 4369 1335 4430 et
1362 4360 1499 4455 amplius
1532 4381 1692 4431 annornm
1723 4361 1822 4454 periti
1855 4380 1934 4430 esse
1962 4350 2049 4445 judi-

692 4491 792 4572 cant,
819 4479 928 4551 forma
955 4501 1041 4575 quae
1067 4502 1087 4549 a
1107 4478 1273 4549 communi
1294 4474 1462 4547 literarum
1480 4474 1684 4548 Graecarum
1705 4474 1803 4546 ductu
1823 4474 1956 4570 paulum
1972 4468 2048 4540 abit:

691 4598 779 4669 nulla
805 4598 902 4669 litera
929 4619 1003 4668 cum
1030 4594 1103 4666 aliis
1131 4615 1304 4683 connexa,
1331 4593 1392 4664 sed
1417 4614 1540 4665 vocum
1566 4590 1761 4686 compendia
1790 4587 2053 4693 frequentissima¹

693 4724 793 4803 sunt,
819 4716 865 4786 ita
892 4723 927 4784 ut
952 4707 1093 4811 πατήρ,
1118 4716 1279 4805 πνεῦμα,
1318 4720 1351 4782 et
1375 4709 1477 4782 multa
1504 4707 1568 4780 alia
1595 4707 1834 4803 compendiose
1860 4706 2046 4779 scribantur·

693 4830 762 4904 Sed
786 4853 830 4901 ne
856 4829 913 4902 illa
939 4827 1136 4925 compendia
1168 4826 1315 4899 lectores
1345 4835 1571 4915 morarentur,
1601 4823 1703 4896 index
1732 4845 1854 4895 vocum
1885 4826 1930 4893 ita
1963 4813 2045 4891 scri·

694 4956 823 5043 ptarum
850 4947 892 5018 ad
918 4947 1016 5018 finem
1043 4944 1214 5036 adjunctus
1242 4946 1312 5034 est,
1337 4943 1424 5015 unde
1450 4942 1565 5016 forsan
1583 4943 1702 5033 conjici
1718 4948 1847 5036 potest,
1874 4946 1949 5010 tunc
1963 4931 2044 5011 scri·

693 5074 785 5163 ptum
810 5061 914 5137 lirisse
941 5063 1109 5153 codicem,
1137 5085 1212 5133 cum
1234 5064 1303 5154 jam
1330 5059 1484 5133 Graecae
1510 5058 1644 5151 linguae
1670 5062 1920 5153 scripturaeque
1939 5044 2046 5149 peritit
