4525 6034
1368 584 1514 659 166
2377 586 3091 664 LITURGIA

1564 771 1885 866 Populus.
1937 773 2180 846 Amen.

1561 887 1928 961 Sacerdos.
1996 888 2083 961 Ut
2153 888 2562 961 sanctificent
2643 912 2930 986 corpora
2997 900 3066 962 et
3142 893 3391 963 animas
3457 914 3720 984 eorum,
3789 896 3895 988 qui
3953 894 4071 967 illis

1358 1006 1949 1093 communicabunt,
2004 1006 2088 1078 ad
2127 1006 2615 1078 mundationem
2671 1006 2968 1080 cordium
3002 1029 3256 1098 eorum,
3307 1008 3824 1104 purificationem
3877 1015 4071 1102 cogi-

1355 1127 1673 1197 tationum
1727 1146 2001 1210 eorum„
2071 1132 2137 1195 et
2189 1122 2275 1194 ad
2328 1123 2911 1196 sanctificationem
2977 1127 3337 1197 animarum
3402 1147 3669 1212 eorum,
3739 1148 3911 1221 quae
3978 1138 4076 1199 est

1358 1242 1427 1310 in
1482 1261 1697 1331 regno
1753 1239 2092 1311 coelorum
2145 1249 2214 1311 et
2263 1242 2402 1310 vita
2458 1249 2745 1311 aeterna.
3501 1257 3506 1263 ·

1564 1356 1938 1427 Diaconus.
1997 1355 2299 1427 Oremus.

1560 1472 1909 1545 Sacerdos
1958 1472 2342 1543 inclinatus.
2398 1471 3012 1545 commemoramus
3076 1493 3299 1544 coram
3365 1481 3470 1562 te,
3536 1473 3820 1545 Domine
3872 1474 4075 1564 Deus,

1353 1588 1483 1662 hoc
1536 1601 1834 1685 tempore
1863 1588 2054 1680 hujus
2084 1585 2415 1676 sacrificii,
2468 1610 2700 1660 omnes
2730 1586 3075 1661 Ecclesias
3111 1599 3258 1662 tuas
3287 1596 3587 1661 sanctas:
3642 1599 3708 1661 et
3757 1591 4073 1663 Pastores

1355 1704 1788 1779 orthodoxos
1861 1708 1971 1800 qui
2038 1708 2103 1775 in
2168 1704 2296 1778 illis
2354 1708 2627 1777 vivunt:
2698 1708 3058 1800 praecipue
3120 1727 3287 1776 vero
3341 1704 3486 1777 DD.
3541 1704 3620 1775 N.
3675 1715 3743 1776 et
3794 1706 3878 1777 N.
3932 1730 4075 1780 cum

1353 1821 1628 1918 reliquis
1681 1822 2036 1918 Episcopis
2091 1820 2513 1893 Orthodoxis.
2618 1820 2858 1892 Iterum
2912 1825 3109 1894 etiam
3164 1843 3758 1894 commemoramus
3816 1823 4071 1894 Sacer-

1352 1938 1542 2012 dotes
1598 1947 1665 2010 et
1713 1939 2053 2012 Diaconos
2107 1960 2352 2024 veroe,
2415 1936 2840 2033 reliquosque
2906 1936 3307 2010 domesticos
3379 1947 3565 2027 tuos,
3645 1941 3755 2034 qui
3828 1936 4073 2012 obser-

1348 2066 1511 2127 vant
1563 2053 1870 2127 mandata
1923 2063 2052 2125 tua.
2157 2055 2397 2126 Iterum
2452 2057 2651 2125 etiam
2703 2053 3134 2127 obsecramus
3188 2064 3291 2143 te,
3344 2056 3647 2142 Domine,
3701 2076 3826 2150 pro
3883 2066 4073 2126 tran-

1349 2169 1667 2267 quillitate
1733 2181 1800 2241 et
1866 2170 2361 2242 confirmatione
2428 2172 2626 2241 totius
2695 2170 2955 2244 mundi:
3023 2193 3145 2265 pro
3216 2169 3677 2243 benedictione
3746 2174 3937 2261 anni,
4015 2182 4078 2243 et

1345 2285 1673 2357 fructuum
1729 2286 2048 2358 ubertate.
2154 2286 2398 2357 Iterum
2453 2283 2883 2359 obsecramus
2953 2298 3057 2375 te,
3112 2309 3233 2381 pro
3299 2287 3602 2374 infirmis,
3673 2287 3956 2375 afflictiS‚
4012 2297 4075 2358 et

1345 2399 1506 2475 illis·
1530 2406 1640 2497 qui
1691 2427 1732 2475 a
1787 2402 1976 2473 malis
2031 2400 2366 2497 spiritibus
2418 2400 2844 2476 infestantur:
2898 2413 2971 2474 ut
3018 2406 3254 2475 visites
3308 2425 3453 2491 θος,
3504 2406 3890 2476 visitatione
3945 2414 4072 2475 tua.

1343 2520 1585 2592 lterum
1642 2518 2072 2591 obsecramus
2126 2530 2193 2590 te
2226 2519 2512 2590 Domine
2561 2541 2686 2613 pro
2743 2518 3045 2590 omnibus
3101 2522 3208 2614 qui
3254 2523 3568 2592 invocant
3598 2542 3839 2592 nomen
3874 2531 4071 2608 tuum,

1346 2647 1415 2708 et
1466 2634 1856 2710 confitentur
1910 2645 1974 2706 te
2028 2656 2183 2706 esse
2235 2644 2471 2706 veru‘m
2525 2633 2760 2707 Deum.

1552 2751 1850 2824 Elevam
1901 2774 2151 2823 vocem.
2223 2749 2432 2823 Salva
2486 2760 2553 2821 et
2613 2748 2860 2840 libera,
2930 2750 3213 2822 Domine
3277 2751 3461 2824 Deus
3526 2775 3729 2839 vere„
3796 2774 4071 2845 gregem

1342 2878 1521 2939 tuum
1577 2868 1660 2944 ab
1690 2865 2017 2957 „omnibus
2069 2867 2288 2963 plagis
2342 2869 2596 2957 noxiis,
2665 2866 2932 2939 acerbis
3000 2877 3067 2938 et
3132 2865 3522 2956 mortiferis,
3586 2877 3657 2938 ut
3721 2872 3918 2940 etiam
3984 2866 4067 2939 ab

1340 2983 1644 3057 omnibus
1698 2984 2107 3058 contumeliis
2161 2990 2454 3076 gentium
2507 2981 2941 3057 barbararum
3008 3007 3178 3078 quae
3240 3005 3480 3055 nomen
3544 2993 3722 3054 tuum
3776 2996 4068 3057 sanctum

1340 3122 1476 3172 non
1528 3109 1883 3186 noverunt,
1938 3110 2005 3172 et
2056 3100 2461 3172 divinitatem
2518 3110 2694 3171 tuam
2727 3122 2860 3173 non
2915 3109 3305 3190 agnoscunt.
3411 3099 3606 3191 Rege
3653 3098 3833 3171 illum
3886 3099 4064 3170 dex-

1338 3228 1482 3290 tera
1540 3228 1649 3289 tua
1702 3216 1923 3289 valida
1980 3226 2046 3287 et
2100 3220 2585 3312 omnipotente,
2637 3226 2708 3287 ut
2760 3215 3143 3287 confiteatur
3196 3215 3335 3307 tihi,
3390 3226 3455 3287 et
3506 3220 3844 3308 unigenito
3897 3214 4060 3286 Filio

1341 3346 1479 3421 tuo,
1535 3346 1601 3406 te
1656 3334 1926 3430 Spiritui
1979 3344 2113 3403 tuo.

1551 3450 1873 3543 Populus.
1927 3452 2164 3522 Amen.

1551 3565 1899 3638 Sacerdos
1930 3566 2315 3636 inclinatus.
2421 3564 2755 3637 Memento
2789 3569 3010 3652 etiam,
3061 3565 3369 3650 Domine,
3424 3586 3652 3635 eorum
3697 3569 3808 3661 qui
3862 3563 4058 3637 obtu-

1342 3680 1557 3754 lerunt
1608 3681 1804 3754 hodie
1858 3680 2290 3769 oblationem,
2347 3703 2549 3777 super
2599 3680 2725 3753 hoc
2796 3680 3034 3752 altare:
3108 3689 3176 3750 et
3237 3702 3467 3751 eorum
3535 3685 3646 3776 qui
3716 3681 4056 3754 voluerunt

1343 3797 1620 3886 offerre,
1676 3798 1795 3870 sed
1847 3797 2222 3870 facultatem
2277 3820 2410 3870 non
2463 3797 2861 3870 habuerunt:
2931 3807 3125 3891 atque
3198 3800 3545 3891 unicuique
3610 3796 3871 3869 illorum
3940 3819 4052 3868 se—

1340 3915 1619 3986 eundum
1671 3926 1954 3986 mentem
2011 3937 2196 3988 suam
2253 3915 2373 4004 da,
2427 3916 2729 3991 Domine.

1548 4031 1847 4103 Elevans
1896 4053 2146 4101 vocem.
2250 4030 2587 4102 Memento
2643 4031 2960 4118 Domine,
3031 4030 3113 4101 ad
3170 4028 3377 4100 altare
3446 4029 3826 4124 spirituale,
3894 4051 4055 4101 coe-

1337 4148 1538 4244 loque
1591 4147 1965 4234 sublimiuS‚
2046 4149 2333 4219 omnium
2397 4151 2505 4242 qui
2573 4157 2639 4218 te
2711 4158 3203 4239 cognoverunt:
3287 4157 3355 4218 et
3419 4145 3824 4219 voluntatem
3896 4157 4054 4217 tuam

1335 4264 1583 4337 bonam
1635 4264 2181 4360 adimpleverunt:
2237 4277 2306 4336 et
2359 4268 2625 4359 suspice
2675 4286 2799 4359 per
2850 4266 3133 4355 gratiam
3186 4274 3401 4349 tuam„
3453 4260 3871 4349 oblationeS‚
3934 4261 4053 4332 de-

1335 4385 1676 4477 cimasque
1729 4404 1997 4469 eorum,
2064 4391 2132 4452 et
2197 4379 2306 4452 fac
2372 4381 2522 4452 illos
2586 4379 2825 4471 dignos
2890 4379 3104 4471 gloria
3168 4382 3451 4452 nominis
3518 4384 3610 4451 tui
3679 4381 3928 4466 sancti,
3997 4387 4054 4449 et

1334 4501 1653 4591 unigeniti
1706 4497 1855 4569 Filii
1906 4501 2037 4585 tui,
2094 4509 2217 4568 etc.
2529 4495 2851 4589 Populus.
2905 4498 3142 4568 Amen.

1544 4614 1894 4686 Sacerdos
1939 4615 2321 4685 inclinatus.
2375 4613 2735 4701 Memento,
2796 4615 3115 4700 Domine,
3184 4606 3212 4645 ²
3264 4611 3528 4703 Regum
3564 4611 3881 4683 fidelium:
3933 4633 4050 4706 ap-

1336 4731 1674 4828 prehende
1729 4754 1911 4803 arma
1965 4740 2033 4803 et
2085 4741 2380 4817 scutum,
2435 4740 2503 4802 et
2555 4752 2815 4823 exurge
2867 4734 2932 4802 in
2988 4729 3378 4822 adjutorium
3417 4751 3677 4800 eorum:
3734 4726 3817 4799 da
3871 4729 4047 4798 etiam

1334 4846 1466 4920 illis
1520 4851 1865 4920 victoriam
1919 4847 2003 4919 de
2054 4846 2354 4921 hostibus
2409 4849 2578 4934 suis,
2632 4869 2755 4942 per
2806 4844 3252 4918 fortitudinem
3304 4855 3478 4917 tuam
3530 4866 3859 4936 magnam.

1543 4964 1843 5037 Elevane
1891 4987 2141 5036 vocem.
2196 4964 2300 5036 Tu
2354 4986 2429 5035 es
2484 4965 2655 5033 enim
2708 4962 2901 5035 dator
2951 4961 3345 5036 fortitudinis
3399 4972 3468 5034 et
3517 4961 3795 5054 largitor
3834 4964 4039 5031 victo-

1337 5082 1511 5170 riae,
1569 5079 1868 5154 omnibus
1923 5085 2033 5177 qui
2087 5081 2361 5154 credunt
2411 5083 2477 5152 in
2531 5090 2631 5169 te,
2684 5089 2753 5150 et
2804 5101 2971 5151 vere
3023 5078 3299 5173 diligunt
3346 5089 3431 5151 te.
