4525 6034
416 616 1397 712 lGllAlllPATRIARGHAll‚dc.
1529 617 1603 693 511

233 828 318 902 quae
346 806 510 879 destruxit
534 814 667 878 noctem
701 807 831 901 peccati
868 816 902 877 et
928 808 1061 895 mortis:
1096 828 1137 877 ea
1171 808 1245 902 ipsa
1277 828 1342 900 qua
1377 804 1607 880 celebraturus

232 933 306 996 erat
339 922 536 996 sacrificium
572 921 634 993 boc
667 921 880 1014 rebgiosum,
915 932 1071 1017 tanquam
1105 922 1283 1009 sacerdos,
1317 945 1380 1019 pro
1413 925 1607 1017 expiatione

232 1043 333 1112 totius
360 1038 486 1110 mundi:
521 1035 651 1134 accepit
682 1060 802 1135 panem
830 1029 1007 1111 in'manus
1034 1061 1113 1112 suas
1142 1025 1294 1127 sanctas,
1328 1060 1415 1134 quac
1450 1039 1607 1113 mundum

230 1165 450 1242 creaverunt,
486 1164 520 1226 et
552 1156 681 1228 levavit
721 1154 847 1227 vultum
888 1155 1070 1251 placidum,
1109 1155 1151 1227 ad
1183 1156 1322 1229 excelsa
1357 1156 1529 1229 coelorum
1563 1156 1606 1228 ad

232 1274 377 1362 Patrem,
403 1275 530 1365 gratias
552 1292 670 1364 agens,
697 1270 881 1359 benedixit,
907 1272 936 1359 i
958 1270 1187 1363 sanctificavit,
1214 1279 1234 1356 †
1261 1270 1364 1365 fregit
1389 1278 1409 1355 †
1441 1270 1605 1345 ²come-

232 1386 289 1475 dit,
318 1387 472 1482 deditque
499 1391 608 1460 coetui
642 1386 883 1483 Apostolorum
916 1399 1104 1460 sanctorum
1134 1397 1168 1459 et
1193 1388 1292 1460 dixit:
1319 1389 1484 1484 Accipite,
1517 1388 1605 1460 edite

232 1526 278 1574 ex
304 1527 359 1591 co,
386 1503 459 1576 lloc
487 1515 538 1576 est
565 1526 688 1599 corpus
714 1525 824 1575 meum
850 1525 980 1592 verum,
1008 1504 1096 1600 quod
1122 1526 1185 1600 pro
1212 1506 1281 1577 vita
1310 1513 1342 1575 et
1369 1503 1476 1576 salute
1502 1507 1603 1577 totius

231 1619 363 1691 humani
389 1623 537 1712 generis,
564 1618 727 1712 frangitur
754 1629 788 1690 et
814 1618 910 1691 datur
936 1620 979 1691 ad
999 1624 1227 1717 expiationem
1251 1620 1458 1713 debetorum,
1485 1631 1518 1694 et
1544 1623 1605 1692 vi-

230 1746 295 1807 tam
324 1746 503 1808 aeternam.

334 1852 495 1946 Populea.
547 1856 666 1927 Amen.

333 1968 518 2041 Sacerdos.
584 1971 632 2042 lta
674 1973 771 2041 etiam
808 1966 948 2039 calicem
981 1969 1111 2040 miscuit
1145 1968 1225 2039 vino
1259 1978 1293 2039 et
1324 1989 1410 2061 aqua
1450 1971 1601 2062 mystice,

229 2097 404 2182 postquam
440 2084 558 2157 reiecit
588 2108 649 2158 eos
684 2089 716 2156 in
752 2106 867 2156 mensa
903 2085 1007 2174 vitae,
1042 2086 1170 2175 gratias
1204 2085 1289 2176 egit,
1315 2091 1337 2166 †
1363 2080 1603 2172 benedixit,†

224 2201 465 2291 sanctificavit,
503 2208 523 2285 †
563 2213 598 2274 et
631 2201 721 2274 dedit
755 2210 883 2272 turmae
917 2199 1157 2296 Apostolorum
1194 2209 1400 2288 sanctorum,
1435 2209 1469 2271 et
1500 2198 1601 2272 dixit:

228 2321 392 2414 Accipite,
420 2317 522 2391 bibite
549 2342 595 2390 ex
622 2341 664 2390 eo
690 2340 755 2389 vos
784 2339 920 2390 omnes:
947 2316 1010 2389 Hic
1037 2327 1089 2388 est
1115 2319 1253 2409 sanguis
1279 2338 1372 2389 meus
1398 2319 1499 2390 vivus
1525 2317 1601 2389 Te-

228 2437 381 2508 stamenti
412 2433 519 2523 Novi,
560 2438 615 2529 qni
648 2433 823 2506 effunditur
854 2455 917 2529 pro
951 2431 1058 2506 salute
1090 2435 1191 2505 totius
1218 2431 1347 2520 mundi,
1381 2443 1415 2504 et
1449 2455 1509 2508 eos
1546 2438 1603 2529 qui

226 2551 369 2623 credunt
395 2553 428 2621 in
455 2573 508 2621 me
535 2561 714 2646 praeparat
741 2549 913 2622 advitam
940 2559 1120 2620 aeternam.

332 2665 493 2759 Populus.
545 2669 665 2740 Arnen.

331 2781 515 2854 Sacerdos.
567 2782 612 2854 Et
637 2787 755 2854 itemm
782 2782 950 2854 admonuit
964 2804 1024 2854 eos
1052 2755 1183 2854 dicen‘s:
1212 2783 1484 2876 quotiescumque
1510 2803 1600 2854 con-

226 2900 461 2995 gregabimini,
489 2909 521 2971 et
547 2897 790 2971 Eucharistiam
817 2897 902 2970 hanc
920 2896 1095 2990 frangetis,
1122 2902 1472 2970 commemorationem
1484 2901 1600 2970 mortis

226 3038 323 3090 meae
355 3015 584 3104 voluntariae,
612 3025 645 3087 et
672 3016 926 3087 resurrectionis
959 3017 1067 3106 agetis
1094 3025 1128 3085 et
1161 3012 1386 3104 renovabitis,
1417 3037 1526 3109 neque
1565 3018 1600 3087 in

226 3133 430 3208 oblivionem
458 3132 551 3204 abire
578 3135 703 3218 sinetis,
731 3131 839 3203 donec
865 3132 1008 3202 veniam.

329 3249 490 3342 Populus.
542 3248 661 3322 Mortis
688 3258 777 3334 tuae,
805 3256 867 3318 etc.
1207 3343 1211 3350 Ι
1494 3333 1498 3342 ,

329 3366 514 3436 Sacerdos.
568 3363 692 3436 Oculos
724 3367 824 3456 igitur
855 3365 1010 3433 mentium
1040 3373 1229 3435 nostrarum
1268 3362 1538 3436 circumferentes
1565 3367 1599 3436 iu

225 3482 397 3580 periodum
426 3481 634 3580 praeclaram
661 3480 917 3575 dispensationis
932 3489 1008 3551 tuae
1035 3478 1189 3551 salutaris
1215 3490 1353 3575 propter
1378 3501 1453 3568 nos,
1466 3477 1598 3582 Christe

225 3599 319 3671 Deus
352 3609 486 3686 noster,
521 3598 720 3669 admiramur
746 3606 780 3667 et
807 3607 997 3691 stupemus,
1029 3603 1128 3690 atquc
1162 3590 1317 3690 quantiam
1348 3595 1511 3693 possibile
1546 3607 1598 3668 est

225 3716 398 3789 infirmitati
425 3724 562 3786 naturae
589 3723 734 3800 nostrae,
763 3712 951 3800 adoramus,
978 3715 1105 3803 gratias
1132 3714 1263 3804 agimus
1295 3722 1329 3783 et
1361 3710 1595 3805 glorificamus

225 3835 406 3905 Praeterea
439 3835 535 3904 etiam
569 3829 746 3902 adventum
782 3839 871 3900 tuum
899 3827 1076 3901 secundum
1092 3851 1099 3860 ·
1113 3839 1243 3901 terrore
1278 3829 1410 3924 plenum
1443 3851 1597 3901 comme-

224 3971 405 4032 moramus
434 3947 565 4043 quando
593 3969 639 4017 ex
666 3948 794 4017 oriente
820 3945 990 4017 coelomm
1017 3956 1148 4017 tuorum
1164 3945 1389 4032 excelsorum,
1416 3948 1501 4017 sicut
1525 3944 1597 4018 lul-

224 4087 288 4156 gur
315 4064 459 4136 validum
486 4065 664 4151 exoricris,
693 4072 727 4133 et
752 4060 955 4134 babitatorcs
980 4058 1082 4150 orbis,
1109 4084 1171 4158 per
1187 4083 1348 4133 summam
1373 4060 1596 4135 fortitudinem

224 4190 312 4253 tuam
341 4184 600 4253 contremiscere
626 4178 742 4266 iacies,
770 4176 902 4272 quando
930 4176 1027 4263 coeli,
1053 4188 1134 4249 nutu
1156 4176 1329 4250 levissimo
1357 4187 1413 4250 tuo
1441 4187 1596 4273 tanquam

223 4298 381 4376 volumen
408 4293 703 4393 complicabuntur,
731 4304 765 4366 et
790 4293 948 4366 eoelestis
983 4291 1075 4366 orbis
1109 4296 1144 4365 in
1174 4292 1428 4366 conturbatione
1461 4317 1595 4387 magna,

224 4438 244 4486 a
277 4412 389 4485 veloci
422 4423 513 4484 motu
547 4434 608 4484 suo
642 4413 819 4483 consistet:
859 4408 990 4505 quando
1023 4419 1113 4481 astra
1143 4432 1195 4480 ex
1230 4408 1409 4504 splendore
1448 4413 1594 4482 maximo

223 4530 391 4602 radiomm
427 4539 557 4601 tuomm
589 4524 854 4600 obscurabuntur
894 4537 928 4599 et
968 4524 1220 4599 tenebrescent:
1261 4525 1490 4625 elementaque
1530 4525 1594 4598 sibi

222 4649 389 4720 contraria
416 4649 449 4717 in
475 4643 607 4717 nihilum
634 4666 701 4716 uno
728 4647 851 4739 impetu
877 4652 1045 4732 corruent,
1072 4651 1106 4715 et
1132 4640 1301 4714 decident:
1332 4643 1464 4738 quando
1491 4665 1594 4717 mon-

222 4773 273 4835 tes
300 4762 341 4835 ab
370 4761 595 4854 indignatione
622 4772 676 4832 tua
703 4758 843 4852 fugient,
870 4770 904 4831 et
930 4781 1074 4855 corpora
1108 4758 1190 4829 dura
1223 4767 1370 4853 atquae
1404 4763 1466 4833 vix
1492 4758 1594 4833 dividi

221 4889 373 4975 possunt,
400 4888 554 4973 tanquam
581 4899 661 4949 cera
688 4899 802 4949 coram
831 4875 952 4949 ardore
979 4886 1035 4948 tuo
1062 4873 1301 4948 dissolventur:
1333 4876 1465 4971 quando
1493 4876 1593 4949 tubae

220 4998 501 5068 resurrectionem
528 4992 715 5066 terribiliter
741 4991 910 5084 clangent,
937 5003 972 5064 ct
988 4989 1143 5087 scpulcra
1156 4993 1355 5085 aperientur,
1382 5014 1593 5089 corporaque

222 5111 332 5182 ineis
358 5113 467 5206 posita
493 5112 694 5183 emittentur:
728 5106 859 5206 quando
890 5106 1038 5182 infernus
1063 5117 1215 5183 mortuos
1249 5109 1283 5181 in
1316 5108 1373 5184 illo
1410 5112 1593 5186 seminatos
