4525 6034
684 591 779 664 CXX
1179 589 1552 667 oissuruaulo

548 834 553 843 .
682 784 778 877 ipsa,
803 801 873 851 non
898 782 1004 851 minus
1032 801 1129 873 quam
1155 778 1352 872 Aegyptus,
1378 784 1540 871 utsupra
1567 779 1647 849 satis
1671 775 1845 874 probatmn
1863 784 1922 849 est
1949 774 2049 848 Nulla

682 907 783 981 porro
819 883 933 976 lingua
965 885 1071 954 minus
1105 881 1328 955 Arabicarum
1359 901 1480 951 vocum
1513 878 1638 970 habet,
1671 903 1780 976 neque
1805 879 1890 953 ullas
1916 903 2048 977 prope-

681 986 832 1059 modum:
867 994 1001 1082 praeter
1036 1007 1132 1080 quam
1164 982 1252 1080 quod
1286 981 1467 1055 verbomm
1501 992 1536 1054 et
1565 986 1732 1056 nominum
1772 982 1968 1057 inflexiones
2002 982 2046 1055 ab

682 1089 863 1164 Arabismo
902 1092 1042 1160 immane
1083 1097 1238 1182 quantum
1274 1085 1433 1157 differant.
1494 1086 1531 1158 Id
1566 1086 1665 1158 lacile
1703 1099 1867 1181 agnoscet
1900 1091 2048 1183 quisquis

682 1197 788 1290 prima
834 1196 1004 1287 ulriusque
1046 1191 1181 1283 linguae
1221 1190 1382 1261 elementa
1425 1193 1565 1261 noverit.
1643 1191 1681 1263 Si
1724 1215 1795 1286 quis
1833 1192 2050 1286 Hispanrcam

681 1298 856 1387 vulgarem
897 1294 1041 1386 linguam
1087 1317 1134 1365 ex
1168 1290 1316 1368 Arabica
1357 1291 1532 1366 conflatam
1573 1315 1652 1367 esse
1698 1294 1842 1383 diceret,
1892 1294 2050 1368 ridiculus

681 1399 788 1488 foret,
816 1403 966 1494 quamvis
992 1397 1153 1493 plurimae
1185 1418 1293 1469 voces
1317 1394 1485 1469 Arabicae
1518 1420 1564 1468 ex
1589 1397 1781 1470 Maurorum
1814 1398 2050 1487 dominatione,

684 1512 741 1574 aut
766 1504 956 1591 vicinitate,
982 1505 1016 1572 in
1042 1500 1131 1572 illam
1157 1502 1393 1592 migraverint,
1424 1499 1512 1572 forte
1544 1523 1610 1573 non
1635 1505 1754 1574 minori
1780 1524 1918 1573 numero
1950 1525 2051 1597 quam

682 1610 716 1678 in
752 1605 891 1701 Coptica
936 1602 1089 1676 Graecae
1130 1607 1346 1699 reperiantur.
1414 1603 1530 1675 Foede
1571 1606 1692 1700 quippe
1730 1606 2051 1677 animadverteretur

681 1714 848 1782 nominum
882 1707 1129 1801 verborumque
1164 1705 1376 1779 urilexionem
1410 1705 1624 1803 Hispanicam
1673 1731 1745 1779 cum
1781 1710 1929 1783 Arabica
1971 1709 2051 1780 nibil

681 1812 807 1885 babere
834 1833 1018 1883 commune.
1070 1811 1121 1883 lta
1148 1832 1279 1905 quoque
1306 1809 1347 1881 de
1368 1809 1507 1881 Graecis
1528 1809 1683 1902 vocibus,
1711 1835 1796 1906 quae
1822 1815 1854 1883 in
1875 1810 2050 1907 Copticam

681 1915 812 1987 inlusae
847 1924 941 2005 sunt,
972 1912 1179 1986 statuendum
1211 1921 1272 1985 est.
1324 1912 1410 1985 Nam
1442 1937 1517 1985 cum
1549 1923 1684 2008 praeter
1710 1915 1903 2011 Scripturae
1930 1938 2052 1987 sacrae

680 2020 797 2106 libros,
825 2029 859 2090 et
883 2016 1195 2091 Ecclesiasticorum
1223 2014 1410 2089 Officiorum
1444 2017 1522 2088 nulli
1548 2023 1732 2113 supersint,
1759 2029 1915 2114 essetque
1941 2042 2050 2114 prae-

682 2125 793 2197 sertim
820 2127 854 2193 in
879 2124 1040 2218 Aegypto
1067 2119 1226 2211 inferiori,
1253 2129 1289 2191 ut
1313 2123 1347 2191 in
1373 2120 1474 2216 Syria
1502 2130 1536 2191 et
1560 2130 1632 2193 toto
1659 2124 1802 2218 Imperio
1828 2122 2050 2195 Macedonico

680 2225 830 2318 vulgaris
858 2223 1010 2296 Graecae
1035 2223 1169 2314 linguae
1203 2246 1302 2314 usus,
1337 2223 1432 2319 plebs
1465 2223 1570 2296 lerme
1602 2224 1724 2320 ubique
1757 2225 1911 2318 bilinguis
1939 2237 2050 2298 esset:

680 2351 788 2403 voces
814 2331 950 2400 usitatas
978 2337 1012 2398 et
1036 2337 1134 2398 notas
1161 2326 1312 2399 omnibus
1338 2329 1434 2423 primi
1459 2325 1617 2399 librorum
1645 2351 1816 2401 sacrorum
1849 2334 2051 2425 interpretes

681 2443 718 2504 ut
743 2431 917 2527 plurimum
942 2434 1155 2503 retinuerunt.
1206 2433 1254 2502 At
1279 2430 1366 2526 quod
1392 2429 1535 2505 Vossius
1562 2441 1596 2502 et
1622 2431 1676 2503 alii
1702 2437 1953 2525 ignoraverunt,
1979 2456 2052 2505 non

682 2533 820 2609 carebat
852 2535 964 2627 lingua
1000 2532 1141 2630 Coptica
1173 2532 1314 2606 vocibus
1352 2530 1607 2629 moderamur,
1640 2535 1794 2631 idemque
1828 2559 1869 2607 ac
1896 2535 2051 2609 Graecae

684 2636 959 2731 significantibus,
993 2636 1083 2732 quod
1117 2660 1163 2708 ex
1198 2639 1321 2732 optimo
1352 2647 1386 2708 et
1420 2640 1553 2733 antiquo
1579 2642 1613 2710 in
1639 2643 1753 2735 primis
1781 2638 1954 2713 Glossario
1982 2640 2050 2712 de-

680 2751 894 2832 monstratur,
919 2743 953 2812 in
980 2762 1045 2836 quo
1063 2738 1215 2812 Graecae
1242 2762 1346 2813 voces
1372 2741 1437 2812 illis
1463 2744 1497 2811 in
1517 2741 1610 2815 libris
1635 2755 1813 2839 usurpatae
1839 2766 1901 2839 per
1920 2748 2052 2840 Acgy-

550 2910 556 2917 .
681 2850 808 2942 ptiacas
836 2842 1052 2940 explicantur.
1106 2843 1143 2913 ld
1168 2844 1277 2916 multis
1303 2844 1465 2940 exemplis
1492 2847 1688 2919 confirmare
1717 2846 1818 2919 facile
1844 2846 1951 2939 foret,
1984 2851 2053 2921 nisi

680 2953 770 3047 typis
805 2948 890 3020 illios
929 2947 1064 3040 linguae
1099 2970 1299 3019 careremus.
1352 2948 1477 3019 Verum
1512 2951 1655 3041 vulgare
1691 2949 1756 3023 boc
1794 2953 1907 3022 vitium
1938 2950 2050 3024 multis

680 3064 816 3126 nostrae
850 3044 967 3123 aetads
1001 3051 1136 3124 eruditis
1171 3050 1248 3139 luit,
1283 3061 1319 3123 ut
1353 3073 1426 3123 cum
1461 3052 1606 3127 Codices
1639 3054 1799 3151 Copticos
1834 3058 2050 3149 inspicerent,

679 3161 949 3250 incurrerentque
976 3158 1085 3227 statim
1110 3159 1145 3226 in
1172 3155 1289 3228 oculos
1316 3177 1431 3228 eorum
1457 3156 1585 3248 ligurae
1603 3157 1734 3229 Graeci
1758 3156 1950 3253 Alphabeti,
1975 3181 2051 3232 vo-

680 3282 805 3355 cesque
827 3260 978 3331 Graecae
998 3257 1136 3353 aliquot,
1163 3261 1271 3330 statim
1289 3258 1446 3349 judicium
1468 3261 1635 3334 Vossiano
1653 3261 1758 3335 simile
1779 3264 2049 3356 pronunciarent.

383 3417 485 3471 Nullum
498 3375 676 3470 exuamus
784 3378 964 3448 Praeterea
998 3379 1026 3448 si
1059 3397 1106 3445 ex
1138 3373 1375 3447 elementorum
1407 3374 1513 3467 figura
1561 3377 1694 3473 aliquod
1738 3381 1937 3471 conjecturis
1977 3379 2049 3448 suis

362 3506 668 3573 armariruarneargumen-
681 3480 881 3577 praesidium
907 3482 1093 3575 comparari
1121 3481 1322 3569 existimant,
1348 3478 1659 3574 Septentrionalium
1685 3483 1871 3574 linguarum
1888 3478 2046 3574 exemplo

360 3600 412 3643 ιιι]
428 3592 551 3643 adversus
566 3592 669 3659 unguas
682 3584 780 3656 facile
806 3582 1007 3654 refelluntur.
1060 3582 1230 3655 Saxonica
1256 3593 1354 3657 vetus
1380 3582 1443 3654 illis
1482 3584 1585 3657 literis
1611 3583 1764 3657 scribitur
1790 3608 1884 3691 quas¹
1899 3608 1945 3656 ex
1969 3581 2049 3656 La-

362 3679 539 3746 “ntilull‘em
556 3678 759 3759 ducit³⁰·tinis
783 3685 942 3759 formatas
979 3708 1167 3779 agnoscere
1199 3684 1298 3757 lacile
1332 3696 1391 3759 est
1454 3685 1593 3760 Gotbica
1617 3689 1704 3763 aliis
1740 3692 1793 3783 qui
1829 3710 1875 3759 ex
1905 3686 2048 3760 Graecis

360 3773 448 3918 ¹529·
462 3850 557 3902 mem
568 3850 670 3902 Lm
683 3792 875 3887 plerumque
901 3790 1015 3881 figuris
1040 3789 1174 3863 formati
1199 3799 1283 3862 sunt
1335 3788 1484 3862 Fictitios
1504 3815 1635 3888 quoque
1652 3792 1841 3865 Saxonicos
1868 3792 1941 3864 illos
1959 3790 2048 3862 cba-

360 3937 519 4005 sqoemm
682 3904 831 3966 ractores
854 3893 1033 3985 judicavit,
1067 3916 1136 3966 non
1163 3897 1268 3964 minus
1296 3916 1393 3989 quam
1421 3892 1597 3991 CopticoS,
1623 3919 1706 3969 unus
1735 3919 1780 3967 ex
1806 3894 1871 3969 illis
1899 3894 2047 3982 Criticis3

683 4010 719 4071 ut
743 4020 829 4071 vero
856 4023 876 4069 a
902 3998 983 4068 Viro
1008 3996 1072 4068 bac
1097 4002 1131 4069 in
1157 3997 1326 4069 literatura
1353 3998 1542 4072 doctissimo
1569 4002 1656 4070 circa
1683 3998 1870 4081 saxonicas
1889 3996 2048 4070 conluta-

682 4115 735 4176 tus
761 4112 831 4191 est,
857 4105 900 4172 ita
926 4124 994 4173 non
1019 4106 1143 4197 rectius
1178 4100 1220 4171 de
1247 4100 1395 4196 Copticis
1417 4102 1586 4193 judicasse
1613 4125 1698 4197 quae
1723 4102 1787 4173 huc
1813 4125 1918 4198 usque
1951 4100 2047 4171 diri-

683 4231 766 4296 mus,
793 4205 901 4301 palam
926 4204 1060 4277 faciunt.
1112 4208 1159 4278 At
1183 4205 1393 4278 characteres
1412 4205 1518 4307 ¹habet
1541 4203 1680 4302 Coptica
1705 4206 1829 4297 lingua,
1856 4208 1911 4300 qui
1933 4203 2048 4275 Grae-

684 4315 733 4384 cis
759 4331 896 4406 prorsus
923 4313 1067 4382 inusitati
1099 4308 1249 4398 luerunt,
1274 4308 1469 4399 nonndlos,
1509 4331 1593 4406 quos
1629 4310 1670 4382 ab
1697 4306 1866 4383 Arabibus
1894 4313 2046 4403 accipere

639 4423 643 4433 “
683 4437 752 4486 non
777 4425 930 4510 potuere,
957 4437 1030 4484 cum
1057 4422 1231 4508 antequam
1257 4414 1311 4485 isti
1335 4417 1528 4510 Aegyptum
1560 4412 1772 4506 subegissent
1796 4412 1872 4484 illos
1898 4433 2047 4506 usurpa-

683 4527 774 4589 rent:
802 4528 837 4590 ut
862 4539 942 4589 suos
970 4518 1168 4609 singulares,
1199 4514 1308 4605 Gothi,
1335 4517 1503 4607 Saxones,
1529 4526 1563 4588 et
1589 4518 1643 4588 alii
1667 4514 1952 4613 septentrionales
1977 4536 2048 4609 po-

683 4622 752 4717 puli
779 4620 917 4693 Graecis
944 4632 977 4692 et
1002 4621 1129 4692 Latinis
1156 4622 1364 4713 adjecerunt,
1392 4643 1529 4717 quorum
1556 4624 1653 4713 origo
1678 4644 1746 4693 non
1773 4619 1924 4712 aliunde,
1951 4638 2049 4713 quam

686 4726 727 4797 ab
753 4728 834 4821 ipsis
859 4724 1023 4817 indigenis
1048 4724 1191 4820 petenda
1218 4735 1278 4797 est.

400 4888 673 4959 nequeexoraecaa
787 4841 931 4915 Vossius
958 4841 1088 4937 quidem
1115 4864 1161 4912 ex
1185 4841 1353 4916 Arabicae
1381 4850 1415 4912 et
1440 4838 1591 4912 Graecae
1616 4840 1750 4932 linguae
1775 4843 1911 4912 mistura
1927 4835 2049 4931 Copti-

365 4975 484 5040 Arabica,
494 4986 537 5028 aur
546 4976 672 5030 qemi„
686 4968 760 5017 cam
785 4944 929 5036 lingrram
963 4943 1139 5017 conflatam
1171 4967 1248 5019 esse
1279 4946 1398 5018 voluit:
1433 4945 1516 5016 alter
1551 4967 1596 5015 ex
1626 4943 1809 5033 Hebraica,
1844 4965 1912 5015 non
1941 4944 2048 5031 magis

366 5063 474 5116 connata
506 5064 593 5133 lingua
619 5063 779 5121 oo-vere.
832 5048 951 5143 Neque
977 5052 1065 5121 enim
1085 5070 1192 5121 voces
1210 5050 1291 5122 alias
1307 5048 1491 5120 Hebraicas
1513 5046 1634 5120 babent
1660 5051 1694 5119 in
1720 5069 1779 5120 sua
1795 5048 1907 5139 lingua
1926 5044 2048 5139 Copti-

363 5153 439 5219 paca.
604 5154 609 5159 '
686 5163 753 5247 tae,
781 5175 879 5247 quam
904 5174 964 5225 eas
991 5152 1109 5248 quibus
1130 5151 1390 5229 Christianorum
1409 5151 1484 5225 libri
1507 5172 1622 5229 omnes
1639 5151 1754 5224 referti
1774 5162 1861 5244 sunt,
1887 5172 1933 5221 ex
1950 5158 2049 5219 utro-
