4525 6034
404 575 445 651 ΙΝ
469 576 678 654 hllUllCldll
703 576 849 654 IGNATII
874 576 1139 656 inmundum
1165 577 1410 658 Aminneum.
1523 581 1598 659 541

224 763 289 825 aliis
312 761 398 844 panis
421 769 452 823 ct
473 760 576 824 vinum
598 761 669 824 [iant
692 779 804 842 eorpus
833 770 864 825 ct
887 763 1011 846 sanguis
1042 762 1172 843 Christi,
1208 780 1296 844 quam
1324 765 1383 829 illis
1411 785 1488 848 quos
1516 768 1601 849 prius

221 870 345 925 sanctus
379 861 507 941 Spiritus
540 861 783 923 sanctificaverit.
837 862 952 924 Petitur
981 863 1082 942 itaque
1111 861 1232 925 alllatus
1260 871 1292 928 et
1318 863 1443 945 illapsus
1471 865 1601 948 Spiritus

223 961 330 1036 sancti,
352 962 383 1022 in
406 962 486 1024 dona
507 961 674 1041 proposita,
698 967 730 1022 ιιι
753 978 790 1022 ea
812 960 921 1022 alliciat
943 978 1056 1041 corpus
1078 969 1111 1024 et
1131 963 1312 1045 sanguinem
1334 963 1465 1030 Christis
1487 966 1519 1027 in
1541 965 1601 1030 Su·

225 1060 391 1140 cerdotem,
414 1068 445 1122 et
467 1058 611 1141 populum
623 1060 876 1138 circumstantem,
900 1066 933 1120 ιιι
943 1058 1121 1123 sanctificati
1133 1061 1346 1142 mysteriorum
1361 1065 1600 1128 communionem

227 1179 295 1222 cnm
318 1158 418 1223 lruetu
441 1160 620 1240 percipiant,
643 1156 724 1239 quad
747 1175 808 1220 non
829 1158 925 1221 semel
946 1158 1047 1238 modo,
1070 1159 1126 1222 sed
1149 1161 1258 1222 iterata
1279 1162 1483 1241 postulatione
1504 1181 1602 1244 repe-

227 1260 309 1322 titur.
352 1257 405 1320 llla
428 1273 503 1320 vero
525 1264 558 1317 ut
578 1277 636 1336 per
656 1258 797 1336 illapsam
818 1265 975 1336 summm,
994 1277 1107 1337 panem
1128 1258 1207 1320 hanc
1225 1258 1371 1339 perficiat
1391 1279 1503 1342 empus
1523 1280 1601 1324 san-

227 1365 307 1419 etum
334 1364 365 1419 et
385 1358 552 1418 animatum
580 1354 656 1417 Jecu
679 1355 808 1417 Christ&
834 1357 863 1418 in
891 1374 950 1436 qna
979 1357 1066 1436 panis
1095 1363 1240 1436 vocatur,
1273 1357 1371 1422 hostia
1393 1357 1489 1441 super
1511 1378 1601 1440 quam

227 1455 321 1518 verba
345 1454 459 1519 Christi
480 1454 679 1535 pronunciata
702 1462 782 1533 sunt,
805 1472 905 1536 neque
927 1454 1007 1517 illam
1036 1472 1097 1517 non
1126 1473 1196 1518 esse
1218 1473 1325 1518 verum
1354 1473 1466 1540 corpus
1489 1455 1602 1520 Christi

225 1555 345 1635 probat,
367 1573 469 1636 neque
493 1554 753 1616 consecrationem
775 1552 906 1615 nandum
920 1572 992 1616 esse
1007 1553 1126 1617 iactam.
1161 1553 1237 1616 Nam
1250 1563 1393 1634 quantum
1415 1555 1453 1619 ad
1475 1558 1601 1637 primam

225 1661 344 1735 partem
366 1653 482 1726 attinet,
505 1651 535 1713 in
558 1651 695 1714 omnibus
718 1651 874 1735 Litnrgiis,
897 1659 929 1715 et
950 1653 981 1714 in
1002 1653 1070 1733 ipse
1092 1651 1200 1715 Latine
1223 1651 1357 1734 Canone,
1381 1657 1468 1736 panis
1491 1655 1600 1737 appel-

225 1754 305 1817 latur
328 1753 425 1816 hostia
449 1759 638 1828 consecratu,
661 1752 731 1833 qnia
753 1751 840 1833 panis
863 1751 1030 1814 est'oculis
1053 1759 1084 1814 et
1116 1751 1235 1833 palato,
1259 1753 1396 1832 munais
1419 1771 1529 1817 revera
1558 1755 1598 1816 sit

226 1870 339 1934 corpus
362 1851 485 1915 Christi.
531 1850 619 1924 Quod
648 1849 811 1913 secundam
839 1857 974 1932 spectat,
1004 1851 1141 1931 quamvis
1170 1851 1229 1913 viri
1257 1850 1356 1931 docti,
1386 1871 1427 1915 ex
1455 1851 1600 1915 similibus

226 1953 303 2016 loeis
325 1951 450 2034 probari
473 1950 726 2028 existimaverint,
758 1957 849 2012 totam
872 1949 931 2010 vim
955 1951 1194 2013 consecrationis
1222 1951 1253 2013 in
1280 1950 1475 2015 luvocatione
1506 1953 1603 2014 sancti

228 2053 357 2134 Spiritus
380 2050 528 2114 contineri
535 2068 545 2125 ;
567 2050 597 2111 in
621 2050 724 2111 verbis
748 2047 860 2112 Christi
882 2065 980 2130 prope
1002 2048 1129 2111 nullam:
1151 2048 1225 2110 nihil
1247 2057 1347 2114 tumen
1369 2051 1509 2129 alliciunt,
1533 2067 1602 2113 cum

226 2160 260 2214 ut
290 2151 359 2214 alibi
383 2149 564 2230 explicatum
593 2156 655 2227 est,
690 2166 801 2229 preces
829 2146 965 2230 ejusdem
991 2149 1161 2210 sententiae
1190 2165 1286 2229 super
1314 2148 1393 2212 dona
1422 2155 1602 2211 consecrata

226 2252 361 2335 legitime
385 2257 416 2312 et
437 2247 554 2329 absque
576 2247 637 2309 ulla
660 2248 774 2310 erraris
796 2247 972 2328 suspicione
999 2247 1076 2325 lieri,
1098 2264 1162 2309 non
1184 2246 1369 2310 Gmecarum
1392 2246 1482 2311 modo
1510 2254 1602 2310 vete-

225 2369 292 2412 mm
321 2349 423 2411 Cilicia
445 2346 662 2425 Eucharistiae,
686 2347 740 2409 sed
763 2346 958 2409 Orientalium
981 2347 1123 2422 omniurn,
1153 2345 1207 2410 scd
1230 2344 1373 2427 Gothica,
1402 2345 1601 2426 Monarchiaa,

227 2449 381 2512 Gallicana
403 2455 435 2510 et
456 2447 514 2509 ulia
536 2446 688 2519 nonnulla,
712 2445 809 2527 palmn
832 2445 952 2510 faciant.

315 2547 458 2628 Sequitur
479 2564 542 2608 vox
561 2544 727 2625 perficiat:
750 2563 839 2626 quarn
863 2563 980 2623 vocem,
1004 2545 1030 2606 si
1052 2545 1119 2626 quis
1142 2545 1184 2606 itu
1206 2543 1336 2627 intelligi
1357 2541 1431 2605 velit
1454 2541 1602 2623 simplici-

227 2657 285 2724 ter,
307 2653 340 2709 ut
362 2646 648 2708 consummationem
671 2645 911 2707 consecrationis
930 2644 991 2725 jam
1007 2641 1106 2706 laetae
1123 2661 1181 2724 per
1202 2643 1298 2705 verba
1320 2639 1478 2722 dominica,
1502 2643 1602 2726 signi-

227 2748 307 2823 ficet,
328 2762 391 2807 non
413 2742 502 2805 lacile
524 2742 698 2805 refelletur:
729 2744 785 2806 etsi
807 2743 1008 2825 liturgiarum
1031 2749 1170 2821 autores,
1204 2741 1242 2805 ad
1271 2758 1349 2821 quos
1372 2744 1601 2807 controversiae

226 2851 297 2907 ante
325 2851 480 2906 trecentos
510 2850 561 2905 aut
589 2842 679 2922 paulo
710 2841 838 2922 amplius
869 2859 966 2904 annos
1000 2848 1088 2904 natae
1117 2840 1195 2904 lama
1222 2856 1284 2902 non
1311 2840 1467 2919 pervenit,
1494 2840 1534 2903 de
1566 2860 1604 2904 aa

227 2944 405 3024 quaestione
436 2960 497 3004 non
524 2940 666 3004 videntur
695 2941 858 3024 cogitasse.
917 2939 1005 3014 Quod
1039 2941 1132 3023 igitur
1166 2937 1359 3003 verisimilius
1388 2937 1603 3018 exmtimamus,

225 3042 299 3106 illud
322 3049 385 3106 est:
409 3042 504 3122 Syros
526 3058 584 3120 per
605 3058 713 3102 vocem
722 3038 879 3119 palicia,
902 3038 1050 3101 Graecam
1063 3035 1211 3116 τελειοῦν
1228 3039 1432 3119 expressisse,
1455 3040 1504 3102 cui
1526 3058 1603 3120 pre·

225 3140 324 3220 prium
346 3141 375 3202 in
399 3139 595 3222 significanda
618 3138 849 3201 consecratione
872 3136 1053 3202 domicilium
1076 3144 1134 3218 est,
1157 3155 1220 3201 non
1240 3138 1272 3200 in
1293 3137 1389 3200 saeris
1412 3137 1517 3213 mado,
1546 3140 1602 3202 sed

165 3229 170 3236 ’
226 3240 257 3300 in
280 3238 416 3320 profanis
445 3237 656 3319 scriptoribus.
710 3236 893 3318 Saepissime
916 3238 996 3299 enim
1019 3234 1153 3298 Graecas
1176 3254 1271 3299 voces
1294 3237 1465 3317 exprimunt
1489 3238 1602 3300 Orien-

226 3336 313 3415 tales,
335 3356 397 3401 non
420 3345 479 3400 tam
501 3336 666 3400 seeundum
688 3336 871 3419 singularem
900 3354 989 3416 qnam
1012 3335 1124 3397 habent
1146 3334 1414 3418 significationem,
1443 3352 1532 3416 quam
1562 3356 1603 3400 ex

225 3437 367 3517 primaria
389 3438 518 3519 origine,
542 3436 623 3517 quod
646 3437 677 3497 in
699 3454 778 3499 voce
802 3421 1059 3497 &andnimandans
1087 3435 1170 3496 etin
1194 3434 1308 3515 aliquot
1331 3435 1396 3497 aliis
1420 3435 1602 3500 observavi-

226 3554 301 3598 mus.
345 3536 431 3599 Unde
452 3554 559 3600 vocem
582 3518 667 3603 ²5ou
689 3534 796 3599 endem
818 3533 1040 3617 significatione
1062 3533 1268 3614 accipiendam
1289 3534 1513 3614 existimamus,
1543 3554 1603 3616 qua

226 3642 404 3715 sequentem
419 3633 548 3715 efficiat:
569 3643 602 3697 ut
626 3634 779 3698 adrerum
795 3634 1013 3696 elementorum
1029 3634 1318 3708 transmutationem,
1340 3635 1407 3696 sive
1424 3631 1601 3714 faciendam,

226 3734 291 3796 sive
312 3733 526 3813 perficiendam
549 3743 580 3797 et
603 3733 876 3811 consummandam,
899 3731 1059 3795 releralur.

313 3831 402 3905 Quod
424 3835 561 3914 sequitur
584 3851 694 3914 corpus
717 3835 898 3908 animatam,
926 3832 1117 3913 perspicuam
1141 3828 1336 3894 Orthodoxae
1367 3831 1449 3893 eirea
1478 3829 1602 3894 Eucha-

225 3931 341 3992 ristiam
371 3931 527 3994 doetrinae
557 3932 798 3994 testificationem
825 3930 932 4010 habet,
970 3950 1079 4012 nempe
1107 3931 1138 3992 in
1170 3929 1362 3992 Eucharislia
1389 3948 1460 3994 esse
1488 3947 1601 4012 corpus

227 4029 337 4092 Christi
358 4049 426 4092 cnm
449 4030 545 4093 anima
568 4040 600 4093 et
622 4031 788 4109 divinitate,
811 4032 895 4093 utin
919 4029 1092 4093 Canonibns
1109 4028 1290 4091 Tridentinis
1315 4031 1516 4111 perscriptum
1539 4040 1601 4096 est:

227 4127 306 4208 quad
329 4131 445 4210 pariter
467 4130 505 4192 de
528 4131 676 4214 sangnine
699 4129 926 4212 intelligendum
955 4137 1011 4194 est.
1062 4128 1139 4190 Nam
1168 4146 1235 4190 cum
1263 4127 1380 4210 lgnatin
1410 4128 1602 4195 Patriarchae

226 4229 324 4290 autori
345 4228 433 4310 hujus
457 4228 552 4291 0llleii
574 4248 636 4292 nnn
659 4235 837 4293 occurreret
865 4245 928 4289 nox
950 4245 1138 4310 synonyma,
1168 4244 1247 4308 quae
1268 4227 1365 4306 priqri
1387 4229 1601 4309 responderet,

226 4343 314 4406 quum
337 4337 480 4409 repetere
502 4346 563 4391 nan
586 4328 704 4390 sinebat
726 4328 884 4391 character
906 4326 957 4389 ille
979 4324 1132 4388 scribendi
1155 4342 1244 4405 quem
1266 4332 1390 4387 secutus
1414 4337 1470 4403 est,
1493 4331 1603 4410 proxi-

225 4443 304 4486 mam
326 4426 495 4507 significatu
519 4427 642 4510 delegit.
688 4426 791 4508 ltaque
813 4436 921 4499 nuptu
951 4444 1028 4507 quae
1056 4444 1119 4487 vox
1146 4424 1270 4505 proprie
1298 4423 1524 4498 inungentem,
1552 4424 1603 4479 aut

226 4523 424 4604 mtcltipentia
442 4528 616 4605 praeditum
638 4525 787 4607 designat,
811 4526 951 4607 sanguini
966 4523 1133 4606 conjunxit,
1157 4540 1217 4603 quo
1239 4516 1604 4603 intelligeretnr'sangui-

226 4639 295 4682 nem
319 4620 432 4686 Christi
453 4626 483 4685 in
506 4623 694 4687 Eucharistia
715 4624 947 4704 praestantioris
972 4641 1042 4686 esse
1064 4622 1311 4705 generis-quam
1334 4619 1386 4700 qui
1409 4633 1603 4697 excerpere

225 4718 354 4784 humano
378 4721 551 4802 eilunditnr,
574 4722 629 4786 sed
652 4722 757 4785 eadem
781 4741 851 4785 esse
874 4722 1047 4785 conditione
1077 4728 1108 4783 et
1131 4719 1288 4803 dignitate,
1311 4735 1347 4779 ac
1370 4716 1468 4797 ipsum
1491 4730 1603 4794 corpus

227 4816 355 4881 Domini.
398 4819 473 4883 Num
507 4821 534 4884 sl
563 4822 683 4885 diversa
711 4839 790 4884 voce
820 4838 894 4884 usus
924 4821 1031 4884 luisset
1062 4819 1215 4902 lgnatius‚
1241 4826 1275 4879 nt
1304 4815 1347 4878 illi
1374 4829 1452 4896 quae
1484 4808 1604 4895 λογικῷ

227 4913 413 4980 Graecorum
443 4920 625 5002 respondet,
657 4938 735 5002 quae
763 4919 856 5001 vulgo
885 4912 1073 5000 mirimolern
1101 4916 1270 5000 significat,
1301 4922 1332 4977 et
1360 4931 1448 4995 mam
1478 4911 1603 4992 vulgata

226 5017 330 5078 versio
353 5035 410 5098 per
431 5022 583 5082 rationale
611 5019 724 5083 efferre
746 5018 844 5096 solet,
867 5019 1046 5082 sententiam
1075 5018 1173 5080 minus
1196 5012 1383 5080 commodam
1411 5013 1494 5075 circa
1517 5008 1605 5073 veri·

1317 5116 1400 5192 71*
