4525 6034
694 552 822 670 coo¹
1131 507 1134 512 ’
1267 550 1499 627 noran

781 736 811 799 2.
835 735 989 798 invocatio
1012 733 1147 815 ejusdem
1170 735 1339 797 sententiae
1369 741 1426 812 est,
1450 751 1488 796 ac
1512 752 1617 799 omncs
1639 734 1776 816 reliquae
1800 733 1914 817 Syrte,
1942 755 2055 817 quarum

695 834 776 898 nulla
799 853 866 897 eam
888 833 1047 896 lectionem
1065 840 1288 913 repraesentat,
1312 850 1401 913 quam
1416 832 1558 896 Editores
1572 833 1702 897 Missalis
1717 832 1870 896 Chaldaici
1893 833 2056 917 elegerunt:

695 933 752 996 etsi
783 932 900 1013 aliquos
929 930 1060 995 Codices
1090 931 1235 1009 vidimus,
1265 948 1341 1011 quos
1371 949 1410 991 ex
1441 935 1725 1020 commemoratione
1753 932 1849 994 sancti
1879 930 2005 994 Maronis
2030 940 2058 996 et

696 1032 762 1093 aliis
792 1031 925 1108 indiciis,
955 1030 1172 1092 Maronitarum
1202 1029 1452 1092 Ortbodoxorum.
1484 1049 1554 1093 esse
1591 1032 1766 1107 constabat,
1795 1031 1845 1111 qui
1875 1038 2006 1092 veterem
2031 1041 2058 1094 et

695 1147 883 1192 communem
906 1128 1042 1191 omnibus
1066 1128 1209 1212 Liturgiis
1232 1127 1356 1190 formam
1380 1129 1582 1192 continebant.
1611 1129 1771 1191 lnvocatur
1794 1129 1924 1210 Spiritus
1946 1137 2057 1192 sanctus

696 1237 728 1291 ut
752 1228 892 1291 illabatur
915 1227 1058 1290 caelitus:
1081 1235 1115 1289 ut
1138 1228 1327 1308 requiescat,
1358 1235 1390 1289 ut
1412 1226 1523 1289 babitet
1545 1246 1639 1308 super
1660 1226 1740 1289 dona
1764 1229 1936 1310 proposita,
1959 1236 1987 1289 et
2007 1220 2058 1290 illis

696 1328 799 1389 verbis
829 1326 1007 1408 exprimitur
1030 1327 1138 1402 oratio,
1162 1344 1288 1406 quorum
1308 1327 1368 1388 vim
1388 1326 1450 1407 jam
1473 1328 1615 1407 superius
1638 1328 1844 1407 exposuimus,
1867 1343 1936 1387 cum
1963 1326 1999 1387 ad
2018 1327 2058 1387 si·

695 1424 898 1508 gnificandum
911 1424 1048 1504 illapsum
1061 1433 1092 1486 et
1115 1424 1373 1486 obumbrationem
1396 1423 1525 1504 Spiritus
1547 1426 1644 1487 sancti
1665 1424 1695 1486 in
1717 1424 1812 1486 blaria
1836 1423 1962 1505 Virgine
1982 1424 2060 1486 adbi-

695 1524 835 1588 beantur.
874 1522 1021 1585 Effectum
1038 1524 1181 1604 exprimit
1201 1521 1337 1604 Liturgia
1360 1540 1417 1603 per
1438 1523 1533 1584 verba
1556 1523 1616 1586 duo
1640 1534 1728 1592 ntntt
1747 1524 1915 1603 perstetet:
1938 1530 1969 1584 et
1988 1535 2059 1598 *tant

693 1622 812 1701 faciat:
835 1640 914 1703 quae
935 1619 1122 1702 respondent
1145 1620 1270 1684 Graecis
1293 1608 1451 1704 τελειώσῃ
1474 1629 1505 1684 et
1525 1609 1658 1706 ποιήσῃ.
1701 1620 1778 1684 lllud
1800 1622 1897 1703 magis
1920 1620 2059 1684 observa-

695 1722 779 1783 tione
802 1719 935 1803 dignum,
959 1721 1039 1801 quod
1063 1722 1093 1781 in
1117 1721 1167 1782 illa
1198 1723 1264 1802 ipsa
1291 1720 1487 1784 invocatione
1510 1721 1549 1783 de
1573 1720 1686 1802 Spiritu
1708 1729 1813 1784 sancto
1842 1720 1952 1782 dicitur
1977 1722 2061 1800 puin

695 1827 725 1880 te
747 1819 860 1899 absque
882 1820 969 1880 initio
988 1819 1128 1897 procedit
1147 1839 1205 1898 per
1225 1823 1409 1899 anipmitum
1430 1821 1537 1881 Filium
1559 1828 1660 1882 trmm:
1688 1820 1769 1900 quod
1792 1837 1852 1882 non
1875 1821 1908 1881 in
1930 1818 1994 1881 aliis
2013 1818 2061 1879 li-

697 1918 817 2000 turgis,
841 1919 900 1979 imo
924 1935 981 1979 nec
1004 1918 1147 1998 precibus
1170 1918 1284 1981 diversi
1307 1919 1442 2001 generis,
1465 1917 1553 1981 iacile
1576 1920 1757 2000 reperiatur.
1811 1917 1843 1981 ln
1864 1917 1973 1981 Jacobi
1994 1916 2061 1996 Sym

696 2024 728 2079 et
751 2019 781 2079 in
804 2014 981 2097 quibusdam
1004 2014 1070 2079 aliis
1092 2015 1202 2080 dicitur
1223 2020 1276 2098 qui
1295 2036 1317 2078 a
1339 2027 1368 2079 te
1385 2018 1542 2097 procedit,
1573 2025 1604 2078 et
1630 2020 1683 2098 pai
1703 2035 1724 2079 a
1746 2018 1823 2079 Filio
1844 2024 1909 2092 tuo,
1932 2033 2008 2097 prone
2025 2014 2063 2076 nd

696 2117 858 2177 essentiam
891 2123 1044 2194 spectant,
1072 2124 1127 2177 cut
1152 2104 1195 2179 ui
1228 2101 1373 2198 odotoidp
1395 2118 1525 2196 accipit:
1554 2134 1633 2198 quae
1660 2124 1774 2179 rectam
1803 2115 1842 2178 de
1871 2115 2062 2178 Processione
2140 2147 2143 2155 =

696 2215 793 2277 sancti
815 2213 944 2296 Spiritus
966 2213 1134 2278 doctrinam
1156 2217 1197 2277 ita
1220 2216 1400 2295 exprimunt,
1424 2223 1457 2277 ut
1478 2235 1496 2278 a
1519 2215 1643 2279 Graecis
1667 2217 1864 2279 schismaticis
1886 2215 2062 2297 rejiciantur.

695 2313 764 2376 Non
786 2311 989 2393 spernendum
1012 2331 1086 2375 sanc
1109 2315 1313 2376 testimonium
1343 2314 1422 2376 istud
1450 2322 1515 2393 est,
1546 2316 1770 2396 qualiscumque
1798 2314 1921 2378 tandem
1950 2316 1989 2377 sit
2012 2312 2061 2373 ista

695 2412 846 2494 Liturgia:
868 2429 936 2474 narn
959 2412 997 2474 ab
1028 2412 1295 2493 interpolatoribus
1323 2413 1394 2475 nibil
1425 2431 1545 2493 passam
1577 2413 1657 2476 illam
1685 2433 1755 2478 esse
1783 2414 1985 2477 certissimum
2012 2416 2063 2473 est.

694 2511 797 2592 Atque
818 2511 858 2572 ita
881 2518 1000 2572 constat
1029 2528 1090 2573 non
1121 2510 1202 2593 apud
1228 2511 1351 2575 Latinos
1380 2519 1478 2574 natam
1503 2514 1675 2592 opinionem
1704 2532 1775 2577 csse
1803 2513 1842 2575 de
1870 2512 2061 2576 Processione

695 2609 824 2690 Spiritus
852 2611 949 2672 sancti
978 2611 1107 2673 aPatre
1143 2617 1173 2672 et
1201 2610 1296 2689 Filio,
1326 2629 1382 2674 scu
1412 2629 1469 2691 per
1490 2611 1612 2691 Filium,
1643 2612 1723 2694 quod
1754 2611 1833 2674 idem
1863 2630 1938 2675 csse
1965 2609 2063 2673 Graeci

696 2714 876 2790 agnoscunt,
901 2726 968 2770 curn
991 2710 1021 2770 in
1044 2707 1142 2771 media
1166 2709 1265 2790 Syria,
1288 2709 1368 2771 inter
1390 2726 1445 2771 eos
1468 2712 1519 2792 qui
1542 2709 1631 2773 alieni
1654 2719 1724 2775 sunt
1747 2729 1764 2773 a
1786 2710 1945 2774 Romanae
1962 2707 2062 2772 Eccle-

695 2806 761 2869 siae
784 2807 1006 2886 communione,
1029 2815 1125 2870 testes
1148 2807 1228 2870 illius
1251 2809 1454 2889 reperiantur.

841 3135 843 3142 .
938 3066 974 3138 3.
1017 3066 1187 3138 Memento
1214 3067 1360 3139 Domine
1386 3068 1518 3162 Repum
1546 3068 1831 3141 Ortbodoxoram.

809 3258 845 3335 lu
868 3267 934 3330 aliis
957 3267 1045 3349 hujus
1067 3272 1191 3352 generis
1214 3268 1359 3348 formulis,
1383 3270 1488 3350 quales
1504 3277 1668 3333 occurrunt
1690 3289 1749 3334 non
1772 3289 1899 3352 paucae,
1924 3269 2059 3351 quasdam

698 3381 811 3436 tractas
832 3391 873 3435 ex
896 3373 993 3434 veteri
1017 3372 1174 3452 disciplina
1199 3372 1292 3435 luisse
1305 3372 1450 3436 credibile
1467 3381 1528 3435 est:
1551 3375 1638 3436 istam
1659 3390 1721 3435 non
1743 3378 1823 3436 item
1852 3372 1932 3435 Nam
1955 3373 2062 3454 planam

699 3478 731 3532 et
752 3471 945 3552 perspicuam
968 3472 1137 3533 orationem
1160 3472 1294 3534 continet
1316 3490 1372 3553 pro
1393 3471 1570 3534 Christianis
1594 3472 1790 3553 principibus,
1813 3480 1845 3533 ut
1860 3472 1991 3535 inimicis
2005 3471 2064 3532 bdei

698 3569 876 3649 superiores
899 3567 971 3630 liant
993 3568 1094 3631 divino
1118 3569 1242 3644 auxilio,
1265 3577 1295 3631 et
1317 3587 1374 3649 pro
1397 3569 1558 3632 infidelium
1581 3568 1801 3647 debellatione,
1832 3570 1915 3650 quod
1940 3589 1999 3651 qua
2018 3589 2065 3631 ra-

697 3669 780 3730 tione
809 3665 988 3729 Christianis
1026 3668 1176 3744 moribus,
1212 3667 1331 3749 legibus
1365 3671 1500 3751 ipsorum
1535 3670 1730 3733 Orientalium
1763 3670 2008 3746 EcclesiasticiS,
2038 3675 2065 3729 et

698 3765 847 3845 exemplis
872 3767 1036 3829 convenire
1060 3769 1168 3848 possit,
1191 3766 1346 3847 explicare
1367 3768 1457 3832 facile
1478 3787 1539 3832 non
1562 3776 1618 3832 est.
1662 3769 1737 3832 Natu
1760 3788 1852 3832 orare
1875 3786 1935 3849 pro
1957 3769 2065 3830 Princi-

698 3864 787 3944 pibus
810 3863 979 3927 infidelibus
1004 3866 1090 3946 jubet
1120 3866 1290 3929 Christiana
1319 3865 1454 3949 Religio,
1482 3875 1513 3929 et
1539 3868 1710 3930 testimonia
1738 3868 1828 3931 multa
1855 3874 2013 3943 veterum,
2037 3873 2064 3927 ut

697 3963 923 4025 Alexandrinae
946 3964 1098 4028 Historiae
1121 3964 1219 4047 palam
1242 3964 1370 4028 iaciunt:
1400 3975 1431 4030 et
1453 3965 1663 4049 Aegyptiacae
1685 3985 1806 4048 quoque
1829 3966 2006 4049 liturgiae,
2033 3964 2066 4026 ad

699 4079 774 4143 quus
801 4062 932 4124 videnda
962 4082 1041 4144 quae
1074 4065 1254 4126 notavimus.
1298 4064 1405 4146 Neque
1435 4065 1486 4128 ulli
1514 4084 1555 4127 ex
1582 4082 1642 4146 quo
1672 4065 1882 4128 Mubamedani
1911 4083 2015 4128 rerunt
2038 4066 2066 4125 in

699 4161 824 4224 Oriente
846 4162 932 4239 potiti
955 4170 1034 4235 sunt,
1057 4162 1224 4240 Jacobitae,
1249 4162 1324 4226 tales
1346 4165 1502 4246 Principes
1524 4164 1702 4239 babuerunt,
1725 4164 1831 4245 quales
1855 4165 1913 4228 bac
1936 4164 2065 4227 oratione

698 4257 907 4341 designentur,
930 4261 1013 4341 quod
1035 4263 1150 4323 notavit
1171 4262 1201 4323 in
1215 4260 1436 4326 Commentario
1450 4262 1488 4325 ad
1510 4262 1590 4324 bunc
1611 4262 1709 4325 locum
1724 4262 1884 4341 Bnrsalibi,
1908 4267 1963 4344 qui
1984 4263 2065 4324 etian

698 4357 869 4420 abbreviari
891 4358 1051 4441 Diptycha,
1074 4360 1130 4423 bac
1152 4359 1191 4423 de
1214 4378 1305 4423 causa
1334 4369 1470 4424 testatur.
1523 4362 1607 4425 llaec
1629 4364 1723 4444 igitur
1745 4362 1872 4425 lormula
1895 4364 1978 4427 inter
2002 4363 2066 4423 sin-

697 4453 822 4533 gulares
845 4465 876 4519 ct
898 4459 1054 4521 inusitatas
1076 4458 1197 4522 videtur
1219 4458 1406 4540 reponenda.

730 4732 765 4800 d.
811 4731 877 4804 Ubi
898 4739 1036 4827 piorem
1062 4740 1198 4807 amintae
1219 4740 1396 4830 primitias
1420 4741 1513 4808 citae
1540 4737 1667 4832 ubsque
1693 4738 1814 4810 labore
1843 4747 2038 4831 expectent.

797 4902 900 4980 Locos
927 4918 1004 4996 istc,
1035 4925 1066 5014 et
1095 4937 1174 4999 quae
1203 4930 1372 5002 sequuntur
1400 4921 1438 4984 ad
1467 4940 1654 4985 communem
1684 4920 1870 4986 Graecorum
1898 4925 2065 5005 opinionem

698 5014 838 5080 videntur
859 5019 1031 5099 reserenda,
1055 5023 1106 5102 qui
1129 5025 1242 5087 animas
1265 5026 1384 5106 piorum
1415 5044 1512 5106 usque
1535 5025 1572 5088 ad
1594 5026 1689 5089 ultimi
1708 5027 1813 5108 judicii
1837 5028 1916 5090 diem
1944 5024 2066 5090 coelesti
