4525 6034
679 557 771 632 XLII
1158 561 1532 640 bissutturlo

677 748 776 821 talem
808 760 842 822 et
877 747 1121 824 Occidentalem
1153 747 1355 844 disciplinam
1387 747 1450 822 bac
1484 753 1518 821 in
1543 760 1638 847 parte
1664 751 1859 847 diversitas,
1885 764 1922 828 ut
1946 779 2036 852 per-

677 867 791 961 spicue
817 866 1121 943 demonstrabimus.

403 999 416 1034 ⁸
467 1002 490 1037 ¹¹¹
524 988 553 1038 ε’
622 989 663 1040 in·
778 981 909 1057 Graece
940 985 1077 1074 Graeci,
1103 983 1246 1079 Syriace
1271 982 1351 1079 Syri
1376 981 1544 1076 bitarrgias
1576 981 1747 1057 celebrant
1781 989 1974 1083 antiquitus:
2000 989 2037 1062 id

357 1070 530 1211 fflfflm
546 1073 663 1212 {lgm
676 1121 773 1171 namo
799 1099 970 1191 inficiatur,
995 1102 1059 1172 ndei
1084 1099 1129 1171 illi
1156 1098 1242 1171 iorte
1269 1101 1324 1194 qui
1351 1096 1472 1170 bellum
1499 1097 1576 1171 illud
1602 1099 1645 1172 de
1667 1102 1775 1174 erucis
1802 1102 1895 1176 titulo
1923 1124 2034 1195 argu-

506 1175 592 1282 runs
650 1210 819 1287 *mentum
846 1217 1054 1290 admirantur.
1076 1216 1138 1289 ·Αι
1170 1214 1258 1311 quod
1291 1214 1367 1287 inde
1392 1214 1551 1288 Usserius
1576 1215 1692 1288 etalii
1717 1216 1907 1311 collegere,
1933 1241 2034 1291 sacra

677 1355 791 1404 corum
826 1330 1083 1406 Christianorum
1116 1353 1200 1427 quos
1235 1341 1444 1421 enumerant,
1486 1332 1653 1427 exem‘plo,
1692 1332 1844 1429 populari
1876 1356 2034 1409 somene

675 1447 873 1523 celebranda
900 1473 988 1541 esse,
1014 1449 1225 1524 salsissimum
1250 1457 1310 1521 εει.
1364 1448 1493 1543 Quippe
1519 1447 1599 1544 Syri
1624 1447 1831 1541 Orthodoxi,
1856 1450 2033 1523 lacebitae

674 1573 709 1636 et
732 1564 921 1639 Nestoriani
947 1566 1121 1664 Syriacam
1147 1565 1311 1657 linguam,
1337 1567 1431 1656 cujus
1458 1562 1500 1635 ab
1519 1562 1643 1658 aliquot
1674 1565 1816 1638 saeculis
1842 1588 1921 1639 usus
1946 1566 2032 1639 vul-

673 1685 765 1772 garis
791 1684 896 1756 nullus
924 1694 987 1775 est,
1025 1705 1092 1755 non
1118 1685 1227 1775 magis
1254 1679 1453 1774 intelligrmt,
1480 1703 1576 1775 mam
1603 1679 1698 1777 plebs
1724 1683 1891 1754 rusticana
1917 1691 2034 1756 nostra

620 1863 624 1871 .
672 1797 831 1873 Latinam.
871 1800 1060 1874 Nestoriani
1086 1800 1258 1892 singulari,
1286 1806 1320 1869 et
1344 1799 1457 1890 ignota
1483 1795 1619 1891 reliquis
1647 1795 1842 1869 Christianis
1870 1796 2032 1871 Orienta-

670 1913 754 1990 libus
781 1916 1037 2007 consuetudine,
1065 1939 1111 1988 ex
1138 1937 1204 2011 quo
1229 1916 1263 1985 in
1288 1912 1528 2010 Mesopotamia
1554 1912 1615 1989 sub
1642 1912 1775 2007 Regum
1799 1913 1937 1987 Persiae
1962 1938 2030 2010 pa-

670 2034 810 2106 trocinio
837 2033 936 2108 sedes
962 2033 1124 2124 fixerunt,
1150 2030 1387 2126 Ecclesiasque
1402 2029 1520 2102 multm
1547 2040 1813 2126 occupaverunt,
1840 2041 1896 2102 aut
1920 2053 2028 2105 novas

670 2149 895 2239 instituerunt,
919 2151 1043 2224 omissa
1070 2146 1199 2220 Graeca
1226 2146 1349 2239 lingua,
1376 2146 1481 2219 solam
1506 2145 1683 2242 Syriacam
1708 2168 1869 2242 usurpare
1895 2168 2026 2243 coepe-

670 2272 762 2353 rrmt,
789 2288 928 2361 eamque
959 2268 992 2336 in
1017 2265 1188 2353 Tartaria,
1214 2262 1370 2352 Perside,
1401 2262 1553 2335 Sinarum
1580 2265 1738 2356 regione,
1766 2272 1800 2334 ot
1831 2262 1922 2335 ludia
1954 2265 2025 2336 Sa-

670 2383 846 2454 cramentis
872 2380 1078 2455 celebrandis
1091 2382 1259 2477 propriam
1285 2389 1320 2451 et
1340 2381 1468 2450 unicam
1495 2402 1573 2453 esse
1599 2387 1791 2453 statuerunt
1816 2379 1870 2450 De
1888 2378 2026 2453 Perside

669 2504 830 2569 testantur
855 2496 929 2570 libri
954 2507 1087 2570 veteres
1112 2497 1205 2571 multi
1231 2506 1265 2568 et
1290 2499 1375 2566 inter
1401 2495 1498 2584 alios,
1523 2498 1654 2588 insigne
1677 2494 1921 2568 Lectionarium
1933 2496 2025 2567 Per-

670 2614 772 2684 sicum
798 2613 1058 2707 Evangeliorum
1080 2615 1122 2688 de
1140 2612 1264 2686 circulo
1290 2613 1378 2700 anni,
1404 2613 1438 2682 in
1465 2632 1530 2707 quo
1547 2611 1648 2683 multa
1663 2612 1806 2708 Syriaca
1833 2622 2027 2689 occurrunt:

668 2739 734 2800 tum
767 2733 863 2801 varia
894 2753 940 2802 ex
971 2730 1117 2802 Historia
1148 2729 1391 2803 catholicorum
1423 2750 1484 2800 seu
1509 2728 1773 2799 Patriarcbarum
1798 2727 1884 2801 illius
1911 2737 2026 2801 sectae

668 2845 840 2941 exempla,
874 2868 960 2941 quae
986 2845 1064 2919 abbi
1088 2844 1283 2918 referemus.
1334 2844 1387 2917 De
1421 2844 1572 2916 Tartaria
1606 2866 1737 2940 quoque
1763 2846 1858 2915 varia
1891 2853 2026 2915 exstant

667 2960 787 3033 ibidem
814 2965 1011 3051 testimonia,
1038 2985 1123 3058 quae
1148 2960 1376 3054 Abulfaragii,
1401 2960 1508 3033 Marci
1532 2959 1627 3033 Pauli
1653 2960 1785 3050 Veneti,
1812 2958 1955 3031 Villclmi
1981 2958 2026 3032 de

669 3076 879 3174 Rubruquis,
905 3088 940 3151 et
965 3077 1103 3151 clionrm
1129 3082 1185 3174 qui
1211 3100 1270 3151 eas
1296 3079 1452 3170 regiones
1474 3076 1708 3166 lustraverunt,
1735 3077 1908 3149 autoritate
1935 3098 2025 3147 con-

667 3192 843 3267 firmantur.
896 3194 949 3267 De
974 3194 1065 3268 lndia
1090 3193 1292 3269 blalabarioa
1317 3194 1520 3267 notissimum
1547 3203 1600 3266 εει
1625 3215 1672 3264 ex
1703 3191 1775 3266 sola
1800 3191 1917 3265 Alexii
1941 3191 2024 3265 ble-

666 3314 751 3384 nesii
777 3310 921 3386 Goensis
947 3310 1200 3408 Arcbiepiscopi
1225 3312 1420 3384 visitationis
1446 3306 1574 3381 illarum
1597 3307 1824 3382 Ecclesiarum
1850 3307 2023 3399 relatione,

667 3436 700 3498 et
733 3426 872 3524 Synodo
903 3428 1145 3526 Diampereusi.
1196 3427 1250 3499 De
1282 3427 1371 3499 Sinis
1404 3428 1552 3517 unicum
1595 3424 1656 3498 sed
1698 3427 1788 3497 omni
1824 3427 2025 3520 exceptione

666 3545 772 3634 majus
804 3545 1024 3617 testimonium
1059 3544 1114 3617 dat
1146 3545 1231 3640 lapis
1263 3542 1393 3615 Sinicus
1428 3563 1513 3613 anno
1548 3538 1755 3614 Mncxrtv.
1786 3542 1821 3611 iu
1845 3537 2026 3613 Provincia

666 3660 773 3732 Xensi
798 3659 951 3753 effossus,
977 3660 1127 3759 Syriacis
1158 3661 1344 3754 Sinicisque
1370 3654 1616 3732 characteribus
1642 3656 1840 3751 insculptus:
1867 3679 1932 3752 quo
1958 3677 2023 3729 sa-

667 3798 757 3847 cram
784 3777 848 3849 illic
873 3776 978 3852 fuisse
1004 3778 1091 3875 apud
1115 3776 1334 3851 Nestoriancs
1354 3776 1527 3872 Syriacam
1553 3774 1697 3867 linguam
1725 3776 1909 3846 certissime
1934 3794 2023 3869 pro-

665 3889 771 3963 batur.
800 3892 882 3979 Quis
907 3894 1110 3968 existimabit
1135 3896 1169 3965 in
1193 3895 1422 3967 remotissimis
1433 3890 1497 3963 illis
1523 3893 1703 3986 provinciis
1723 3890 1896 3982 vulgarem
1917 3887 2022 3963 fuisse

663 4007 809 4101 lingnam
835 4009 1033 4106 Syriacam?
1059 4010 1178 4104 Ignota
1203 4012 1302 4102 igitur
1326 4009 1438 4102 bngua
1458 4010 1528 4100 jam
1554 4017 1630 4080 aute
1656 4028 1762 4080 annos
1787 4006 1875 4078 mille
1890 4005 2022 4081 Nesto-

664 4127 762 4213 riani,
798 4125 888 4199 nullo
920 4126 1092 4199 Romanae
1124 4126 1316 4222 discipbnae
1355 4127 1510 4217 conmgio
1547 4122 1666 4215 afflati,
1705 4123 1889 4215 Liturgiam
1924 4121 2021 4195 cele-

662 4239 813 4314 brabant.
1497 4312 1502 4317 .

356 4355 650 4454 syracusanarum
766 4358 927 4434 Seriusin
943 4360 1044 4455 Syria
1055 4362 1151 4456 patrii
1174 4361 1336 4434 sermonis
1354 4381 1434 4434 usus
1457 4357 1636 4449 obsolevit,
1663 4380 1738 4429 cum
1763 4368 1878 4431 essent
1892 4354 2022 4429 decimo

346 4439 416 4506 ⁹¹⁶b¹
432 4448 527 4510 'W'
664 4484 698 4546 et
711 4472 885 4547 undecimo
906 4473 1054 4566 saeculo,
1075 4479 1129 4571 qui
1152 4476 1271 4549 eodem
1290 4475 1393 4549 adbuc
1413 4484 1583 4549 aerenum
1601 4485 1636 4547 et
1648 4473 1847 4548 scriberent:
1869 4476 2021 4570 quamvis

662 4590 708 4661 illi
734 4613 803 4664 non
828 4601 895 4665 tam
920 4591 1025 4686 vulgo
1051 4591 1218 4685 illiterato,
1244 4616 1342 4689 mam
1368 4592 1473 4666 doctis
1489 4590 1683 4666 scriberent.
1711 4589 1808 4664 Unde
1836 4595 1890 4688 qui
1916 4612 2020 4686 opera

662 4705 775 4797 multa,
801 4709 993 4805 etquidem
1016 4709 1146 4818 meliori
1179 4708 1315 4783 saeculo
1348 4709 1468 4803 digna,
1495 4707 1596 4780 edidit
1622 4706 1808 4801 Gregorius
1833 4706 2022 4783 Abuliara-

661 4824 749 4921 gius,
774 4822 1058 4915 Nomocanonem,
1079 4826 1345 4916 Grammaticam,
1363 4836 1397 4899 et
1422 4824 1486 4897 alia
1513 4823 1660 4913 nonulla,
1687 4835 1723 4897 ut
1739 4823 1884 4920 pluribus
1911 4826 2021 4923 prod-

661 4958 740 5010 esse
770 4952 928 5035 possent,
961 4966 1035 5015 cum
1065 4944 1209 5041 Syriace
1239 4945 1379 5038 primum
1405 4943 1613 5038 scripsisset,
1646 4940 1796 5015 Arabiae
1827 4953 1880 5017 est
1910 4946 2021 5015 inter-

661 5062 817 5149 pretatus.
872 5056 955 5132 Sunt
973 5069 1096 5134 ‚umen
1127 5061 1205 5133 anni
1237 5081 1343 5156 prope
1374 5061 1546 5151 sexcenti,
1578 5080 1624 5130 ex
1650 5079 1715 5155 quc
1740 5058 1852 5152 lingua
1878 5058 2021 5157 Syriaca
