4525 6034
476 541 1344 664 sunaunan‘curuouror.
1527 592 1604 667 ass

329 763 491 857 Populus.
544 767 664 838 Amen.

328 880 505 953 Sacerdos
531 882 724 953 inclinatas.
777 883 946 956 Memento
973 885 1116 958 Domine
1144 890 1288 959 omniurn
1325 892 1379 984 qui
1413 896 1604 964 communi-

225 1005 304 1068 cant
328 1000 522 1069 necessitati
548 1001 814 1093 peregrinorum,
841 1010 875 1071 et
901 1001 1091 1074 afflictorum
1118 1026 1299 1098 curamque
1325 1004 1449 1078 babent
1474 1005 1603 1081 Eccle-

225 1116 348 1184 siarum
375 1124 410 1185 et
435 1112 734 1203 Monasteriorum,
761 1125 795 1185 et
820 1125 956 1210 praesta
983 1116 1047 1189 illis
1073 1118 1164 1191 bona
1192 1119 1394 1210 diligentium
1424 1132 1466 1194 te.

330 1230 480 1300 Eteonos
514 1251 640 1300 rocem.
694 1230 788 1301 Deus
828 1233 884 1325 qui
915 1233 1158 1327 providentiam
1194 1234 1299 1308 habes
1339 1240 1446 1309 omnis
1479 1244 1603 1331 carnis,

224 1357 260 1419 et
285 1345 464 1417 auxiliator
490 1360 528 1417 es
555 1337 800 1433 creaturarum,
827 1345 933 1418 libera
959 1359 993 1420 et
1019 1349 1115 1421 salva
1151 1350 1307 1446 populum
1344 1364 1433 1424 tuum
1469 1354 1602 1427 fidelem

225 1486 246 1534 a
272 1462 422 1535 manibus
448 1461 605 1534 violentis
632 1465 779 1553 gentium
806 1463 1131 1536 immisericordium:
1158 1488 1343 1560 praeserva
1365 1475 1497 1564 quoque
1524 1470 1600 1542 illos

224 1599 480 1673 aquocumque
507 1576 643 1650 damno:
671 1600 691 1648 a
724 1588 919 1671 paupertate
951 1599 1093 1673 aspera,
1126 1590 1161 1652 et
1194 1586 1397 1655 necessitate
1428 1582 1600 1658 doloribus

224 1692 341 1788 plena:
372 1718 392 1764 a
419 1715 531 1788 poena
559 1701 593 1764 et
620 1693 745 1764 ultione
773 1714 859 1785 quae
886 1695 978 1766 vires
1005 1706 1159 1789 superet:
1202 1719 1222 1767 a
1257 1698 1427 1794 paralysi,
1461 1699 1600 1772 mutila-

222 1811 332 1900 tione,
358 1807 463 1897 fcbre,
491 1808 650 1896 nuditate,
677 1819 785 1880 morte
810 1807 958 1879 violenta
986 1821 1020 1881 et
1046 1809 1201 1883 fortuita:
1230 1836 1250 1883 a
1276 1811 1405 1907 laqueis
1433 1824 1466 1886 et
1492 1837 1599 1887 scan-

223 1923 325 2012 dalis,
363 1948 383 1995 a
417 1923 634 2011 contumelia,
670 1922 840 1995 derisione
874 1934 907 1995 et
940 1926 1140 2020 opprobrio:
1175 1930 1328 2021 quoniam
1364 1938 1398 1999 tu
1431 1950 1469 2000 es
1505 1933 1599 2005 Deus

222 2049 422 2136 potestatem
448 2038 576 2113 babens
603 2042 695 2112 vitae
721 2050 755 2111 et
782 2042 896 2112 mortis
923 2051 1075 2135 nostrae,
1102 2041 1227 2139 tibique
1254 2042 1397 2135 gloriam
1424 2044 1600 2120 referimus

222 2166 257 2227 et
281 2159 453 2248 unigenito
479 2156 566 2228 Filio
592 2166 671 2246 tuo,
697 2166 760 2226 etc.

325 2272 487 2366 Populus.
540 2272 661 2344 Amen.

224 2467 227 2480 ,
324 2388 500 2460 Sacerdos
526 2387 717 2458 inclinatae.
771 2383 1079 2462 commemoramus
1107 2412 1242 2485 quoquo
1268 2391 1422 2479 Domino,
1449 2389 1598 2484 Reges⁵

223 2502 450 2594 Christianos,
476 2514 512 2575 ut
537 2525 599 2599 per
625 2506 780 2574 virtutem
813 2512 903 2574 mam
938 2503 1196 2600 insuperabilem
1230 2506 1399 2593 roborati,
1432 2509 1599 2582 terribiles

222 2632 406 2717 appareant
433 2620 597 2693 adversus
624 2621 774 2691 inimicos
801 2618 920 2691 crucis.

325 2737 476 2808 blerano
500 2759 625 2807 aecem.
678 2736 772 2807 Deus
789 2743 921 2827 potens,
948 2757 1014 2807 rex
1032 2738 1066 2807 iu
1085 2746 1267 2825 aeteruum,
1295 2737 1391 2809 aufer
1409 2738 1451 2811 ab
1468 2740 1596 2813 Eccle-

221 2857 270 2926 sia
298 2865 354 2926 tua
380 2853 480 2940 bella,
507 2860 541 2923 et
558 2851 694 2923 damna:
721 2852 924 2942 immitteque
950 2850 1109 2924 cordibus
1137 2850 1270 2944 Regum
1296 2855 1436 2927 consilia
1456 2855 1597 2950 pacifica

221 2980 255 3041 et
280 2973 370 3041 mitia
396 2990 499 3064 sopor
524 2990 665 3061 gregem
692 2977 795 3038 tuum:
824 2962 931 3037 deduc
957 2989 1020 3039 nos
1047 2991 1109 3064 per
1136 2968 1398 3042 miscrircodiam
1433 2969 1476 3042 ad
1507 2992 1597 3066 por-

220 3097 288 3158 tum
315 3084 544 3178 tranquillum,
572 3094 606 3156 et
631 3083 720 3156 lacie
753 3080 842 3152 laeta
876 3085 1056 3176 pervenire
1086 3105 1150 3157 nos
1185 3083 1241 3156 lac
1274 3085 1317 3157 ad
1350 3085 1437 3158 diem
1470 3088 1596 3176 salutis,

201 3212 255 3303 ¹et
280 3200 464 3273 referemus
492 3200 548 3272 tibi
575 3201 734 3292 gloriam,
763 3207 825 3268 etc.

325 3317 485 3409 Populus.
539 3319 659 3389 Amen.

325 3433 501 3505 Sacerdos
526 3433 717 3504 inclinatas.
759 3431 1069 3507 commemoramus
1086 3434 1184 3503 etiam
1204 3432 1345 3504 Domine
1360 3451 1478 3504 omues
1502 3433 1598 3507 Sau-

219 3561 293 3623 ctos
332 3559 424 3637 tuos,
462 3547 665 3645 Prophetas,
707 3549 907 3644 Apostolos,
935 3549 1120 3642 Martyres,
1156 3546 1351 3636 Solitarios,
1387 3547 1598 3641 Religiosos:

218 3668 399 3762 praecipue
425 3687 511 3737 vero
539 3673 686 3754 sanctam
714 3665 915 3737 Genitricem
943 3666 1006 3736 Dei
1033 3664 1188 3754 Mariam
1215 3663 1377 3735 loannem
1403 3665 1599 3761 Baptistam,

219 3794 254 3855 et
282 3790 432 3856 sanctum
458 3781 662 3876 Stephanum
689 3791 982 3877 protomartyrem.

324 3898 474 3968 dleaans
504 3918 631 3967 aecem.
688 3897 996 3989 Congregationem
1032 3895 1290 3968 domesticorum
1323 3906 1470 3985 tuorum,
1505 3908 1595 3970 tem-

218 4036 304 4110 pore
330 4017 423 4086 istius
451 4011 605 4085 sacrificii
632 4012 734 4084 divini
750 4033 1061 4099 commemoramus,
1088 4033 1273 4104 omnesque
1300 4015 1355 4105 qui
1371 4026 1596 4086 servavemnt

218 4133 395 4202 veritatem
423 4138 527 4214 tuam,
556 4137 589 4199 et
615 4126 829 4222 perfecerunt
854 4126 1059 4199 voluntatem
1086 4137 1190 4198 tuam:
1217 4135 1254 4197 ut
1280 4150 1354 4199 cum
1381 4128 1595 4220 egrediemur

217 4249 250 4316 in
280 4267 455 4318 occursum
481 4247 642 4336 unigeniti
668 4243 744 4315 Filii
771 4251 803 4316 in
831 4243 975 4316 adventu
1004 4246 1077 4334 ejus
1104 4242 1271 4328 secundo,
1307 4243 1595 4339 ascendemusque

219 4362 262 4432 ad
289 4359 464 4433 thalamum
492 4359 713 4455 spiritualem,
740 4359 842 4432 etad
869 4361 1061 4431 convivium
1088 4358 1288 4444 immortale,
1316 4362 1422 4430 nostri
1450 4381 1594 4453 quoque,

219 4480 275 4572 qui
303 4498 418 4548 eorum
446 4479 586 4568 gratiam
614 4486 648 4546 et
675 4476 833 4547 auxilium
860 4474 1090 4570 imploramus,
1117 4477 1152 4544 in
1179 4474 1385 4546 orationibus
1413 4477 1482 4546 sois
1516 4497 1593 4545 me-

219 4613 334 4664 mores
361 4596 444 4681 sint,
471 4614 585 4663 coram
612 4613 738 4685 sponso
766 4590 905 4664 coelesti
934 4589 1152 4683 coetibusque
1175 4610 1290 4660 eorum
1305 4589 1535 4680 adjungamur,
1564 4601 1597 4660 et

219 4706 283 4780 sub
311 4708 372 4780 alis
400 4730 515 4781 eorum
543 4718 777 4804 protegamur,
804 4707 1057 4800 referamusque
1085 4703 1158 4791 tibi,
1186 4713 1248 4775 etc.

325 4824 488 4917 Populus.
541 4826 663 4896 Arnen.

324 4939 500 5011 Sacerdos
537 4939 729 5009 inclinatas.
799 4938 968 5009 Memento
1009 4934 1153 5008 Domine
1191 4929 1206 4968 ⁶
1239 4938 1384 5006 omnium
1421 4933 1593 5006 Orthodo-

218 5079 342 5128 uorum
368 5056 501 5127 Patrum
529 5065 737 5144 nostrorum,
765 5057 819 5148 qui
846 5051 944 5125 iidem
970 5061 1096 5122 rectam
1113 5072 1178 5123 nos
1193 5049 1386 5139 docuerunt,
1414 5053 1594 5146 praecipue
