4525 6034
602 1048 683 1167 IN
741 1051 1192 1169 ttionemn

337 1295 578 1389 suncti
629 1296 917 1390 lunulis
974 1296 1447 1393 CHRYSOSTOMI

811 1501 984 1585 1101111.

304 1746 333 1811 1.
378 1735 467 1813 Dans
491 1748 611 1810 nomine
633 1749 664 1813 S.
687 1747 811 1809 1333313
835 1746 1043 1828 chrysostomi
1073 1744 1225 1829 liturgias
1256 1746 1398 1829 Syriacas
1426 1747 1581 1818 habemas.

214 1849 316 1928 istam,
339 1852 387 1912 cui
408 1853 534 1931 primum
563 1851 619 1913 hac
641 1853 670 1913 ia
694 1851 880 1916 collectione
908 1849 1007 1912 locam
1034 1852 1192 1933 assignare
1221 1851 1316 1914 risum
1346 1859 1409 1930 cst,
1441 1854 1521 1932 qaod
1551 1856 1582 1916 in

215 1948 377 2013 codicibus
399 1951 484 2029 hlss,
506 1969 566 2012 uno
596 1952 774 2032 praesertim
804 1950 876 2012 satis
906 1957 1024 2012 vetusto
1055 1959 1085 2012 et
1113 1949 1244 2031 optimae
1273 1959 1362 2013 notae
1394 1948 1581 2031 Coibertino,

215 2037 253 2111 eo
276 2069 342 2112 curn
365 2050 450 2112 titula
472 2051 652 2131 reperiatur.
676 2049 750 2116 ,1113
776 2068 852 2111 3333
875 2066 953 2129 quae
982 2051 1011 2111 in
1034 2049 1148 2111 hlissali
1171 2048 1332 2112 chaldaico
1362 2048 1473 2112 Romae
1501 2052 1581 2114 edita

215 2157 272 2224 est,
295 2150 350 2211 sub
373 2151 493 2211 numine
517 2149 735 2230 chrysostomi,
760 2150 789 2210 in
812 2151 916 2229 paucis
940 2148 1097 2210 admodum
1113 2147 1273 2211 Codicibas
1296 2149 1458 2229 reperitur,
1481 2167 1580 2231 neque

214 2257 321 2310 sancta
345 2248 387 2310 illi
409 2249 535 2311 Doctori
558 2249 705 2312 tribuitur.
759 2248 819 2310 Eas
843 2266 937 2328 porro
960 2249 1024 2310 sive
1047 2247 1228 2324 Maronitas,
1258 2248 1322 2312 3133
1345 2247 1420 2312 31133
1443 2252 1494 2332 qui
1517 2251 1582 2313 llo-

214 2365 321 2410 manae
344 2347 467 2411 editioni
490 2367 613 2440 operam
636 2347 794 2426 dederunt,
817 2365 879 2410 non
893 2348 988 2410 banos
1005 2347 1135 2409 Codices
1147 2346 1299 2426 habuisse,
1323 2349 1480 2413 multorum
1504 2371 1581 2433 quos

215 2450 408 2510 tractavimus
432 2449 616 2529 comparatio
639 2465 696 2509 nas
719 2448 836 2524 docuit,
866 2454 956 2528 atque
985 2447 1024 2509 ita
1057 2466 1092 2509 ea
1116 2466 1203 2527 quam
1225 2446 1350 2510 loannis
1373 2448 1581 2531 chrysostomi

215 2549 336 2609 nornine
359 2547 548 2609 excuderunt
569 2546 719 2630 biturgia‚
748 2545 833 2608 alteri
860 2546 969 2608 Jaaani
998 2546 1175 2608 llarranitac
1210 2547 1309 2626 potius
1338 2548 1493 2611 tribuenda
1522 2559 1581 2630 331,

215 2655 248 2708 31
278 2654 405 2708 vocatur
432 2647 460 2707 in
490 2646 664 2725 quibusdam
697 2644 934 2726 exemplaribus:
968 2646 995 2708 is
1025 2664 1100 2709 3333
1129 2633 1282 2708 recentior
1312 2646 1418 2727 aliquis
1444 2647 1581 2712 Jacobita

202 2735 278 2808 ¹luit.
323 2744 436 2807 Neutra
459 2763 552 2825 porro
575 2745 734 2827 quidquam
757 2744 846 2807 habet
874 2763 940 2806 eum
967 2743 1082 2807 Graeca
1106 2743 1311 2827 chrysostomi
1332 2745 1467 2829 Liturgia
1495 2765 1581 2809 cam-

215 2864 315 2921 mane,
339 2844 396 2905 nisi
418 2843 592 2925 generalem
613 2844 692 2906 illam
715 2863 792 2926 qaae
820 2844 850 2905 in
880 2844 1016 2906 omnibus
1039 2843 1242 2906 Orientalibus
1266 2844 1376 2909 Oillciis
1400 2846 1581 2912 observatur

215 2945 423 3007 Eucharistiae
446 2943 646 3007 celebrandae
669 2943 803 3007 sormam.
827 2943 986 3025 singulare
1008 2952 1055 3006 est
1077 2944 1107 3005 ia
1129 2946 1197 3021 ista,
1221 2944 1300 3025 quod
1325 2963 1342 3007 3
1365 2946 1460 3009 tribus
1481 2947 1580 3012 Grae-

216 3046 260 3107 cis
287 3043 412 3106 vocibus
443 3045 546 3125 incipit
567 3030 671 3127 Κύριε
694 3034 712 3105 ὁ
737 3031 820 3116 Θεὸς
847 3034 1096 3127 παντοκράτωρ,
1125 3061 1204 3124 quae
1232 3046 1258 3106 si
1289 3043 1424 3108 Graecae
1454 3049 1579 3132 originis

215 3144 356 3206 indiciam
383 3144 470 3220 dant,
500 3151 531 3205 at
561 3143 633 3205 illud
656 3153 702 3206 est
724 3143 924 3221 levissimum,
959 3151 989 3205 et
1018 3142 1055 3204 ad
1085 3160 1190 3206 omnes
1222 3162 1299 3224 quae
1329 3143 1445 3207 Graece
1476 3156 1581 3212 extant

216 3243 367 3326 liturgias
390 3262 486 3325 aeque
509 3245 650 3325 pertinet,
674 3261 740 3305 cum
763 3243 908 3323 plurimae
932 3242 1092 3304 Orationes
1115 3242 1194 3304 idem
1216 3242 1329 3305 initium
1352 3243 1488 3308 habeant.
1512 3245 1580 3327 lpsa

216 3346 305 3406 etiam
328 3342 430 3427 lingua
453 3342 576 3424 Syriaca
606 3344 761 3405 maximam
781 3341 968 3405 Graecarum
998 3360 1107 3406 vocum
1132 3342 1348 3407 multitudinem
1370 3345 1494 3425 recepit,
1518 3362 1580 3408 non

215 3444 305 3506 modo
329 3444 358 3505 in
380 3442 471 3505 rebus
493 3444 598 3519 sacris,
622 3444 677 3505 sed
700 3443 788 3504 etiam
811 3444 841 3505 in
868 3441 950 3504 aliis:
978 3442 1057 3504 uade
1078 3442 1204 3525 insignis
1229 3442 1308 3523 apud
1331 3443 1425 3524 Syros
1447 3443 1580 3506 Lexieo-

215 3543 349 3628 graphas
374 3541 630 3618 lsa-bar-Bahlul,
654 3542 734 3623 quad
756 3542 872 3604 illarum
894 3559 1031 3623 magnam
1050 3542 1165 3622 capiam
1189 3541 1402 3622 interpretatas
1425 3543 1489 3620 luit,
1514 3560 1578 3603 ma-

215 3645 296 3705 xime
319 3644 397 3704 13133
419 3659 491 3704 3333
515 3641 738 3704 commendatus
761 3649 815 3704 est.
848 3641 1012 3704 Titularum
1036 3649 1145 3718 autem,
1170 3640 1265 3721 qualis
1280 3649 1327 3703 est
1343 3641 1411 3704 huic
1426 3641 1579 3723 liturgiae

215 3743 396 3822 adscriptas,
419 3742 495 3802 ratio
519 3741 556 3802 ad
579 3742 785 3821 antiquitatem
806 3740 1013 3803 stabiliendam
1043 3740 1123 3802 nulla
1147 3748 1209 3817 est,
1240 3749 1273 3803 ut
1297 3743 1358 3822 jam
1389 3741 1457 3804 alibi
1485 3740 1579 3804 husius

214 3843 357 3910 diximus:
388 3840 424 3901 ad
448 3841 636 3903 autoritatem
658 3840 887 3921 comparandam
909 3857 968 3901 naa
990 3842 1085 3921 magis
1108 3839 1225 3914 valent,
1256 3841 1313 3902 nisi
1341 3839 1424 3903 usus'
1443 3840 1580 3903 similium

214 3942 386 4005 ciliciorum
409 3949 537 4003 constet.
589 3940 669 4002 lstud
700 3958 774 4002 vero
803 3957 869 4001 cum
897 3947 1080 4020 agnoscatur
1109 3958 1126 4000 a
1154 3939 1314 4014 tacebitis,
1345 3949 1375 4002 31
1404 3943 1433 4003 13
1461 3939 1579 4003 illorum

214 4042 343 4121 antiquis
366 4038 525 4102 codicibus
548 4041 728 4121 reperiatur,
752 4038 908 4121 aequalem
930 4038 1019 4100 habet
1042 4055 1109 4098 eum
1130 4038 1254 4120 reliquis
1278 4039 1462 4121 dignitatem.

301 4139 330 4201 2.
376 4138 541 4219 Singularis
575 4147 622 4201 est
651 4139 725 4201 baec
755 4139 953 4201 lrrvocationis
984 4138 1111 4218 Spiritus
1142 4140 1237 4200 sancti
1266 4139 1398 4201 formula.
1448 4140 1579 4220 Spiritum

212 4249 282 4301 taus
304 4245 334 4300 31
353 4240 450 4300 virtus
472 4245 524 4300 tua
546 4240 782 4317 sanctificatrix,
810 4240 980 4318 requiescat
1001 4237 1169 4316 superbae
1190 4246 1336 4314 33331333,
1360 4248 1389 4300 31
1409 4240 1580 4318 sanctificet

212 4340 382 4401 oblationes
403 4340 496 4399 istae:
520 4347 549 4399 31
570 4338 721 4416 illabatur,
745 4339 881 4400 resideat
901 4344 930 4398 et
942 4336 1189 4416 inhabitetsuper
1210 4338 1289 4399 banc
1307 4358 1417 4418 panem
1439 4346 1468 4400 31
1488 4357 1580 4417 caper

211 4439 271 4501 hoc
292 4440 411 4512 cinam,
440 4445 470 4498 31
495 4438 576 4526 [iant
603 4429 694 4499 baum
721 4457 832 4517 carpus
853 4445 883 4498 31
904 4438 1028 4517 3339313
1048 4438 1194 4516 3331933111
1213 4437 1283 4498 Filii
1304 4440 1355 4502 tai.
1399 4438 1446 4500 De
1475 4436 1577 4498 verbis

211 4540 392 4618 requieseat,
415 4538 559 4613 resideat,
581 4537 734 4612 illabatur,
756 4537 909 4612 1311311131,
931 4537 1041 4598 dictum
1072 4544 1119 4598 est
1147 4544 1205 4597 tam
1229 4536 1265 4597 ad
1288 4536 1388 4599 Basilii
1412 4536 1576 4617 c0pticam,

212 4655 301 4718 quam
325 4636 363 4696 ad
384 4635 490 4698 iacobi
513 4636 666 4716 Syriacam
687 4635 861 4719 liturgiam,
884 4638 962 4697 etsi
986 4636 1104 4717 quando
1127 4638 1156 4698 in
1179 4637 1244 4700 aliis
1268 4637 1428 4718 quidquam
1450 4655 1467 4699 3
1491 4655 1577 4699 com-

211 4734 385 4798 3313131113
414 4736 573 4812 remotius,
606 4743 656 4797 aut
683 4753 762 4798 3333
793 4734 938 4815 quaedam
966 4735 1144 4818 significatio
1174 4754 1210 4798 se
1239 4735 1337 4814 ollcrt,
1367 4735 1575 4816 explicabitur.

214 4835 288 4899 cum
310 4835 445 4917 vulgaris
467 4836 496 4896 in
520 4835 585 4897 aliis
615 4834 705 4899 lectio
728 4837 782 4913 sit,
804 4843 835 4896 et
863 4852 929 4896 cum
960 4835 997 4897 de
1027 4835 1139 4915 Spiritu
1168 4844 1273 4898 sancto
1302 4835 1395 4897 verba
1424 4836 1500 4913 sint,
1535 4836 1576 4897 ita

214 4935 435 5011 continuentur,
458 4942 490 4997 et
508 4936 617 5014 saciat,
640 4933 768 5015 efficiat,
791 4935 989 5011 3333331331,
1016 4934 1176 5014 perficiat,
1202 4953 1313 5014 panem
1341 4935 1460 5015 quidem
1487 4935 1576 5013 hanc,

213 5052 324 5114 corpas
346 5034 468 5111 christi,
491 5036 626 5110 calicem,
647 5036 822 5114 sanquinem
834 5032 957 5112 christi,
979 5034 1026 5096 hic
1049 5035 1160 5116 legitur
1182 5033 1281 5095 aliter:
1303 5051 1422 5114 nempe,
1445 5033 1578 5112 3111331

113 5209 117 5214 ,
211 5152 303 5194 33333
326 5153 435 5216 carpas
457 5136 636 5217 3133333113.
667 5133 832 5215 Usarpatur
850 5152 971 5215 quaque
989 5133 1124 5215 verbum,
1147 5133 1212 5196 Sit:
1234 5134 1311 5196 adea
1331 5141 1363 5195 ut
1377 5133 1573 5218 rigidiuscale

1287 5237 1373 5312 35*
