4525 6034
695 587 770 661 188
1171 587 1592 667 COMMENTARIUS

689 793 825 837 summae
848 773 1034 836 admirationi
1057 780 1154 851 esset,
1182 773 1253 835 dum
1275 773 1442 853 scripturas
1465 791 1569 836 sacras
1592 776 1665 855 ipsis
1689 794 1730 837 ex
1752 773 1877 855 Coptico
1904 775 2047 856 interpre-

690 881 814 936 taretur.
858 874 905 935 Ex
927 873 973 935 his
996 872 1142 953 exemplis
1165 872 1291 953 aliisque
1313 874 1497 959 rationibus,
1527 875 1691 938 verisimile
1722 874 1843 937 omnino
1873 882 1935 952 est,
1962 877 2048 956 primo

691 992 797 1037 sacrae
819 975 989 1053 scripturae
1011 972 1157 1034 lectiones
1180 992 1197 1034 a
1221 971 1433 1034 Sacerdotibus
1464 975 1638 1036 memoriter
1667 973 1762 1037 luisse
1791 976 1996 1054 interpretatas
2021 978 2048 1038 in

690 1073 851 1137 Arabicam
872 1072 1022 1153 linguam,
1047 1078 1222 1151 antequam,
1245 1077 1279 1133 ut
1301 1070 1410 1134 lactum
1433 1079 1481 1134 est
1502 1072 1539 1134 ab
1563 1075 1647 1136 annis
1662 1083 1696 1136 ut
1713 1075 1863 1135 minimum
1878 1075 2048 1155 quingentis,

690 1173 849 1234 versiones
871 1173 957 1252 ipsae
980 1171 1150 1233 accuratius
1175 1171 1358 1251 compositae
1381 1177 1412 1234 et
1438 1190 1456 1234 a
1483 1173 1557 1234 viris
1587 1172 1684 1236 doctis
1712 1174 1882 1235 recensitae
1912 1172 1948 1234 ad
1975 1191 2050 1236 oram

692 1271 805 1335 codicis
828 1270 1009 1353 Aegyptiaci
1032 1277 1273 1350 apponerentur:
1297 1277 1387 1351 atque
1410 1269 1486 1333 adeo
1510 1270 1653 1353 deinceps
1676 1272 1749 1335 nihil
1768 1271 1978 1336 Sacerdotibus
1993 1271 2050 1335 Co-

690 1371 774 1450 ptitis
797 1389 909 1451 operae
932 1368 1102 1451 superfuit,
1134 1388 1221 1450 quam
1244 1387 1297 1431 eas
1320 1368 1442 1451 legendi
1464 1369 1565 1433 labor:
1597 1370 1678 1435 unde
1703 1373 1765 1454 jam
1794 1373 1883 1452 pauci
1905 1371 2050 1435 admodum

691 1471 897 1551 reperiuntur,
922 1470 973 1550 qui
995 1469 1186 1551 Aegyptiace
1209 1469 1314 1533 sciant.
1541 1466 1545 1473 '

777 1570 902 1632 Praeter
923 1570 1056 1630 rationes
1079 1574 1110 1628 et
1132 1569 1307 1630 autoritates
1325 1567 1433 1647 quibus
1451 1568 1647 1633 confirmatur
1660 1569 1769 1632 laetam
1791 1588 1862 1632 esse
1883 1570 1951 1632 viva
1971 1588 2049 1649 voce,

690 1686 753 1730 non
775 1689 815 1731 ex
837 1669 968 1749 scripto,
992 1665 1154 1729 lectionum
1176 1668 1472 1748 interpretationem,
1496 1670 1628 1731 occurrit
1650 1669 1729 1731 aliud
1749 1677 1956 1750 argumentum
1976 1672 2051 1750 peti-

691 1775 752 1830 tum
774 1787 814 1830 ex
836 1766 1048 1847 antiquissimis
1072 1765 1245 1831 Glossariis.
1289 1767 1321 1830 ln
1353 1766 1411 1829 illis
1442 1767 1520 1829 enim
1549 1769 1672 1850 glossae
1702 1768 1855 1832 Arabicae
1881 1787 1940 1831 non
1968 1768 2051 1831 veluti

692 1866 771 1947 apud
794 1866 929 1930 Graecos
952 1873 984 1928 et
1005 1866 1126 1928 Latinos
1151 1865 1256 1929 ordine
1269 1862 1469 1947 Alphabetlco
1493 1865 1668 1932 distributae
1692 1875 1779 1946 sunt,
1801 1887 1903 1950 neque
1919 1877 1950 1930 ut
1965 1886 2051 1949 quae-

692 1965 759 2027 dam
784 1986 839 2049 pcr
861 1973 946 2028 certa
966 1966 1085 2049 capita,
1109 1972 1142 2026 ut
1163 1966 1422 2044 nomenclatores,
1451 1974 1482 2029 et
1504 1967 1714 2044 vocabularia,
1736 1986 1842 2030 verum
1866 1970 1982 2031 omnino
2002 1987 2052 2030 se·

691 2066 819 2129 cundum
848 2080 1004 2128 sacrorum
1032 2063 1177 2127 librorum
1211 2066 1364 2144 ordinem,
1395 2065 1580 2129 difficiliores
1607 2085 1701 2130 voces
1730 2066 1934 2148 explicantur,
1964 2067 2051 2148 qualia

690 2165 781 2228 multa
804 2172 907 2228 extant
930 2164 1084 2227 Glossaria
1106 2163 1145 2225 ad
1167 2182 1284 2227 sacram
1307 2164 1492 2246 Scripturam
1514 2166 1648 2228 Latinam
1677 2167 1708 2228 in
1738 2166 1950 2246 Bibliothecis,
1981 2186 2051 2249 quae

691 2265 909 2348 explicationes
946 2264 1101 2327 continent
1133 2283 1243 2327 vocum
1278 2264 1487 2329 obscuriorum
1520 2284 1577 2347 per
1617 2267 1753 2329 notiores
1792 2274 1843 2328 aut
1873 2265 2049 2329 vernaculas.

690 2365 805 2448 Nempe
829 2364 907 2427 lacta
928 2363 979 2426 illa
1003 2370 1073 2425 tunc
1097 2362 1234 2444 luerunt,
1269 2364 1338 2426 dum
1360 2373 1441 2428 esset
1472 2364 1569 2428 adhuc
1598 2365 1704 2447 aliquis
1733 2366 1765 2427 in
1793 2366 1917 2446 Europa
1937 2365 2050 2427 Latinae

689 2465 813 2547 linguae
835 2482 926 2541 usus,
950 2461 1005 2527 sed
1024 2464 1086 2545 jam
1108 2463 1378 2544 semi-barbarae,
1402 2472 1432 2527 et
1454 2474 1486 2528 ut
1508 2468 1539 2528 in
1563 2465 1782 2546 capitularibus
1798 2464 1918 2550 Regum
1934 2473 2049 2527 nostro-

688 2584 755 2627 rum
786 2565 956 2645 appellatur
982 2564 1128 2624 Raeticae
1157 2562 1332 2641 Romanae,
1365 2566 1396 2627 in
1426 2584 1514 2646 mam
1544 2564 1686 2628 llomilias
1717 2564 1830 2647 aliquot
1864 2565 1918 2631 SS.
1944 2565 2051 2627 Petrum

691 2662 851 2727 transferri
873 2662 1085 2745 sapientissimi
1107 2663 1264 2745 Principes
1283 2664 1450 2745 jusserunt.
1496 2666 1581 2728 Tunc
1604 2665 1684 2727 enim
1707 2672 1793 2727 erant
1807 2666 1901 2727 multa
1915 2663 2052 2727 vocabula

691 2782 818 2846 quorum
841 2762 1020 2847 significatio
1044 2782 1084 2824 ex
1107 2765 1256 2825 communi
1278 2782 1419 2827 sermone
1442 2766 1531 2827 etiam
1554 2764 1701 2827 illiteratis
1729 2772 1802 2827 nota
1831 2773 1914 2827 erat:
1942 2765 2052 2827 abstru-

691 2865 773 2928 siora
795 2862 942 2944 explicari
965 2861 1141 2942 oportebat:
1164 2864 1232 2944 pari
1253 2881 1379 2945 prorsus
1401 2865 1519 2928 ratione
1542 2865 1572 2927 in
1590 2863 1728 2928 Ecclesia
1742 2865 1947 2949 Aegyptiace,
1969 2880 2050 2945 prae-

690 2963 794 3025 sertim
816 2964 846 3024 in
869 2961 1040 3040 Thebaide,
1063 2980 1115 3024 res
1138 2980 1172 3024 se
1195 2961 1335 3028 habebat.
1380 2964 1465 3027 hlulti
1487 2965 1565 3027 enim
1578 2963 1739 3029 Christiani
1761 2966 1895 3049 linguam
1909 2965 2051 3045 Copticam

691 3061 788 3124 adhuc
810 3061 992 3140 servabant,
1015 3061 1071 3123 sed
1093 3061 1268 3145 vulgarem,
1291 3070 1323 3125 et
1344 3066 1581 3146 corruptiorem,
1606 3083 1693 3145 quam
1723 3071 1756 3126 ut
1784 3065 1864 3128 illius
1893 3065 1958 3128 solo
1984 3061 2051 3125 sub·

689 3161 767 3225 sidio
790 3180 896 3225 sacrae
919 3161 1094 3244 Scripturae
1117 3164 1287 3239 versiones,
1310 3161 1471 3245 officiaque
1489 3162 1704 3227 Ecclesiastico
1727 3164 1909 3246 intelligere,
1933 3172 1981 3226 aut
1994 3161 2050 3223 aliis

691 3261 847 3343 explicare
870 3269 1006 3343 possent.
1050 3260 1083 3323 ln
1107 3261 1304 3324 Sacerdotem
1327 3262 1418 3345 igitur
1440 3265 1569 3347 gratiam
1590 3264 1743 3326 institutae
1766 3273 1835 3327 sunt
1860 3264 2051 3326 collectaneae

689 3361 759 3423 illae
781 3360 922 3445 glossae,
945 3379 1023 3442 quae
1046 3359 1186 3424 difficiles
1208 3379 1303 3424 voces
1327 3361 1530 3443 explicarent:
1553 3369 1583 3425 et
1606 3362 1682 3425 tales
1704 3371 1774 3426 sunt
1795 3363 1906 3427 multae
1922 3379 2050 3445 quasre-

690 3467 886 3542 praesentant
909 3458 1038 3522 Codices
1060 3460 1259 3542 blanuscripti
1281 3460 1485 3525 Bibliothecae
1505 3461 1630 3544 Regiae.

385 3568 424 3621 tte
442 3571 546 3641 antiqua
557 3573 678 3626 senione
777 3561 825 3623 An
848 3578 924 3622 vero
947 3560 1108 3638 antiquitus
1131 3560 1269 3622 extiterit
1291 3560 1389 3647 aliqua
1412 3561 1601 3643 Aegyptiace
1625 3563 1962 3645 Scripturarumversio
1981 3577 2050 3641 quae

367 3655 556 3725 Scripturarum
585 3657 679 3730 Aegy-
692 3659 813 3740 publice
836 3662 867 3722 in
889 3659 1035 3721 Ecclesiis
1058 3659 1230 3741 legeretur,
1253 3668 1286 3722 ut
1308 3658 1445 3723 dubitare
1466 3662 1519 3723 vix
1534 3659 1614 3741 licet,
1638 3663 1679 3724 ita
1702 3679 1740 3723 an
1764 3681 1804 3725 ex
1826 3661 1913 3725 libris
1926 3661 2051 3735 recitata,

368 3745 460 3810 lum·
692 3778 729 3822 an
753 3778 808 3839 eo,
840 3778 899 3842 quo
928 3758 1072 3838 diximus,
1102 3759 1193 3822 modo
1224 3758 1304 3821 facta
1333 3758 1423 3822 luerit
1451 3761 1520 3823 viva
1556 3759 1751 3824 Sacerdotem
1782 3779 1878 3840 voce,
1910 3761 2050 3842 conjicere

692 3860 814 3923 difficile
837 3867 893 3921 cst.
938 3858 1046 3922 lectas
1068 3858 1162 3922 fuisse
1186 3859 1306 3940 quidem
1329 3878 1366 3922 ea
1388 3859 1489 3941 lingua
1513 3864 1679 3942 scripturas
1703 3863 1775 3924 satis
1798 3860 1970 3941 probatvel
1987 3856 2050 3919 uni-

386 3966 412 4020 r.
426 3970 453 4021 2.
462 3969 493 4021 Ν.
503 3970 551 4023 Ed.
559 3989 587 4041 p.
597 3971 660 4023 276.
692 3979 759 4023 cum
782 3978 821 4022 ex
844 3958 874 4022 S.
897 3959 1020 4022 Antonii
1042 3960 1103 4021 vita
1131 3958 1313 4040 exemplum.
1359 3959 1500 4022 Testatur
1522 3961 1704 4024 Athanasius
1727 3980 1794 4024 eum
1818 3961 1918 4024 audita
1931 3960 2050 4022 lectione

691 4059 864 4143 Evangelii,
888 4068 1027 4141 tanquam
1050 4057 1146 4121 verba
1169 4059 1234 4121 illa:
1266 4058 1360 4135 Vade,
1382 4061 1478 4122 vende
1499 4064 1601 4123 omnia
1622 4081 1699 4142 quae
1719 4050 1815 4123 bobes
1837 4071 1869 4124 et
1889 4062 1931 4123 dc
1941 4077 2051 4140 paupe-

690 4162 791 4237 ra'baa,
814 4160 870 4223 soli
898 4160 955 4222 sihi
984 4160 1064 4222 dicta
1093 4158 1237 4237 tuissent,
1269 4157 1406 4221 omnihus
1436 4160 1643 4222 renunciasse.
1688 4163 1729 4224 At
1757 4162 1925 4239 Antonius,
1959 4165 1990 4220 ut
2016 4173 2050 4217 ex

691 4262 891 4342 Hieronymo,
914 4259 1062 4338 Palladio,
1085 4259 1211 4340 aliisque
1234 4259 1389 4322 autoribus
1411 4258 1599 4322 manufestum
1615 4268 1678 4337 est,
1702 4259 1818 4323 Graece
1834 4259 2004 4323 nesciebat:
2024 4261 2051 4316 et

689 4363 871 4445 peregrinos
894 4359 1104 4442 alloquebatur
1126 4377 1183 4441 per
1205 4359 1410 4440 interpretem.
1454 4358 1584 4443 lasignis
1607 4359 1657 4422 ille
1681 4378 1782 4423 sermo
1804 4362 1855 4441 qui
1879 4359 1956 4422 illius
1977 4358 2049 4418 vitae

689 4463 820 4525 insertus
842 4466 905 4539 est,
928 4460 1118 4541 Aegyptiace
1147 4458 1264 4520 habitus
1286 4457 1354 4521 tuit:
1378 4459 1534 4539 Epistolae
1556 4460 1663 4522 eadem
1684 4458 1787 4544 lingua
1809 4461 1956 4541 scriptae,
1978 4462 2048 4518 teste

689 4559 886 4642 Hieronymo.
929 4558 1062 4622 loannes
1085 4558 1320 4647 Lycopolitanus
1343 4566 1374 4621 et
1396 4558 1445 4621 alii
1467 4577 1528 4622 non
1551 4562 1639 4640 pauci
1661 4560 1819 4623 sanctitate
1830 4558 1969 4622 celebres
1986 4572 2047 4616 mo-

689 4660 793 4740 nachi,
818 4660 955 4722 Graecae
983 4677 1104 4739 quoque
1127 4658 1247 4740 linguae
1270 4658 1370 4741 ignari
1392 4657 1529 4721 luerunt:
1553 4667 1583 4721 et
1605 4660 1645 4721 ita
1667 4677 1728 4721 non
1750 4659 1846 4722 solum
1869 4658 2003 4740 plerique
2022 4655 2050 4715 iu

689 4760 803 4823 Nitriae
825 4767 856 4822 et
879 4757 977 4822 Scetis
999 4759 1207 4845 llonasteriis,
1231 4758 1286 4821 sed
1309 4757 1550 4821 Tabennesiotae
1572 4759 1603 4821 in
1618 4766 1753 4822 extrema
1773 4766 1859 4840 parte
1872 4756 2048 4831 Provinciae,

691 4868 722 4924 et
744 4862 794 4941 qui
817 4867 904 4922 erant
926 4878 966 4921 ex
987 4859 1110 4921 Antonii
1133 4856 1291 4938 disciplina
1314 4859 1344 4919 in
1366 4857 1489 4921 deserto
1513 4859 1551 4922 ad
1572 4859 1656 4921 blare
1678 4857 1811 4921 Rubrum
1830 4859 1972 4934 Ascetae‚
1993 4869 2047 4915 non

690 4961 748 5021 nisi
770 4960 960 5041 Aegyptiace
989 4958 1206 5038 loquebantur:
1229 4965 1328 5020 tamen
1351 4958 1381 5020 in
1404 4958 1543 5021 continua
1566 4958 1731 5040 psalmodia
1760 4966 1791 5021 et
1819 4958 1949 5021 lectione
1975 4952 2048 5016 scri-

581 5109 587 5129 .
691 5067 863 5140 pturarum,
879 5054 961 5141 'quas
982 5058 1067 5120 multi
1089 5059 1234 5121 memoria
1256 5056 1408 5137 tenebant,
1432 5058 1497 5121 dies
1519 5066 1686 5140 noctesque
1708 5060 1878 5142 transigere
1902 5062 1985 5121 erant
1998 5068 2047 5115 so-
