4525 6034
551 605 582 683 S.
607 603 803 682 ioannis
828 603 1190 682 EVANGELISTAE.
1475 605 1549 679 169

201 816 284 882 mus,
309 801 342 865 et
365 791 536 865 laudamus
562 802 614 882 te,
639 794 906 888 unigenitumque
930 789 1050 864 Filium
1080 800 1187 880 tuum,
1218 800 1253 863 et
1277 790 1434 889 Spiritum
1460 802 1548 864 mum

201 914 305 984 virum
331 920 366 981 ot
390 917 548 982 sancum.

295 1024 456 1119 Populus.
482 1027 601 1098 Amen.

295 1141 479 1214 Sacerdos.
506 1139 589 1214 Pax.

294 1258 455 1352 Populus.
480 1257 524 1330 Et
550 1282 624 1331 enm
650 1260 765 1354 spiritu
790 1267 857 1330 tuo.

296 1373 480 1446 Sacerdos.
507 1373 558 1446 'l'e
574 1374 705 1447 Christe
717 1372 809 1447 Deus
827 1384 960 1464 noster,
988 1373 1175 1462 adoramus,
1201 1371 1371 1446 laudamus
1389 1383 1423 1444 et
1439 1372 1551 1466 glori-

199 1490 338 1581 ficamus,
366 1492 583 1588 deprecantes
598 1489 779 1564 bonitatem
793 1501 827 1562 et
851 1490 1112 1565 misericordiam
1138 1500 1242 1581 tuam,
1268 1512 1330 1586 pro
1357 1488 1551 1564 liberatione

199 1617 230 1680 et
254 1607 359 1681 salute
385 1609 483 1681 totius
509 1607 638 1680 mundi:
663 1630 726 1704 pro
752 1605 901 1680 custodia
933 1610 1137 1698 virentium,
1169 1615 1203 1678 et
1235 1609 1345 1702 quiete
1372 1604 1551 1679 debrncto-

197 1747 265 1797 mm
295 1725 454 1798 bdelium:
490 1748 551 1821 pro
594 1727 764 1798 saturitate
801 1726 1031 1814 esurientium,
1063 1734 1097 1796 et
1130 1722 1284 1794 alimento
1316 1724 1551 1795 necessitatem

196 1844 397 1936 patientium:
424 1864 486 1939 pro
512 1842 699 1914 visitatione
724 1839 940 1925 infirmorum,
974 1850 1008 1912 et
1033 1837 1262 1913 consolatione
1294 1842 1437 1911 omnium
1464 1837 1552 1910 ailli-

197 1967 332 2031 ctorum.
383 1958 435 2031 Tu
460 1961 560 2051 igitur
585 1980 647 2053 per
672 1959 810 2050 gratiam
839 1965 926 2028 tuam
951 1959 1068 2043 visita,
1094 1966 1128 2026 et
1153 1954 1286 2027 vivifica
1319 1977 1380 2051 per
1405 1960 1550 2028 misera-

197 2075 302 2147 tiones
330 2085 404 2147 tuas
429 2073 564 2146 mnus:
591 2083 625 2146 et
649 2071 790 2145 benedic
809 2071 963 2169 populum
977 2081 1082 2144 tuum:
1110 2069 1304 2166 custodique
1317 2069 1551 2143 haereditatem

197 2198 281 2263 tuam
308 2215 371 2288 per
397 2213 527 2263 crucem
554 2199 643 2261 tuam
668 2192 855 2261 victricem:
883 2191 959 2283 quia
986 2186 1044 2260 tibi
1071 2185 1210 2260 debetur
1226 2186 1387 2275 adoratio,
1414 2197 1448 2259 et
1461 2188 1553 2260 Patri

197 2317 269 2397 uo,
295 2317 332 2380 et
357 2308 491 2403 Spiritui
517 2308 618 2393 vivo,
645 2327 732 2376 nune
758 2314 792 2376 et
817 2326 958 2400 semper.

364 2979 447 3105 'n
476 3009 671 3108 oomns
702 3010 1056 3106 nvnnesnsrnn
1088 3013 1346 3108 sunnone
1436 3086 1438 3088 J

790 3219 962 3305 noras.

293 3458 444 3537 Panassa
467 3470 552 3531 istam
581 3466 744 3552 liturgiam
773 3468 852 3531 nulla
880 3468 938 3532 boc
968 3469 1053 3533 titulo
1083 3470 1162 3551 apud
1189 3472 1358 3537 orientales
1387 3483 1469 3538 extat
1499 3494 1556 3540 una

200 3583 332 3658 excepta
353 3573 541 3655 Aethiopica,
565 3590 642 3652 quae
665 3589 731 3634 cum
753 3574 810 3634 ista
832 3590 987 3636 commune
1008 3573 1078 3637 nibil
1100 3574 1201 3652 babet,
1224 3594 1290 3638 eum
1312 3577 1410 3641 Ritum
1419 3579 1557 3643 Alexan-

198 3677 314 3741 drinum
337 3680 495 3754 sequatur:
517 3672 573 3734 ista
596 3671 762 3754 Syriacum.
806 3670 881 3735 Cum
909 3691 985 3736 vero
1012 3674 1116 3754 plores
1146 3675 1327 3739 Antiocheni
1354 3676 1556 3744 Jacobitarum

197 3773 390 3838 Patriarobae
411 3771 535 3835 loannis
557 3789 666 3834 nomen
688 3771 858 3849 habuerint,
887 3771 975 3834 facile
997 3771 1051 3834 init
1073 3780 1105 3835 ut
1125 3772 1339 3857 Evangelistae
1362 3777 1464 3843 titulus
1486 3781 1556 3843 buic

198 3873 352 3958 liturgiae
374 3870 527 3934 ornandae
548 3870 749 3950 adhiberetur,
773 3890 859 3951 quem
882 3870 1015 3952 praefert
1041 3873 1071 3934 in
1098 3873 1253 3954 permultis
1281 3874 1450 3956 codicibus,
1479 3896 1556 3959 quos

197 3972 323 4036 Romani
346 3971 479 4034 editores
502 3972 597 4032 secuti
626 3977 703 4035 sunt.
753 3971 812 4033 Sed
840 3969 897 4032 hoc
925 3989 1029 4053 pamm
1061 3970 1171 4050 reiert,
1202 3992 1268 4035 oum
1298 3976 1335 4037 ab
1363 3976 1555 4061 Evangelista

197 4075 341 4154 scriptam
362 4070 441 4133 iilam
464 4088 523 4133 non
546 4069 650 4146 fuisse,
672 4072 868 4133 certissimum
891 4069 939 4133 sit.
972 4070 1078 4134 Nolam
1099 4090 1175 4134 vero
1198 4071 1309 4135 dudum
1331 4075 1410 4137 inter
1431 4075 1556 4139 Jacobi-

196 4178 242 4234 tas
266 4169 372 4248 luisse,
395 4178 519 4250 praeter
540 4169 658 4252 antiqua
678 4171 871 4252 exemplaria,
892 4170 1022 4252 probant
1035 4180 1199 4253 excerptae
1212 4190 1251 4234 en
1274 4172 1380 4236 eadem
1402 4176 1555 4238 orationes

197 4270 311 4352 aliquot
331 4271 362 4332 in
383 4259 517 4352 Liturgia
547 4288 623 4352 quae
654 4270 761 4334 dicitur
782 4271 944 4334 Doctorum
966 4277 1155 4349 sanctorum,
1178 4289 1194 4332 a
1216 4272 1333 4335 loanne
1363 4273 1473 4355 blegne
1495 4275 1574 4336 Pa·'

197 4370 329 4432 triaroba
351 4370 541 4433 Antiocheno
564 4390 604 4433 ex
626 4370 753 4434 diversis
782 4372 846 4434 aliis
869 4370 1005 4434 collecta.
1049 4368 1230 4452 interpolata
1260 4390 1321 4435 non
1351 4374 1446 4435 minus
1468 4390 1556 4453 mam

198 4469 335 4552 reliquae
357 4467 421 4549 luit,
444 4468 628 4533 inhumana
651 4470 792 4550 editione,
815 4471 931 4534 duobus
958 4468 1051 4558 lupis,
1081 4489 1189 4552 nempe
1219 4471 1249 4533 in
1276 4470 1370 4535 iorma
1397 4471 1556 4535 verborum

199 4567 322 4645 Christi,
343 4577 375 4631 et
396 4569 426 4631 iu
448 4568 641 4633 lnuocatione
663 4571 790 4652 Spiritus
812 4570 920 4633 sancti:
951 4588 1054 4631 veram
1075 4569 1236 4634 lectionem
1257 4572 1287 4633 in
1309 4572 1556 4654 interpretatione

196 4669 382 4731 restituimus
404 4687 444 4731 er
467 4667 625 4733 codicibus
648 4669 719 4734 liss.
747 4671 873 4751 antiquis
903 4667 1107 4753 Seguierianis
1130 4679 1161 4733 et
1183 4670 1375 4750 Colbertinis,
1398 4672 1555 4734 recentio-

197 4766 282 4838 ribus
304 4787 424 4851 quoque
446 4768 606 4849 nonnuliis,
629 4777 660 4833 et
681 4777 784 4833 nostro
807 4771 857 4851 qui
878 4770 1005 4832 vetustis
1027 4770 1128 4833 similis
1152 4777 1207 4834 est.
