4525 6034
496 1351 576 1440 lo
619 1349 1001 1441 rrroncrln
1042 1350 1314 1442 rollum

643 1566 1165 1686 OBSElttlllb.

313 1960 423 2039 Lorne
446 1972 583 2034 oratione
606 1989 666 2034 non
693 1989 771 2052 opus
794 1978 841 2033 cst
864 1970 900 2032 ad
924 1971 1011 2033 istius
1033 1971 1187 2054 liturgiae
1209 1972 1370 2034 novitatem
1393 1971 1589 2052 probandam,

215 2094 283 2139 cum
306 2076 379 2138 satis
402 2076 468 2155 ipsa
490 2091 525 2136 se
549 2072 667 2153 prodat.
712 2072 804 2135 Stilus
826 2072 904 2135 enim
928 2075 1104 2155 synonymis
1139 2081 1170 2136 ct
1192 2073 1332 2155 epithetis
1361 2073 1480 2136 inllatus
1511 2075 1590 2139 ultra

214 2174 344 2253 modum,
367 2180 457 2236 natae
479 2171 649 2235 infelicibus
672 2172 801 2235 saeculis
824 2172 1016 2253 eloquentiae
1029 2174 1125 2255 magis
1137 2174 1289 2249 convenit,
1313 2190 1401 2253 quam
1417 2174 1589 2253 primaevae

213 2272 464 2353 Apostolicorum
486 2278 655 2351 temporum
690 2270 882 2352 simplicitati,
905 2289 993 2353 quam
1015 2270 1147 2354 genuina
1170 2270 1282 2353 ignatii·
1304 2270 1446 2353 Martyris
1476 2274 1589 2354 scripta

170 2439 176 2450 ,
215 2377 456 2452 repraesentant.
502 2369 554 2431 llla
578 2369 657 2450 apud
681 2369 776 2451 Syros
798 2369 916 2452 vulgari
945 2387 1000 2431 sua
1022 2369 1125 2452 lingua
1149 2368 1220 2432 olim
1242 2369 1377 2432 extitisse
1400 2369 1509 2432 docent
1531 2389 1589 2434 nos

213 2471 306 2533 multa
335 2488 375 2531 ex
404 2469 463 2531 illis
494 2469 678 2546 testimonia,
709 2486 786 2549 quae
815 2470 845 2530 in
875 2467 960 2530 libris
991 2468 1188 2549 theologicis
1220 2475 1400 2546 occurrunt,
1429 2469 1484 2536 sed
1515 2487 1589 2549 prac

213 2569 345 2632 caeteris
369 2576 515 2649 excerpta
538 2569 667 2649 exejus
690 2569 831 2650 genuinis
860 2566 1004 2648 Epistolis
1033 2584 1094 2629 non
1123 2584 1241 2647 pauca,
1275 2584 1354 2646 quae
1385 2565 1589 2630 conciliorum

215 2667 389 2730 Canonibus
420 2666 559 2748 adjuncta
589 2667 783 2747 reperiuntur
812 2668 842 2728 in
870 2674 988 2729 vetusta
1023 2667 1164 2728 versione
1191 2665 1331 2745 Syriaca,
1363 2683 1451 2746 mam
1483 2665 1590 2729 Codex

213 2766 372 2829 blediceus
402 2766 648 2828 membranaceus
680 2773 897 2845 repraesentat
956 2763 1080 2827 Addidit
1113 2765 1283 2844 interpres,
1318 2763 1385 2825 illas
1420 2767 1588 2827 sententies
1705 2833 1709 2844 ,

211 2864 308 2948 yulgo
339 2866 418 2950 inter
448 2862 589 2927 Canones
616 2880 676 2925 non
704 2863 832 2938 reterri,
867 2881 972 2926 verum
1007 2883 1047 2926 en
1076 2866 1196 2925 nomino
1223 2862 1298 2924 tanti
1326 2863 1401 2938 viri,
1431 2864 1586 2945 aequalem

215 2963 437 3045 quodammodo
460 2962 574 3025 habere
597 2964 798 3027 autoritatem.
849 2962 970 3025 Factam
993 2980 1063 3023 csse
1085 2981 1124 3024 ex
1148 2961 1267 3042 optimis
1299 2959 1460 3025 Codicibus
1491 2963 1589 3024 inter-

214 3063 416 3143 pretationem
438 3061 520 3123 illam
543 3063 731 3142 agnovimus,
762 3070 793 3124 et
819 3062 856 3123 ab
880 3068 987 3123 autore
1011 3060 1193 3141 quicumque
1221 3058 1321 3122 luerit‘
1342 3078 1402 3123 non
1434 3062 1589 3142 imperito:

214 3168 278 3223 tum
301 3161 373 3222 illud
397 3162 486 3222 ctiam
510 3160 772 3223 animadversione
795 3160 917 3240 dignum
947 3158 1187 3237 observavimus,
1210 3158 1332 3221 codices
1354 3159 1453 3235 illum,
1477 3161 1596 3234 similes,

214 3259 389 3322 Florentino
412 3258 456 3321 illi
478 3258 678 3321 celeberrimo
701 3258 896 3339 quolatinus
923 3261 1074 3339 interpres
1097 3275 1170 3319 usus
1193 3256 1302 3334 luerat,
1325 3266 1461 3321 secutum
1484 3257 1589 3335 luisse,

213 3375 273 3420 nec
296 3357 379 3436 alias,
404 3358 461 3419 nisi
484 3375 574 3419 veras
597 3356 749 3437 Epistolas
773 3357 946 3438 agnovisse.
991 3357 1033 3418 At
1055 3356 1136 3419 nulla
1159 3365 1282 3437 praeter
1303 3354 1500 3419 Jacobiticam
1520 3358 1590 3419 hn-

213 3456 385 3519 tiocbenam
407 3455 585 3532 Ecclesiam,
609 3456 711 3518 habuit
733 3456 790 3518 huc
822 3474 918 3536 usque
945 3455 1110 3539 liturgiam
1133 3454 1251 3538 lgnatio
1273 3454 1459 3517 attributam:
1490 3473 1588 3536 neque

214 3555 254 3617 de
278 3557 334 3618 ista
357 3553 519 3635 quidquam
541 3553 620 3617 aliud
643 3556 780 3639 cogitare
810 3573 980 3636 possumus,
1004 3555 1062 3617 nisi
1084 3554 1165 3635 quod
1188 3555 1227 3617 ab
1249 3555 1350 3635 aliquo
1372 3556 1497 3636 scripta,
1521 3572 1588 3616 curn

195 3653 400 3734 vsingularem
424 3653 539 3715 titulum
561 3671 621 3716 non
644 3653 827 3734 praeterret,
861 3662 1003 3735 essetque
1026 3651 1237 3716 Antiochense
1266 3654 1424 3716 Ecclesiae
1452 3653 1588 3733 propria,

212 3752 322 3835 ignatii
344 3771 465 3829 nomen,
489 3760 628 3833 tanquam
658 3753 737 3815 illius
767 3754 894 3835 insignis
928 3753 1071 3833 Episcopi
1095 3754 1258 3833 acceperit.
1307 3752 1406 3816 Potuit
1434 3753 1521 3814 etiarn
1551 3753 1588 3814 ab

213 3852 316 3933 aliquo
339 3851 456 3932 lgnatio
479 3853 592 3933 scripta
615 3851 720 3929 luisse,
742 3854 794 3933 qui
816 3852 896 3915 illam
925 3851 1029 3914 sedern
1052 3854 1197 3930 tonuerit,
1228 3851 1342 3932 aliquot
1364 3851 1443 3913 enirn
1466 3852 1506 3913 ita
1529 3868 1588 3930 ap-

213 3951 318 4032 pellati
341 3958 421 4027 sanat,
445 3952 524 4013 inter
547 3948 751 4013 Jacobitarum
773 3951 972 4029 Patriarcbas,
995 3959 1026 4013 et
1049 3951 1238 4012 librariorum
1262 3951 1350 4031 culpa
1366 3950 1403 4011 ad
1424 3950 1588 4032 Martyrern

212 4049 335 4124 reterri,
358 4067 436 4130 quac
459 4050 533 4112 novi
555 4049 681 4112 bominis
704 4048 792 4112 loret
843 4051 903 4112 Sed
927 4050 997 4131 quid
1021 4049 1059 4112 dc
1081 4050 1249 4111 istiusmodi
1278 4049 1371 4111 titulis
1400 4049 1588 4111 statuendum

213 4149 263 4226 sit,
287 4157 428 4230 quantum
453 4167 530 4229 opus
554 4157 630 4225 erat,
655 4147 834 4211 dictumest
858 4149 938 4212 alibi.

301 4247 334 4309 ln
357 4248 412 4309 ista
435 4247 553 4329 quidern
576 4247 711 4331 liturgia
743 4247 1020 4329 blonophysitarum
1048 4247 1215 4310 haerescos
1243 4265 1281 4309 ne
1310 4247 1492 4309 levissimum
1519 4246 1589 4326 qui-

215 4346 285 4407 dem
316 4347 477 4429 vestigium
505 4345 758 4426 deprehenditur,
787 4366 865 4428 quae
888 4347 1027 4427 majoris,
1060 4363 1148 4425 quam
1178 4347 1381 4409 eusthnamus
1407 4346 1589 4426 antiquitatis

212 4453 296 4522 nota,
319 4444 488 4507 verisimilis
511 4444 607 4506 videri
630 4446 777 4526 aliquibus
791 4452 907 4526 posset
944 4445 1117 4507 Meminisse
1138 4452 1236 4506 tamen
1259 4452 1391 4526 oportet,
1415 4443 1494 4523 quod
1517 4442 1588 4505 alibi

217 4541 413 4606 observatum
434 4551 492 4620 est,
516 4543 688 4606 rarointer
709 4544 863 4608 Jacobitas
887 4543 993 4625 Syros,
1016 4542 1178 4626 liturgicis
1201 4544 1362 4623 precibus,
1393 4560 1429 4605 ca
1452 4560 1529 4622 quae
1553 4539 1590 4602 ad

214 4658 290 4702 suae
320 4642 358 4704 de
388 4642 603 4705 incarnationis
642 4646 787 4723 mysterio
815 4642 971 4705 doctrinae
1001 4642 1255 4704 confirmationem
1293 4643 1460 4722 pertinent,
1496 4641 1589 4701 inseri

214 4738 328 4803 solere.
373 4740 452 4804 Solis
473 4741 635 4824 Aegyptiis
658 4742 812 4823 proprium
835 4741 908 4804 illud
931 4740 996 4820 luit,
1019 4743 1070 4822 qui
1088 4740 1281 4804 Conlessioni
1303 4740 1341 4802 dc
1364 4740 1492 4801 veritate
1516 4754 1585 4799 cor·

214 4839 300 4918 poris
324 4847 355 4901 et
377 4840 533 4922 sanguinis
556 4839 667 4903 Christi
689 4840 719 4902 in
743 4840 940 4920 Eucharistia,
965 4840 1089 4903 alteram
1119 4840 1158 4902 de
1185 4858 1244 4901 una
1275 4841 1305 4900 in
1328 4837 1449 4901 Christo
1480 4844 1587 4899 natura

215 4938 450 5018 conjunxerunt.
494 4939 599 5019 ltaque
622 4940 702 5021 quod
725 4940 796 5002 nihil
823 4940 862 5002 ad
889 4958 954 5002 eam
985 4940 1140 5021 pertinens
1170 4940 1200 5001 in
1228 4938 1286 5000 ista
1315 4937 1423 5020 ignatii
1451 4936 1588 5017 liturgia

213 5040 397 5117 reperiatur,
421 5038 458 5100 ad
482 5038 560 5100 illius
583 5041 789 5121 antiquitatem
805 5038 992 5120 probandam
1008 5037 1118 5102 nullius
1141 5036 1283 5100 momenti
1305 5042 1363 5116 est,
1386 5053 1454 5099 cum
1477 5051 1590 5098 recen-
