4525 6034
664 582 742 656 240
934 638 937 642 ·
1134 576 1566 657 COMMENTARIUS

666 766 793 849 intelligi
815 774 917 848 potest
939 763 1130 829 considerata
1159 764 1254 827 torma
1286 762 1452 826 oblatarum
1480 757 1694 836 Orientalium,
1724 775 1849 838 quarum
1878 754 2034 838 imaginem

667 864 748 927 dedit
769 865 818 926 vir
846 863 1038 928 Clarissimus
1060 862 1194 926 Jacobus
1217 860 1391 926 sirmondum
1420 860 1450 921 in
1480 857 1696 938 Disquisitione
1726 855 1765 918 de
1787 857 1916 937 doymo.
1967 855 2036 917 Suut

667 964 745 1026 euim
768 963 838 1026 illae
859 970 963 1025 sectae
986 960 1225 1043 quodammodo,
1255 959 1355 1022 multis
1385 965 1416 1019 et
1445 958 1537 1019 variis
1561 962 1623 1018 tum
1644 955 1749 1032 lineis,
1777 960 1839 1014 turn
1868 952 2036 1031 cruciculis,

667 1079 745 1143 quae
768 1062 850 1125 terro
873 1063 1024 1141 impresso
1048 1061 1088 1122 ita
1110 1060 1276 1136 sulcantur,
1300 1064 1334 1120 ut
1355 1062 1419 1119 tota
1430 1055 1529 1119 oblata
1550 1054 1639 1117 lacile
1661 1052 1761 1136 frangi
1773 1051 1881 1133 possit,
1904 1067 2038 1130 eaquaru

669 1159 792 1222 Gabriel
814 1159 958 1224 describit
979 1161 1105 1224 ratione.
1151 1159 1251 1221 Media
1274 1164 1373 1219 auteur
1395 1172 1468 1236 pars
1491 1173 1529 1217 ea
1550 1161 1598 1217 est
1620 1171 1698 1235 quae
1721 1152 1867 1234 majorem
1895 1157 1946 1212 aut
1968 1167 2037 1211 cru-

669 1276 745 1336 cem,
769 1266 819 1321 aut
841 1259 967 1341 liguram
988 1259 1096 1320 habet:
1130 1274 1200 1319 nam
1222 1263 1350 1335 utraque
1370 1254 1489 1315 ratioue
1511 1250 1689 1331 formantur,
1712 1257 1743 1314 et
1764 1252 1823 1313 uisi
1844 1247 2038 1312 vehementer

668 1358 812 1419 memoria
835 1375 891 1421 uos
914 1356 998 1435 fallit,
1021 1374 1082 1418 uon
1103 1354 1192 1417 modo
1216 1354 1327 1430 crucis,
1348 1351 1404 1415 sed
1427 1352 1504 1414 aliae
1524 1352 1614 1414 etiam
1626 1350 1744 1435 figurae
1759 1346 2056 1448 aliquandoolrlatisx

668 1455 922 1534 imprimebantur.
967 1452 1088 1535 Operae
1110 1454 1238 1533 pretium
1260 1452 1318 1514 erit
1340 1449 1474 1531 adjicere
1497 1468 1537 1511 ex
1559 1448 1725 1511 Ritualibus
1745 1447 1870 1510 aliarum
1883 1444 2038 1508 Ecclesia-

669 1571 736 1615 rum
750 1552 900 1633 quomodo
918 1552 1038 1616 Fractio
1056 1559 1087 1614 et
1110 1550 1300 1634 consignatio
1318 1547 1398 1629 apud
1417 1547 1626 1626 Nestoriauos,
1648 1554 1680 1609 et
1693 1544 1848 1609 Jacobitas
1864 1546 1959 1624 Syros
1974 1541 2038 1604 lieri

670 1651 777 1716 soleat.
800 1650 833 1713 ln
846 1651 982 1735 Liturgia
995 1649 1187 1727 Nestoriana,
1210 1666 1287 1730 quae
1310 1654 1481 1709 sanctorum
1493 1646 1710 1727 Apostolorum
1732 1644 1850 1707 dicitur.
1881 1642 2040 1704 Oserdotur

670 1749 826 1812 Sacerdos
847 1751 977 1811 testium
997 1751 1030 1810 iu
1051 1749 1173 1810 modum
1195 1750 1314 1821 mucis,
1340 1749 1386 1808 ito
1408 1755 1518 1822 temen,
1539 1754 1574 1808 ut
1593 1746 1637 1806 nd
1657 1744 1741 1806 iabin
1761 1761 1820 1805 mua
1840 1760 1903 1803 non
1930 1740 2039 1818 odjum

670 1856 733 1928 put,
755 1849 810 1909 sed
832 1865 899 1908 eum
920 1849 1010 1927 quaesi
1031 1847 1186 1909 comatur
1208 1853 1239 1908 et
1258 1846 1386 1923 masupit
1405 1852 1533 1925 utruque
1554 1862 1662 1906 munau
1685 1841 1841 1904 condicit.
1863 1838 2040 1901 Accedinms

670 1943 799 2006 Domine
819 1965 887 2008 cum
907 1947 967 2024 fide
987 1964 1074 2020 uere,
1096 1951 1127 2005 et
1144 1945 1317 2024 [rumpimus
1338 1961 1406 2004 eum
1417 1941 1599 2005 Ormadoco
1612 1940 1811 2020 confessione,
1833 1940 2040 2019 musasque

667 2061 727 2120 per
747 2044 990 2106 misericordium
1011 2051 1103 2118 mom,
1126 2060 1238 2121 corpus
1259 2048 1290 2103 et
1302 2043 1477 2121 scopatum
1487 2041 1611 2102 Donniui
1631 2039 1707 2101 Jeme
1728 2037 1850 2113 Christi,
1872 2039 1954 2099 citae
1974 2035 2041 2095 lar-

670 2142 788 2220 piloris,
809 2145 842 2204 in
863 2143 982 2204 momine
1002 2141 1109 2203 Putris
1130 2148 1162 2202 et
1178 2140 1250 2201 Filii
1270 2147 1299 2201 ct
1319 2138 1452 2218 Spiritus
1473 2140 1580 2201 sancti
1612 2139 1739 2218 Frumpit
1758 2138 1889 2199 nocuum
1909 2136 1943 2196 iu
1964 2134 2041 2195 duos

622 2303 624 2310 .
668 2245 786 2317 paries,
808 2240 985 2319 deponitque
1004 2248 1138 2318 purten,
1162 2257 1251 2318 mmm
1272 2256 1365 2299 manu
1386 2238 1513 2300 nussum
1534 2243 1622 2312 tenet,
1644 2237 1677 2297 in
1698 2236 1808 2298 nitoris
1836 2252 1960 2308 mursa,
1987 2233 2041 2305 ita,

670 2344 706 2398 ut
723 2337 865 2416 fructura
887 2339 951 2417 mats
972 2338 1119 2416 respiciat
1140 2318 1176 2398 os
1197 2336 1321 2397 cauam:
1343 2336 1500 2416 sipmotque
1513 2342 1634 2414 partem
1655 2353 1745 2415 mium
1766 2334 1879 2396 decue
1901 2338 1989 2404 terret
2011 2333 2043 2390 in

673 2433 780 2508 culice,
802 2435 834 2493 in
856 2454 914 2514 quo
936 2436 1086 2515 immerpit
1106 2436 1224 2497 tertium
1246 2435 1311 2511 pits
1329 2439 1448 2511 purtem
1469 2439 1500 2494 et
1519 2434 1602 2496 dicit.
1656 2432 1800 2516 Signatur
1820 2431 1945 2513 sanguis
1967 2447 2042 2509 pre-

672 2532 769 2594 tiosus
799 2533 939 2612 corporis
960 2533 1088 2610 vivifici,
1116 2532 1237 2594 Domini
1259 2532 1355 2594 nostri
1376 2529 1450 2593 Jesu
1473 2530 1602 2608 Claristl,
1631 2532 1661 2594 in
1689 2533 1811 2594 nomine
1840 2531 1954 2606 Patris,
1984 2535 2041 2589 etc.

672 2633 714 2695 Et
731 2641 839 2714 postea
861 2651 902 2693 eu
925 2633 1031 2693 eodem
1047 2631 1203 2710 particula
1225 2633 1327 2711 sipost
1348 2649 1475 2710 corpus,
1505 2638 1535 2693 et
1556 2631 1640 2707 dicit,
1671 2629 1814 2711 Signatur
1836 2643 1948 2709 corpus
1971 2644 2043 2689 san-

673 2739 753 2794 ctum
774 2729 921 2813 sauguine
944 2729 1155 2809 propitiatorio
1177 2728 1296 2790 Domini
1318 2729 1415 2792 nostri
1435 2727 1634 2794 JesuChristi
1657 2728 1830 2791 innomine
1853 2728 1961 2805 Patris,
1984 2732 2042 2789 etc.

673 2829 744 2892 Tum
758 2830 872 2909 occipit
888 2835 1007 2906 partam
1028 2845 1106 2906 quoe
1127 2845 1221 2906 super
1241 2834 1416 2903 memsuest,
1438 2846 1531 2890 marm
1551 2829 1689 2903 sinismu,
1711 2846 1836 2908 eamque
1857 2828 1948 2889 alteri
1962 2844 2043 2906 por-

671 2929 783 2991 timtae
803 2928 848 2989 ita
870 2927 1032 3006 comumpit,
1053 2927 1144 3005 quasi
1162 2923 1284 3003 fructae
1304 2944 1366 2988 mom
1387 2934 1496 3002 essent,
1518 2933 1549 2988 et
1569 2926 1652 2989 dicit.
1699 2925 1868 3010 segregata
1897 2933 1928 2988 et
1958 2942 2040 2987 coru-

671 3028 757 3089 mista
780 3034 850 3089 suut
872 3024 948 3088 haec
969 3024 1114 3105 mysteria
1139 3041 1228 3085 uuum
1251 3043 1318 3087 curu
1350 3024 1477 3088 alteros
1492 3025 1523 3086 in
1552 3025 1661 3105 quibam
1690 3024 1798 3087 ritibus
1827 3026 1947 3106 integra
1977 3041 2041 3086 cum

673 3123 806 3207 Copticis
835 3131 962 3205 apparet
992 3121 1195 3185 conformitas.
1250 3121 1285 3184 lu
1313 3122 1382 3186 Ritu
1414 3122 1611 3202 Maronitico,
1642 3125 1708 3186 sive
1736 3123 1837 3204 potius
1864 3122 2042 3187 Jacobitico.

673 3223 847 3298 Credimus,
876 3220 1049 3303 offerimus,
1076 3220 1272 3300 obsr'pnumus
1304 3229 1334 3283 et
1359 3222 1529 3303 [rumpimus
1555 3221 1784 3285 Euodumssstiam
1811 3223 1907 3298 huuc,
1934 3241 2044 3302 pumen

673 3324 841 3397 coetestem,
864 3339 976 3400 corpus
1004 3319 1095 3381 Verbi
1114 3318 1174 3380 Dei
1193 3320 1267 3394 cici,
1289 3321 1321 3381 in
1343 3321 1440 3383 calice
1461 3322 1569 3383 suiuus
1591 3329 1621 3382 et
1639 3323 1814 3401 prutimum
1834 3323 1975 3397 ceticius,
1997 3324 2044 3384 si·

672 3440 802 3502 pmumus
809 3420 995 3500 perfectione
1003 3419 1233 3498 propitiatorio,
1255 3420 1464 3500 mysteriisque
1482 3419 1851 3499 omlimibusplcmissima,
1873 3421 1906 3480 in
1926 3422 2045 3482 nomine

674 3519 789 3593 Putris,
812 3527 867 3581 etc.
911 3515 946 3579 lu
968 3518 1034 3580 aliis
1057 3515 1212 3579 codicibus
1241 3535 1281 3580 ex
1309 3533 1346 3579 ea
1369 3518 1515 3598 particula
1545 3535 1623 3598 quae
1650 3519 1682 3579 in
1711 3516 1806 3580 calice
1835 3518 1959 3580 inuncta
1987 3525 2043 3597 cst,

674 3615 741 3678 lieri
762 3616 949 3697 praecipitur
970 3616 1161 3697 consignatio
1190 3632 1283 3694 super
1311 3614 1384 3677 alias
1413 3623 1531 3695 partes,
1559 3614 1727 3696 diciturque
1755 3615 1859 3694 simul,
1885 3616 2045 3697 &uspiam

675 3716 800 3794 sanquis
821 3714 944 3778 Domini
970 3715 1071 3776 nostri
1096 3712 1172 3775 iesu
1200 3711 1314 3774 Christi
1339 3730 1431 3792 super
1458 3732 1568 3793 corpus
1597 3717 1662 3794 ejus
1689 3723 1840 3790 sunctum,
1869 3716 1902 3776 iu
1927 3716 2045 3778 nomioe

674 3812 788 3886 Patris,
810 3820 866 3875 etc.
909 3811 1011 3893 Atque
1033 3811 1081 3873 lric
1105 3819 1152 3873 est
1173 3811 1248 3874 ritus
1272 3828 1360 3891 quem
1390 3811 1528 3892 plerique
1556 3821 1668 3875 vocant
1695 3814 1953 3893 consipuutiomm
1981 3812 2045 3874 So-

675 3919 906 3988 crnmemtorum,
928 3929 1037 3992 nempe
1059 3910 1129 3990 quia
1152 3919 1222 3990 post
1243 3910 1450 3988 Fractionem,
1474 3929 1514 3973 ex
1534 3910 1685 3992 particula
1708 3918 1887 3974 consecrata
1908 3913 2047 3994 signatur

675 4009 764 4088 calin,
789 4016 819 4072 et
841 4028 881 4072 ex
903 4009 1010 4072 eadem
1031 4010 1155 4071 intincta
1178 4011 1375 4092 consignatur
1404 4010 1491 4090 panis
1513 4016 1643 4072 mutatus
1666 4011 1696 4072 in
1719 4026 1831 4090 corpus
1854 4008 1984 4088 Christi,
2011 4018 2047 4072 ut

673 4109 715 4171 ita
738 4106 815 4170 duae
838 4110 958 4190 species
982 4109 1214 4190 coniungantur,
1238 4114 1269 4170 et
1291 4109 1426 4187 quamvis
1449 4109 1581 4186 divisae,
1603 4109 1692 4172 unius
1715 4107 1911 4190 ejusdemque
1935 4108 2046 4171 Christi

675 4224 786 4287 corpus
809 4225 879 4269 esse
902 4214 934 4268 et
956 4210 1145 4288 sauguinem,
1168 4224 1225 4287 per
1235 4205 1466 4270 Ecclesiasticus
1483 4209 1689 4270 caeremonias
1702 4207 1934 4272 demonstretur.
1957 4204 2045 4288 lpsae

677 4322 751 4386 quas
774 4304 833 4366 hoc
855 4303 924 4367 loco
948 4303 1088 4384 Coptitae
1110 4304 1286 4383 observant,
1309 4314 1340 4368 et
1363 4323 1489 4387 quarum
1511 4306 1623 4369 sindles
1639 4306 1750 4369 habent
1763 4306 1921 4369 Ecclesiae
1934 4305 2048 4368 Orien·
2141 4295 2147 4314 '

676 4403 749 4466 tales
772 4422 870 4484 prope
894 4422 1009 4482 comes,
1031 4421 1093 4466 non
1116 4422 1156 4466 ex
1178 4405 1384 4467 communibus
1407 4403 1590 4468 Graecorum
1603 4405 1746 4487 liturgiis
1768 4405 1871 4468 Basilii
1892 4413 1923 4466 et
1945 4404 2047 4486 Chry-

677 4503 803 4565 sostomi
825 4510 970 4582 acceptae
1001 4510 1087 4580 sunt,
1116 4502 1173 4565 sed
1202 4521 1241 4564 ex
1267 4503 1374 4566 Jacobi
1404 4522 1481 4584 quac
1510 4522 1577 4566 curn
1608 4505 1810 4584 antiquissima
1839 4506 1878 4566 sit
1907 4505 2047 4584 omnium,

677 4602 773 4682 magis
795 4601 826 4663 iu
848 4599 974 4663 Oriente
996 4610 1167 4683 propagata
1189 4609 1246 4680 est,
1270 4619 1358 4683 quam
1381 4602 1468 4666 aliae.
1508 4602 1541 4665 ln
1564 4622 1600 4666 ea
1623 4605 1664 4665 ita
1686 4603 1872 4683 praecipitur
1893 4603 2048 4666 Sacerdos

675 4698 793 4779 fraupit
808 4718 937 4778 punem,
960 4701 1173 4780 dimidiumque
1194 4701 1323 4776 tecua,
1353 4703 1479 4763 mnrstru
1506 4719 1578 4763 cero
1608 4702 1764 4764 dimidium
1790 4710 1885 4777 temet,
1912 4709 1943 4763 et
1967 4702 2050 4782 quod

677 4803 757 4858 tenet
776 4816 867 4859 manu
888 4799 999 4860 decan
1020 4800 1169 4879 tmmeptt
1188 4800 1221 4860 in
1243 4800 1368 4862 culicem
1389 4801 1502 4863 diceas.
1545 4799 1620 4862 Unio
1643 4800 1823 4862 sanctissimi
1844 4802 1992 4882 corporis,
2014 4807 2049 4863 et

675 4895 804 4973 pretiosi
831 4896 985 4977 sanguinis
1008 4895 1126 4960 Domini
1150 4903 1181 4958 et
1203 4896 1260 4959 Dei
1282 4915 1320 4960 ac
1341 4897 1507 4961 servatoris
1529 4899 1625 4961 uestri
1646 4897 1723 4960 Jesu
1736 4898 1857 4962 Christi.
1886 4898 1928 4961 Et
1947 4900 2053 4978 είφιαε

675 4992 710 5052 id
729 4993 811 5071 quod
832 5002 910 5056 tenet
930 5014 1021 5056 muna
1043 4996 1181 5070 sinistre,
1203 4995 1312 5058 mrem
1338 4997 1397 5059 ltoc
1424 4999 1560 5076 siponto,
1590 4997 1719 5060 ditm
1744 4998 1902 5060 dmidium
1929 4998 2049 5077 sipont.-
