4525 6034
331 837 363 892 P.
381 838 424 891 3¹.
443 839 459 891 l.
480 841 523 895 19.

1198 555 1430 633 NOTAE

832 826 1110 897 Misericordiam
1136 827 1289 922 illisqui
1315 830 1351 898 in
1374 832 1590 921 poenitentia
1616 835 1702 916 aunt,
1730 834 1794 899 etc.

349 1044 413 1097 Hit·
440 1044 512 1100 Pao.
535 1048 610 1101 Ata.
720 1034 804 1113 Hruc
826 1047 1063 1124 demonstratur,
1096 1047 1312 1109 Poeniteutiam
1339 1049 1368 1108 in
1393 1047 1520 1128 Coptica
1549 1047 1688 1109 Ecclesia
1717 1047 1816 1110 locum
1845 1049 1916 1110 olim
1946 1049 2005 1111 lra-

294 1143 322 1197 p.
341 1128 404 1180 50⁵.

623 1149 739 1226 buisse,
763 1150 873 1213 dudum
896 1158 965 1212 ants
988 1148 1141 1211 obscoene
1167 1149 1216 1211 illa
1240 1156 1374 1231 tempora
1397 1149 1537 1227 loannis,
1566 1157 1596 1211 et
1617 1150 1712 1213 blanci
1744 1150 1796 1213 lilii
1823 1151 1918 1213 Zaraa
1941 1153 2005 1215 Pa-

624 1249 840 1329 triarcbarum,
872 1251 921 1330 qui
952 1247 1183 1311 contessionem
1212 1256 1423 1329 peccatorum,
1460 1256 1490 1311 et
1518 1247 1693 1325 Cononem,
1721 1250 1788 1311 siue
1818 1249 2003 1315 laboriosam

624 1349 851 1426 Paenitentiam,
875 1346 983 1410 tollere
1006 1348 1107 1409 conati
1129 1354 1216 1423 sunt,
1240 1344 1278 1408 de
1301 1365 1360 1427 qua
1383 1349 1576 1410 innovatione
1605 1347 1715 1410 dictum
1746 1355 1794 1409 est
1817 1349 1847 1410 in
1870 1350 2003 1413 Historia
2065 1381 2071 1388 ·

624 1445 840 1522 Alexandrina,
864 1454 896 1507 et
918 1445 996 1508 alibi.
1021 1445 1098 1506 Esse
1121 1446 1151 1506 in
1174 1445 1371 1521 Poenitentia,
1394 1453 1490 1508 status
1513 1452 1570 1522 est,
1594 1452 1627 1506 ut
1650 1464 1755 1508 eorum
1769 1446 1871 1527 quiin
1894 1448 2003 1512 eadem

624 1545 762 1606 oratione
791 1551 1078 1620 commemorantur,
1108 1543 1184 1604 varii
1216 1551 1294 1606 sunt.
1340 1544 1407 1605 Non
1438 1563 1513 1607 vero
1543 1545 1569 1606 is
1600 1544 1686 1606 locus
1717 1545 1930 1627 intelligendus
1953 1555 2005 1622 cst,

625 1642 663 1705 de
685 1642 807 1723 publica
829 1642 890 1719 illa,
913 1642 1009 1722 qualis
1033 1643 1062 1703 in
1085 1660 1143 1703 usu
1165 1649 1231 1703 erat
1253 1644 1357 1723 primis
1379 1644 1538 1706 Ecclesiae
1561 1644 1709 1722 sacculis,
1733 1645 1918 1724 poenitentia
1942 1663 2003 1707 cu-

619 1742 672 1822 jus
686 1740 808 1819 dudum,
832 1749 1045 1821 praeterquam
1068 1740 1105 1802 ad
1119 1740 1259 1820 publicos
1281 1749 1464 1822 peccatores
1480 1740 1696 1816 emendandos,
1719 1741 1877 1823 disciplina
1890 1744 2003 1805 omissa

625 1849 682 1902 est.
728 1840 786 1903 Sed
810 1839 859 1901 bic
882 1838 1073 1920 intelligendi
1104 1846 1173 1900 sunt
1195 1840 1253 1916 illi,
1284 1842 1334 1921 qui
1365 1838 1443 1902 lacta
1472 1839 1553 1921 apud
1583 1839 1778 1903 Sacerdotem
1807 1840 2002 1905 confessione

625 1938 788 2012 Conectens,
810 1938 869 2000 boc
893 1945 940 2000 est
962 1955 1078 2018 poenas
1102 1939 1263 2001 canonicas
1286 1939 1501 2019 suscipiebant,
1531 1946 1562 2000 et
1589 1938 1717 2019 aliquam
1740 1939 1859 2002 illarum
1881 1947 2001 2021 partem

558 2099 564 2118 ι
625 2037 863 2118 compleverant,
886 2043 1046 2117 antequam
1070 2038 1309 2099 communionem
1332 2037 1594 2100 Sacramentorum
1618 2038 1799 2116 obtinerent,
1823 2058 1839 2100 a
1863 2056 1923 2119 qua
1946 2057 2001 2100 ar·

623 2135 770 2198 cebantur
792 2153 848 2215 per
870 2134 993 2214 aliquod
1016 2137 1160 2216 temporis
1183 2136 1381 2199 intervallum.
1426 2136 1509 2198 llaec
1537 2136 1693 2217 disciplina
1722 2135 1816 2199 lusius
1847 2136 1918 2199 abbi
1940 2155 2001 2199 ex-

621 2241 762 2316 ponetur,
785 2252 826 2294 ex
847 2234 939 2295 variis
962 2232 1136 2308 autoribus,
1161 2241 1221 2295 tum
1245 2254 1284 2296 er
1307 2232 1481 2297 Canouibus
1508 2234 1788 2315 poenitentialibus,
1817 2238 1868 2316 qui
1894 2243 2001 2298 extant

621 2333 652 2395 in
676 2331 838 2398 codicibus
861 2334 1080 2413 manuscriptis.
1126 2333 1346 2396 Paenitentium
1376 2351 1497 2415 quoque
1532 2335 1642 2397 mentio
1669 2333 1701 2395 lit
1730 2353 1760 2415 p.
1792 2332 1844 2397 32.
1876 2336 1927 2414 qui
1949 2335 2000 2395 in-

623 2431 718 2515 telligi
741 2430 819 2493 sorte
843 2430 965 2509 debent,
987 2448 1045 2511 per
1066 2448 1119 2492 eos
1143 2432 1194 2512 qui
1216 2433 1248 2493 in
1270 2430 1468 2510 Confessione
1489 2439 1567 2495 sunt.

890 2689 997 2761 Orotc
1018 2712 1087 2783 pro
1114 2691 1213 2783 Repe
1239 2643 1358 2762 norbo
1386 2691 1554 2764 Christum
1580 2698 1726 2762 ornante.

720 2897 870 2975 Sarrana
892 2910 969 2972 baec
991 2909 1119 2972 formula
1143 2918 1191 2974 est
1212 2929 1253 2986 ex
1274 2912 1372 2972 veteri
1395 2909 1570 2991 disciplina,
1594 2916 1664 2971 ante
1687 2916 1864 2991 occupatam
1886 2930 1904 2972 a
1926 2910 1999 2973 llu-

620 3012 795 3075 hauredanis
825 3013 1009 3096 Aegyptum,
1033 3015 1064 3074 in
1087 3012 1206 3075 Graeco
1228 3009 1293 3075 τῶν
1315 3000 1461 3093 εὐσεβῶς
1482 2996 1766 3093 corruentem
1794 3031 1872 3093 quae
1901 3015 1998 3077 verba

621 3111 781 3175 versiones
803 3111 954 3175 Arabicae
978 3111 1124 3192 quaedam
1149 3120 1377 3191 expresserunt.
1417 3110 1534 3192 Nempe
1557 3128 1625 3172 cum
1646 3119 1813 3193 regnarent
1835 3111 1998 3175 Christiani

620 3210 837 3292 lmperatores,
865 3211 941 3272 haec
970 3209 1097 3273 formula
1125 3210 1341 3290 usurpabatur,
1372 3228 1449 3291 quae
1481 3218 1586 3292 postca
1614 3211 1644 3270 in
1671 3209 1756 3271 libris
1785 3218 1907 3273 servata
1936 3219 1995 3291 est,

620 3310 768 3392 adjunctis
791 3318 891 3372 tamen
912 3308 1015 3372 verbis
1037 3309 1159 3388 ultimis,
1183 3311 1252 3390 quia
1267 3327 1323 3390 pro
1345 3309 1543 3390 principibus,
1566 3306 1801 3389 qualescumque
1822 3313 1892 3389 sint,
1907 3318 1998 3373 orant

620 3408 802 3486 Orientales,
824 3410 852 3471 si
873 3408 1072 3471 Nestorianos
1096 3409 1279 3488 excipimus3
1302 3409 1331 3469 in
1355 3426 1483 3487 quorum
1503 3407 1638 3489 Liturgia
1661 3410 1805 3471 memoria
1827 3409 1860 3471 lit
1882 3408 1998 3488 &qum

619 3506 775 3582 Fidelinm,
797 3524 859 3570 uon
882 3506 1018 3570 eborum.
1063 3507 1110 3568 Ex
1134 3506 1186 3569 illo
1214 3507 1283 3571 loco
1307 3513 1392 3568 recte
1416 3506 1578 3570 Salmasius
1606 3506 1761 3588 Liturgiae
1791 3509 1997 3588 antiquitatem

620 3605 825 3684 commendat,
857 3613 997 3686 tanquam
1027 3607 1161 3686 scriptae
1184 3606 1239 3669 sub
1270 3606 1448 3669 Christianis
1477 3606 1652 3688 Aegyptum
1682 3605 1901 3684 obtinentibus,
1925 3604 1995 3684 quia

618 3722 676 3786 pro
699 3704 758 3767 illis
781 3712 896 3782 oratur,
919 3711 950 3766 et
972 3703 1031 3766 illis
1054 3706 1105 3785 qui
1127 3714 1198 3767 sunt
1220 3706 1251 3766 in
1275 3705 1397 3768 Palatio.
1438 3703 1498 3768 Sed
1522 3703 1663 3765 Palatium
1691 3720 1752 3765 non
1783 3707 1880 3787 magis
1903 3702 1997 3766 Clui-

618 3804 743 3883 stianos,
775 3821 864 3884 quam
885 3802 1122 3882 llubamedanos
1146 3806 1300 3885 principes
1324 3804 1479 3885 designat,
1514 3821 1613 3883 neque
1645 3803 1682 3865 ad
1712 3803 1851 3866 lamiliam
1877 3803 1995 3886 regiam

617 3902 727 3964 referri
749 3903 850 3981 debet,
873 3902 929 3966 sed
951 3902 988 3964 ad
1010 3902 1120 3965 iratres
1144 3903 1355 3980 Ortbodoxos,
1379 3902 1438 3964 boc
1461 3909 1509 3964 est
1534 3901 1687 3964 Jacobitas
1711 3900 1917 3979 Christianos,
1941 3901 1993 3981 qui

618 4008 689 4063 tunc
712 4008 798 4062 erant
820 4003 849 4063 in
872 4001 981 4064 Aulico
1004 4001 1181 4065 ministerio.
1228 4003 1338 4065 llultos
1361 4000 1440 4062 enim
1463 4000 1556 4063 luisse
1578 4001 1630 4080 qui
1652 4001 1833 4081 scripturam
1855 4003 1885 4063 in
1913 3999 1992 4063 Aula

618 4099 748 4177 Sullani,
777 4107 828 4162 aut
855 4101 885 4161 in
913 4100 1029 4162 Dirano
1058 4110 1256 4180 exercerent,
1283 4107 1366 4182 patet
1395 4118 1435 4162 ex
1464 4101 1558 4162 variis
1587 4099 1738 4163 Historiae
1766 4100 1992 4164 Alexandrinae

616 4198 711 4275 locis3
735 4198 815 4279 quod
837 4200 953 4279 pariter
974 4201 1152 4280 saepissime
1174 4202 1300 4284 contigit
1322 4201 1352 4261 in
1375 4199 1454 4261 Aula
1475 4198 1683 4280 Bagdadensi,
1715 4199 1766 4261 ubi
1795 4199 1878 4263 multi
1900 4197 1992 4261 Clari·

617 4298 705 4360 stiani
727 4316 836 4379 magna
860 4298 939 4379 apud
970 4299 1115 4378 quosdam
1144 4299 1254 4362 Callias
1278 4302 1439 4361 autoritate
1461 4297 1645 4376 floruerunt,
1672 4299 1846 4362 Nestoriani
1868 4298 1994 4379 praeci-

616 4415 688 4480 pue.
733 4396 811 4459 Hinc
832 4414 926 4476 saepe
949 4405 1077 4477 utraque
1100 4398 1240 4462 Ecclesia
1262 4397 1439 4474 Jacobitica,
1462 4404 1493 4459 et
1515 4397 1713 4474 Nestorisue,
1736 4398 1872 4459 maximis
1894 4394 1992 4457 turbis

615 4514 673 4576 per
694 4495 812 4558 illorum
835 4494 985 4557 hominum
1009 4496 1199 4559 ambitionem
1223 4498 1335 4577 agitata
1358 4503 1425 4558 est:
1449 4502 1480 4557 et
1502 4495 1532 4556 in
1545 4493 1691 4576 Aegypto
1714 4493 1770 4557 sub
1794 4496 1904 4557 ultimis
1918 4493 1992 4557 Sul·

616 4594 706 4672 tanis,
731 4592 838 4655 'lurcis
861 4601 892 4655 et
916 4592 1073 4673 Circassis,
1098 4614 1175 4676 quos
1198 4595 1382 4658 Mamalucos
1404 4601 1532 4673 vocant,
1555 4594 1735 4656 durissimae
1756 4595 1991 4674 persecutiones

616 4694 768 4755 excitatae
790 4700 867 4755 sunt.
903 4692 998 4766 Quam
1014 4694 1177 4758 lectionem
1200 4703 1322 4758 secutus
1345 4693 1595 4756 lireritblaronita
1617 4691 1771 4774 Interpres
1794 4712 1863 4755 curn
1884 4692 1989 4755 vertit:

615 4787 761 4854 Memmio
782 4792 911 4854 Domine
932 4792 1047 4873 Repnm
1069 4796 1121 4873 qui
1142 4802 1212 4855 murt
1232 4794 1319 4856 electi
1339 4796 1372 4854 in
1389 4792 1576 4873 perfectione
1594 4793 1740 4870 pietatis,
1763 4800 1793 4853 et
1814 4809 1917 4853 cornert
1938 4790 1992 4870 qui

615 4898 686 4952 sant
705 4892 845 4972 stipendi,
867 4891 1022 4953 nonsatis
1046 4891 1234 4975 intelligitur,
1256 4910 1324 4956 cum
1346 4892 1526 4956 sententiam
1555 4889 1681 4954 similem
1709 4907 1810 4970 neque
1833 4889 1989 4970 ceptique,

613 5006 714 5070 neque
735 4988 885 5056 Arabicus
908 4996 1009 5052 textus
1031 4989 1171 5053 olleraut.
