4525 6034
582 593 623 669 lN
647 591 853 670 mittenti
880 588 1059 669 erudiit
1085 592 1116 669 S.
1141 590 1284 668 BASlLll.
1534 590 1607 664 325

335 776 369 841 ln
401 776 535 840 securim
558 775 764 841 Confessionis
793 784 880 859 parte
902 777 1015 859 legitur
1044 766 1064 859 ἦ
1093 762 1177 859 σὰρξ
1198 763 1358 851 §menoccle
1379 792 1455 836 coro
1475 775 1607 855 eica‘flca,

254 893 339 959 qnam
361 895 469 941 vocem
491 874 631 959 Coptitae
651 877 795 940 retinent:
817 876 935 940 Arabes
957 893 1014 957 per
1036 887 1096 946 tbi
1122 894 1200 958 quac
1222 893 1333 954 corpas
1353 874 1511 957 significat,
1534 874 1608 937 red-

252 976 407 1057 diderunt,
437 976 518 1058 quod
540 977 618 1040 idem
647 983 703 1040 est.
746 976 793 1040 De
818 993 912 1055 voce,
939 977 1083 1056 mca'ficc:
1105 973 1240 1057 quaestio
1263 973 1351 1035 etiam
1379 973 1449 1037 olim
1476 971 1530 1035 tirit
1551 973 1607 1035 sub

249 1076 366 1139 Joanne
388 1075 560 1139 Patriarcba
581 1075 699 1143 LXXII.
722 1077 773 1158 qui
799 1076 951 1141 ordinatus
980 1082 1026 1139 est
1048 1092 1126 1139 anno
1156 1074 1184 1138 J.
1207 1072 1241 1138 C.
1265 1071 1358 1137 1117.
1381 1091 1449 1135 cnm
1469 1072 1608 1136 bionachi
1671 1083 1733 1135 lton
1760 1082 1830 1137 Patr.
1852 1084 1925 1139 Ma.

248 1174 385 1238 nonnulli
408 1194 473 1238 eam
495 1177 636 1239 novitatis
658 1183 831 1260 arguerent.
877 1175 917 1238 At
946 1173 988 1237 illi
1017 1175 1189 1238 alineario
1213 1169 1379 1236 Semnudae
1400 1171 1553 1255 Episcopo
1577 1181 1608 1236 et
1633 1170 1739 1240 1596·

248 1274 325 1353 aliis,
349 1277 508 1338 autoritate
531 1273 636 1357 Cyrilli
658 1277 710 1357 qui
732 1294 769 1338 ea
793 1293 867 1338 usus
894 1274 990 1338 iuerat
1012 1274 1156 1338 confutati
1185 1280 1263 1336 sunt.
1305 1272 1422 1335 Nullum
1445 1289 1519 1334 vero
1543 1272 1607 1337 Co-

247 1374 346 1438 dioem
369 1373 497 1438 vidimus
518 1374 569 1437 ubi
592 1392 628 1438 ea
650 1392 709 1438 non
730 1374 859 1459 legatur.
895 1375 979 1449 Quae
1002 1373 1041 1438 de
1063 1373 1169 1438 eadem
1192 1373 1389 1437 Confessione
1411 1372 1536 1435 dicenda
1551 1391 1607 1435 su-

245 1481 385 1556 persunt,
407 1472 475 1537 fuse
498 1474 690 1556 exposuimus
712 1476 742 1537 in
765 1474 984 1538 Commentario
1007 1474 1045 1537 ad
1067 1474 1169 1538 Basilii
1193 1472 1346 1554 Coptieam
1368 1473 1542 1556 liturgiam.
1574 1471 1607 1534 ln

247 1571 364 1636 Codice
393 1571 519 1652 Graeco,
549 1582 672 1656 praeter
697 1592 763 1638 eam
783 1573 942 1637 Rubricam
971 1592 1047 1655 quae
1076 1573 1282 1637 Elevationem
1308 1571 1504 1653 praescribit:
1534 1570 1609 1634 aliae

245 1672 348 1735 nullae
372 1679 452 1738 sunt.
498 1671 558 1736 Sed
580 1692 648 1736 cnm
669 1674 699 1735 in
722 1672 854 1755 Copticis
875 1676 951 1737 ritus
972 1673 1135 1736 minutatim
1157 1672 1335 1753 explicatur,
1357 1670 1491 1734 eumdem
1514 1670 1607 1733 luisse

247 1772 326 1854 apud
357 1790 411 1835 eos
439 1773 490 1852 qui
513 1771 629 1836 Graece
656 1790 744 1836 sacra
771 1774 982 1853 celebrabant,
1006 1791 1066 1836 non
1089 1780 1137 1836 est
1159 1770 1362 1836 dubitandum.
1406 1769 1437 1834 Si
1460 1772 1511 1852 qui
1529 1769 1607 1833 torte

246 1868 377 1933 Codices
398 1871 596 1953 Liturgiarum
627 1871 761 1935 Graecos
790 1870 986 1935 Alexandrini
1012 1874 1097 1937 Ritus
1125 1872 1352 1950 nanciscentur,
1382 1889 1422 1934 ex
1446 1870 1505 1935 illis
1533 1888 1607 1953 quas

245 1970 441 2033 indicavimus
464 1972 560 2051 notis,
582 1972 658 2034 banc
679 1973 832 2034 materiam
854 1972 975 2036 uberius
997 1974 1148 2037 illustrare
1169 1979 1319 2052 poterunt.

334 2069 562 2134 Observandum
585 2089 705 2153 quoqne
727 2072 825 2135 obiter
846 2080 893 2136 est
914 2073 945 2135 in
967 2073 1101 2155 Litnrgia
1121 2071 1158 2134 1).
1190 2071 1284 2134 llarci
1319 2071 1467 2134 turbatum
1497 2069 1607 2151 aliquid

244 2169 359 2244 videri,
383 2187 451 2232 cum
472 2170 586 2232 &noto
607 2173 737 2249 macne,
759 2171 918 2235 dicendum
939 2174 1110 2255 assignetur
1125 2180 1195 2234 ante
1209 2171 1411 2247 Fraetionem,
1435 2170 1514 2251 quod
1526 2177 1606 2232 stare

244 2286 304 2331 non
327 2275 445 2350 potest:
467 2287 536 2332 nam
557 2269 607 2333 illa
629 2269 713 2352 prius
736 2270 800 2333 lieri
823 2271 928 2351 debet,
950 2288 1011 2334 non
1033 2273 1128 2335 minus
1152 2289 1239 2353 quam
1262 2271 1448 2354 consignatio
1476 2276 1507 2332 et
1533 2270 1604 2331 nnio

243 2368 403 2449 utriusque
425 2370 557 2451 speciei,
580 2379 738 2451 antequam
759 2372 903 2452 mysteria
926 2372 1082 2434 eleventur
1104 2379 1136 2434 et
1157 2369 1270 2452 populo
1285 2368 1490 2434 ostendantur.
1530 2368 1603 2432 'lum

243 2465 446 2531 consessione
482 2466 576 2549 dieta,
610 2472 709 2533 statim
741 2473 938 2534 communicat
964 2469 1131 2550 Sacerdos,
1165 2488 1237 2533 mox
1267 2469 1332 2533 aliis
1366 2470 1600 2532 communionem

243 2566 403 2631 distribuit
1531 2560 1535 2571 '

354 2912 516 3001 ὉΛαός
539 2920 631 3016 λέγει
656 2915 806 3015 ψαλμὸν
830 2914 873 2994 γ’.
925 2918 1076 3012 Populus
1101 2919 1186 2989 dicit
1210 2917 1379 2990 Poolnnon
1404 2918 1466 2989 50.

335 3123 468 3204 Ennoea
490 3136 613 3217 samum,
637 3145 669 3201 ut
691 3138 845 3203 Sacerdos
866 3158 1009 3205 excusum
1032 3143 1079 3205 sit.
1124 3139 1258 3204 Psalmus
1280 3138 1389 3202 dicitur
1416 3138 1453 3200 ad
1483 3137 1604 3200 miseri-

240 3238 379 3302 cordiam
402 3256 419 3300 a
441 3237 507 3301 Deo
530 3234 762 3320 implorandam,
788 3240 965 3323 veniamque
986 3252 1188 3325 peccatorum.
1211 3229 1414 3317 Κοινωνικόν,
1436 3243 1532 3305 oratio
1557 3248 1604 3303 est

240 3356 409 3402 erearum
431 3354 547 3421 genere
569 3356 645 3418 qnae
667 3338 806 3401 dicuntur
826 3348 895 3405 ante
917 3345 1168 3406 communionem:
1192 3341 1328 3406 modulus
1350 3359 1406 3405 seu
1427 3327 1604 3428 τροπὰριον

239 3442 277 3504 in
297 3441 432 3523 vulgaris
456 3440 581 3503 Graecis
602 3441 760 3525 liturgiis,
783 3449 815 3504 ut
837 3449 921 3505 notat
951 3443 1094 3520 Gouriane,
1122 3442 1193 3524 quid
1222 3440 1301 3525 apud
1331 3440 1464 3505 Graecos
1495 3442 1603 3504 dicitur

239 3549 315 3605 ante
338 3540 513 3604 fractionem
520 3562 529 3616 ;
551 3539 600 3604 bic
622 3541 733 3605 rectius
755 3549 825 3623 post
847 3561 926 3622 eam,
950 3551 981 3607 et
1002 3545 1177 3626 priusquam
1204 3541 1370 3605 communio
1401 3540 1602 3606 distribuatur.

237 3641 322 3705 Esse
345 3647 442 3703 antem
465 3639 611 3721 ejusmodi
632 3631 803 3705 κοινωνικὰ
824 3644 960 3723 diversa,
989 3642 1154 3706 secundum
1176 3641 1291 3705 dierum
1305 3642 1494 3722 varietatem,
1517 3643 1604 3705 locus

237 3741 294 3803 bic
316 3746 451 3804 testatur.
498 3737 572 3801 Sunt
593 3738 643 3803 iila
666 3740 793 3823 duplicis
815 3744 951 3824 generis:
979 3762 1047 3806 nam
1076 3742 1222 3825 quaedam
1251 3743 1281 3804 in
1314 3740 1456 3825 Liturqiis
1486 3740 1604 3804 adscri-

235 3838 371 3917 buntur,
394 3846 424 3901 et
447 3837 585 3901 dicuntur
606 3840 745 3921 publice,
773 3849 938 3923 praeeunte
966 3842 1111 3906 Diacono.
1155 3842 1260 3904 Altera
1282 3841 1392 3923 privati
1414 3841 1501 3905 offleii
1524 3848 1603 3919 sunt,

237 3938 343 4022 qualia
365 3946 468 4001 extant
490 3940 520 4000 in
543 3938 708 4023 Horologio
731 3939 928 4022 Graecorum,
951 3961 988 4005 ea
1009 3943 1040 4004 in
1061 3949 1148 4023 parte
1176 3959 1253 4024 quae
1282 3941 1390 4004 dicitnr
1409 3928 1605 4004 Ἀκολουθία

236 4034 302 4123 τῆς
330 4028 424 4122 ἁγίας
454 4024 690 4123 praetiosos,
723 4039 774 4102 ubi
811 4041 970 4105 nonnullae
1005 4044 1158 4106 orationes
1198 4043 1407 4123 reperiuntur,
1436 4042 1545 4106 Basilio
1574 4048 1606 4104 et

239 4136 463 4219 chrysostomo
484 4138 628 4217 tributae,
652 4147 683 4202 et
705 4159 829 4221 quarum
850 4159 959 4224 magna
979 4160 1051 4224 pars
1073 4161 1113 4205 ex
1136 4142 1407 4226 illorumLiturgiis
1430 4141 1606 4224 deprompta

237 4243 300 4300 est.
344 4235 486 4300 Codicem
509 4256 568 4320 quo
589 4228 757 4303 κοινωνικᾶ
778 4239 1049 4305 Alexandrinorum
1071 4243 1294 4321 contineantur,
1324 4242 1436 4304 nullum
1461 4242 1587 4305 vidimus
1594 4261 1605 4321 3

238 4335 381 4400 extitisse
396 4345 494 4401 tamen
513 4345 638 4402 nonest
655 4339 863 4406 dubitandum:
887 4361 955 4406 narn
967 4342 1173 4405 Ecclesiastici
1193 4342 1261 4405 libri
1278 4342 1391 4424 aliquot
1408 4348 1605 4405 recensentur

239 4434 283 4496 ab
304 4434 491 4514 Abulbircat,
515 4439 565 4520 qui
588 4439 641 4501 vix
663 4444 866 4521 reperiuntur:
890 4449 921 4505 et
944 4462 984 4506 ex
1006 4440 1055 4504 teli
1078 4459 1202 4504 numero
1220 4440 1353 4504 nonnulli
1376 4458 1445 4504 esse
1468 4447 1604 4521 possunt,

238 4535 295 4617 qui
316 4525 487 4600 κοινωνικὰ
508 4539 705 4603 continerent.
751 4540 859 4604 Graeci
880 4542 967 4625 bujus
989 4542 1112 4625 generis
1134 4540 1297 4604 secundum
1310 4539 1407 4603 Ritum
1420 4539 1605 4608 Alexandri-

237 4654 313 4698 num
336 4635 427 4699 multo
449 4640 581 4701 rariores
603 4647 687 4719 sunt,
719 4641 787 4722 quia
811 4639 1130 4724 constantinopolitani
1158 4639 1349 4703 Patriarebae
1378 4658 1481 4704 omnes
1512 4639 1605 4702 ferme

240 4746 497 4819 suppresserunt,
520 4740 571 4819 qui
594 4738 632 4801 ab
654 4739 811 4804 Ecclesiae
833 4760 906 4806 suae
929 4741 1146 4806 consuetudine
1169 4730 1281 4803 diversi
1303 4748 1412 4803 essent.
