4525 6034
655 574 731 651 ldd
1123 572 1559 652 COMMENTARIUS

905 894 1027 1005 Oralio
1050 940 1232 1028 postquam
1254 938 1504 1027 praeparatam
1526 935 1636 1025 faerit
1660 932 1783 1003 allow.

758 1142 905 1222 Atriam
927 1155 1008 1236 apud
1030 1154 1201 1217 orientales
1224 1171 1329 1217 omnes
1352 1153 1540 1218 Christianos
1568 1160 1717 1217 vocantur
1736 1169 1843 1214 sacrae
1865 1169 1987 1215 mensae
2000 1152 2034 1214 in

652 1257 760 1340 qubus
777 1258 844 1321 Deo
867 1259 1047 1321 sacrificium
1069 1259 1259 1320 incruentum
1281 1256 1416 1320 offertur.
1440 1256 1578 1338 Coptitae
1602 1274 1680 1320 voce
1695 1253 1814 1317 Graeca
1830 1243 2034 1340 Ἱλαστήριον

651 1364 778 1436 vocant,
802 1358 938 1440 quamvis
961 1359 992 1420 in
1014 1358 1072 1420 hac
1094 1357 1231 1439 Liturgia
1253 1363 1376 1418 utantur
1397 1373 1475 1419 voce
1497 1355 1689 1440 Aegyptiace
1716 1353 1837 1435 antiqua
1866 1354 2034 1416 Pimener-

651 1455 851 1533 schoooscbi,
882 1475 959 1538 quae
989 1457 1020 1519 in
1049 1455 1261 1534 Pentateuchi‚
1290 1454 1541 1538 Evangeliorum,
1568 1453 1814 1532 Psalmorumque
1839 1452 2034 1515 versionibus

651 1554 818 1635 respondet
841 1555 1049 1619 Hebraeorum
1071 1565 1155 1622 tinto
1175 1561 1206 1617 et
1228 1552 1413 1617 Graecorum
1432 1548 1673 1640 Θυσιαστηρίῳ.
1703 1552 1810 1633 Neque
1833 1552 1938 1613 mirum
1960 1570 2034 1614 esse

652 1653 761 1734 debet,
784 1655 827 1717 uti
842 1654 910 1717 illos
930 1672 1009 1716 voce
1026 1672 1104 1735 quae
1124 1653 1275 1716 saoridcio
1291 1654 1468 1731 conveniat,
1492 1671 1559 1717 cum
1579 1672 1685 1716 verum
1700 1652 1914 1733 propriumque
1932 1668 2035 1713 novae

653 1751 732 1836 legis
754 1754 934 1816 sacrificium
956 1753 1056 1816 multis
1079 1753 1155 1815 locis
1177 1753 1350 1834 Liturgiae,
1378 1752 1587 1816 Eucharistiae
1609 1751 1846 1815 celebrationem
1869 1749 2033 1831 appellent.

654 1851 772 1915 Vocant
793 1854 882 1916 etiam
898 1852 1078 1934 quandoque
1095 1851 1232 1913 Mensam
1246 1851 1475 1914 Sacerdotdem
1496 1859 1548 1914 aut
1569 1868 1686 1915 sacram
1706 1836 1856 1936 τράπεζα
1876 1836 2035 1935 leporini,

653 1968 788 2014 mom
810 1970 949 2027 mucan,
976 1951 1181 2030 spimmdem,
1205 1957 1238 2012 ut
1259 1951 1375 2030 pariter
1397 1967 1502 2013 omnes
1525 1953 1576 2031 qui
1598 1950 1692 2013 altera
1714 1967 1793 2012 voce
1816 1956 1947 2011 utuntur.

741 2050 858 2113 Altaria
876 2058 908 2113 ut
925 2048 1005 2132 apud
1027 2056 1151 2112 veteres
1167 2049 1353 2113 Christianos
1374 2049 1476 2133 lignea
1493 2049 1635 2129 fuerunt,
1658 2048 1739 2130 quod
1758 2048 1862 2130 primis
1874 2046 2035 2109 Ecclesiae

653 2148 784 2213 saeculis
806 2149 903 2213 solida
926 2149 966 2210 ob
989 2150 1219 2230 persecutiones
1242 2150 1400 2212 continuas
1422 2148 1535 2212 hahere
1558 2149 1611 2211 vix
1633 2148 1758 2227 licebat,
1782 2150 1822 2210 ita
1851 2165 1917 2210 cum
1939 2144 2036 2208 Chri-

653 2249 743 2311 stiani
757 2249 928 2312 libertatem
939 2250 1021 2310 nacti
1046 2256 1134 2327 sunt,
1159 2247 1246 2311 luere
1268 2247 1396 2328 duplicis
1419 2248 1556 2331 generis:
1580 2266 1648 2310 nam
1663 2249 1694 2310 in
1709 2247 1846 2310 Basilicis
1867 2245 2034 2326 majoribus

654 2347 751 2410 solida
773 2347 886 2428 luisse,
917 2367 958 2410 ex
979 2364 1147 2426 marmore,
1179 2366 1219 2410 ex
1241 2346 1341 2427 lapide
1365 2347 1443 2425 alio,
1472 2366 1513 2409 ex
1533 2354 1680 2428 argento,
1712 2346 1880 2409 certissime
1902 2343 2035 2406 demon·

327 2462 515 2533 damma
527 2465 551 2518 ι,
562 2465 638 2520 neo.
652 2454 775 2512 stratur.
799 2446 936 2509 Videnda
949 2464 1030 2528 quae
1045 2446 1084 2509 de
1097 2446 1156 2509 illis
1173 2446 1288 2510 erudite
1304 2446 1427 2527 scripsit
1441 2444 1607 2509 Cardinalis
1624 2446 1717 2509 Bona.
1741 2446 1779 2509 Ut
1796 2452 1894 2507 autem
1905 2443 2034 2519 Romae,

652 2545 928 2627 Constantinopoli,
952 2547 983 2607 in
1004 2545 1127 2625 Africa,
1150 2545 1182 2607 in
1205 2544 1309 2627 Syria,
1333 2545 1363 2607 in
1385 2544 1533 2607 Ecclesiis
1556 2544 1725 2629 insignibus
1748 2544 1837 2608 solidi
1860 2543 1963 2623 operis
1985 2540 2035 2602 al-

652 2646 730 2709 taria
752 2644 888 2724 mental,
912 2645 954 2707 ita
976 2662 1098 2726 quoque
1121 2644 1326 2707 Alexandriae
1341 2642 1436 2707 fuisse
1450 2661 1511 2705 non
1524 2652 1572 2706 est
1583 2643 1793 2723 dubitandm
1810 2645 1841 2704 in
1853 2650 1898 2704 tot
1909 2643 2035 2721 magni-

652 2744 718 2807 ficis
740 2744 903 2823 Ecclesiis,
927 2762 1055 2825 quarum
1077 2743 1207 2806 celebris
1229 2745 1261 2807 in
1283 2743 1574 2809 historiamemoria
1598 2751 1656 2807 est.
1681 2743 1756 2817 Quia
1779 2762 1854 2806 vero
1865 2739 2035 2804 Orientali-

651 2845 709 2906 bus
731 2844 788 2906 sub
810 2842 1029 2906 bluhamedana
1052 2842 1255 2906 dominatione
1279 2843 1449 2906 constitutis
1471 2861 1565 2923 saepe
1588 2843 1716 2923 accidit,
1745 2850 1778 2905 ut
1799 2841 1947 2904 Ecclesiis
1970 2840 2033 2921 eji-

652 2950 814 3022 cerentur,
837 2960 951 3023 easque
967 2940 1103 3005 infideles
1114 2943 1145 3003 in
1160 2960 1233 3006 suae
1247 2942 1470 3025 superstitionis
1486 2942 1597 3025 templa
1616 2950 1847 3021 converterent,
1860 2939 2033 3019 altariaque

650 3039 862 3121 profanarent,
891 3042 961 3104 dum
990 3043 1020 3104 in
1051 3049 1257 3125 congregatos
1289 3042 1476 3106 Christianos
1498 3044 1627 3125 impetus
1659 3043 1762 3122 fieret,
1791 3039 1980 3105 consuetudo
2013 3056 2032 3100 a

649 3140 751 3201 multis
774 3140 903 3203 saeculis
926 3139 1070 3219 invaluit,
1093 3149 1127 3203 ut
1149 3140 1265 3204 tabulas
1287 3141 1370 3205 solas
1398 3143 1465 3205 sive
1492 3160 1613 3205 mensas
1641 3142 1805 3220 haberent,
1834 3140 1942 3221 quibus
1979 3140 2032 3200 in-

650 3239 845 3301 sternehatur
872 3257 981 3320 mappa
1003 3239 1264 3303 benedictionibus
1293 3241 1522 3322 Episcopalibus
1551 3250 1747 3319 consecrata,
1782 3248 1832 3302 aut
1861 3237 1962 3301 tabula
1993 3237 2034 3300 ad

652 3338 755 3401 altaris
778 3339 873 3419 ipsius
896 3338 1134 3421 longitudinem,
1158 3348 1210 3402 aut
1232 3339 1352 3402 tandem
1375 3340 1498 3420 altaria,
1521 3350 1553 3404 ut
1576 3340 1656 3422 apud
1679 3348 1802 3403 autores
1824 3347 1946 3401 nostros
1969 3354 2033 3399 vo-

651 3444 776 3515 cantur,
804 3438 973 3518 portatilia:
1002 3438 1130 3500 lammae
1161 3439 1279 3502 scilicet
1309 3447 1359 3501 aut
1386 3449 1543 3521 segmenta
1567 3458 1606 3502 ex
1633 3458 1804 3518 marmore,
1833 3456 1912 3519 quae
1941 3437 2033 3500 lacile

631 3535 773 3614 afferri,
802 3543 833 3597 et
860 3539 1012 3600 removeri
1041 3547 1192 3618 possent,
1227 3546 1260 3599 ut
1290 3540 1316 3603 si
1343 3538 1483 3602 lntideles
1514 3540 1643 3620 synaxin
1672 3538 1771 3602 subito
1803 3537 2032 3615 conturbarent,

651 3631 733 3695 lacili
755 3636 880 3717 negotio
902 3635 1037 3698 subtrahi
1059 3645 1195 3717 possent.
1219 3638 1264 3701 lta
1281 3655 1341 3700 non
1358 3639 1448 3701 modo
1460 3637 1657 3718 Graecorum,
1681 3637 1735 3700 sed
1753 3639 1842 3701 etiam
1856 3637 2033 3698 Latinorum

654 3731 831 3814 disciplinae
854 3733 892 3797 de
916 3735 1012 3798 sacris
1036 3736 1180 3799 altaribus
1212 3738 1377 3800 convenire
1404 3737 1641 3819 deprehenditur
1670 3737 1831 3801 Orientalis
1862 3734 2032 3815 disciplina.

653 3829 693 3892 Ut
715 3833 795 3895 enim
817 3833 914 3896 solida
936 3834 1029 3917 vulgo
1052 3835 1132 3917 apud
1154 3854 1211 3899 nos
1235 3837 1339 3899 altaria
1361 3845 1446 3916 sunt,
1468 3837 1559 3898 multa
1582 3844 1681 3899 tamen
1704 3838 1734 3898 in
1758 3835 1891 3917 Capellis
1916 3853 1958 3897 ex
1978 3842 2033 3895 ta-

653 3929 723 3992 bula
745 3931 863 4013 lapidea
885 3933 1007 4017 ligneae
1032 3935 1147 3998 inserta
1168 3936 1257 4015 liunt,
1289 3944 1357 3999 sunt
1380 3954 1502 4017 quoque
1524 3934 1675 4016 portatilia
1698 3935 1808 4014 multa,
1836 3937 1878 3997 ita
1908 3952 2032 4015 quoque

332 4042 386 4096 Vat.
409 4044 526 4098 Alacres.
542 4046 641 4098 descri-
655 4030 734 4109 apud
758 4031 928 4094 Orientales
951 4034 1141 4098 observatur.
1194 4035 1268 4097 Nam
1296 4037 1327 4097 in
1355 4037 1485 4117 antiquis
1512 4035 1659 4098 Ecclesiis
1687 4034 1840 4117 Aegypti,
1869 4041 1903 4096 ut
1930 4032 1969 4095 ad
1997 4033 2031 4095 S.

325 4130 434 4198 panem
467 4131 640 4183 Ecclesiam
652 4128 815 4193 biccarium
838 4131 869 4191 in
890 4132 1020 4196 Deserto
1042 4135 1156 4213 Sectis,
1180 4136 1210 4197 in
1232 4135 1420 4198 blaraeotide
1443 4143 1474 4197 et
1496 4134 1583 4210 aliis,
1606 4141 1639 4195 ut
1661 4134 1750 4196 etiam
1773 4134 1803 4196 in
1819 4133 2032 4216 ipsaAethio-

331 4216 358 4268 ⁸·
377 4217 526 4281 &flama
545 4225 591 4268 ⁶¹⁶·
651 4229 720 4309 pia,
744 4247 822 4310 quae
844 4230 944 4293 multis
967 4233 1099 4295 saeculis
1122 4241 1186 4295 tota
1210 4232 1378 4297 Christiana
1402 4234 1474 4313 luit,
1503 4234 1698 4314 reperiuntur
1727 4233 1831 4295 altaria
1862 4253 1901 4295 ex
1929 4233 2029 4296 solido

651 4325 764 4406 lapide.
787 4328 854 4390 lam
876 4348 951 4391 vero
974 4339 1192 4393 consecrantur
1214 4333 1334 4396 tabulae
1357 4342 1387 4396 et
1410 4350 1553 4414 mappae:
1580 4340 1611 4395 et
1633 4331 1770 4413 utrisque
1793 4333 1958 4395 communis
1981 4342 2031 4396 est

653 4429 844 4492 consecratio
868 4429 992 4508 eadem,
1016 4448 1094 4511 quae
1116 4449 1178 4494 non
1202 4432 1239 4494 ab
1263 4433 1322 4496 alio
1344 4433 1411 4495 lieri
1433 4439 1550 4514 potest,
1575 4450 1663 4511 quam
1686 4432 1723 4495 ab
1746 4432 1911 4514 Episcopo.
1945 4431 2029 4495 Illius

651 4527 728 4589 ritus
750 4529 831 4589 sacri
854 4527 937 4590 Ordo
961 4538 1044 4592 extat
1067 4537 1126 4591 tam
1149 4531 1179 4592 in
1200 4529 1311 4594 Rituali
1330 4531 1479 4594 Gabrielis
1493 4531 1701 4611 Potriarchae,
1726 4549 1815 4613 quam
1834 4532 1913 4613 apud
1927 4530 2030 4594 Abul-

652 4624 748 4687 bircat
778 4629 924 4708 stallos,
953 4631 994 4693 ita
1016 4631 1135 4694 ferente
1159 4633 1307 4695 communi
1330 4629 1527 4697 Orientalium
1549 4631 1679 4692 omnium
1702 4631 1907 4694 Ecclesiarnm
1931 4631 2030 4693 disci-

653 4724 750 4806 plina,
774 4735 808 4789 ut
830 4728 913 4791 nullo
928 4729 959 4791 in
977 4729 1064 4793 altari
1075 4731 1211 4813 Litargia
1228 4730 1377 4795 celebrari
1395 4731 1527 4813 legitime
1544 4739 1653 4811 queat,
1677 4733 1749 4812 quin
1762 4733 1847 4812 prius
1861 4749 2030 4795 consecra-

653 4831 715 4886 tum
739 4825 830 4890 hierit
853 4829 891 4890 ab
914 4828 1086 4911 Episcopo,
1108 4830 1208 4893 multis
1231 4829 1433 4908 orationibus,
1456 4830 1710 4911 unctionibusque
1733 4850 1774 4893 ex
1796 4832 1956 4894 chrismate
1971 4848 2028 4894 seu

652 4943 739 5005 myro
762 4927 793 4988 in
819 4927 937 4990 modam
965 4929 1083 5008 crucis,
1112 4938 1203 5011 atque
1232 4929 1292 4993 hoc
1320 4929 1458 4993 Officium
1486 4939 1615 4992 vocatur
1641 4933 1880 4994 consectationis
1906 4932 2027 5006 cumis,

653 5024 735 5103 qtlod
757 5042 819 5088 non
841 5026 931 5090 modo
954 5028 1128 5092 celebratur
1151 5028 1189 5092 ad
1212 5029 1315 5092 altaris
1337 5028 1466 5111 lapidei,
1494 5029 1549 5093 sed
1572 5049 1613 5093 ex
1633 5030 1743 5093 tabulis
1764 5031 1837 5093 lacti
1859 5048 2028 5095 consecra-
