4525 6034
683 575 759 647 276
1167 569 1578 650 COMMENTARIUS

682 760 759 822 tales
781 757 923 839 fatigant,
947 758 1165 836 responsiones
1191 756 1385 818 absurdiores
1409 755 1546 835 eliciant,
1576 775 1654 837 quae
1683 757 1721 820 ad
1742 758 1946 822 Ecclesiarum
1968 758 2055 822 iidem

681 857 849 920 nullatenus
874 856 1034 937 pertinent.
1079 856 1174 917 Porro
1199 855 1279 935 quod
1302 856 1376 918 mire
1398 854 1546 917 Ludolhrs
1569 875 1603 919 se
1626 864 1750 938 torquet
1762 866 1796 920 ιιι
1813 877 1879 920 eam
1896 859 1970 937 ipsis
1984 862 2055 940 opi-

681 958 817 1031 nionem,
841 962 981 1035 tanquam
1003 949 1118 1038 κυρίαν
1141 943 1241 1032 δόξαν
1262 953 1398 1035 alllngat,
1421 973 1514 1017 causa
1536 955 1593 1017 alia
1608 954 1747 1033 nonfuit,
1770 975 1859 1037 ιιιιιιιιι
1877 966 1910 1020 ιιι
1928 956 2056 1022 haberet

681 1054 762 1117 unde
785 1054 898 1135 duplex
920 1054 1096 1134 disciplinae
1120 1053 1282 1116 Orientalis
1304 1060 1409 1134 caput,
1432 1055 1501 1134 quia
1523 1053 1703 1117 Lutherauis
1722 1054 1872 1135 displicet,
1896 1057 2055 1120 convelle-

682 1160 781 1215 retur:
804 1161 977 1215 sanctorum
1000 1153 1196 1227 intercessio,
1220 1158 1250 1213 et
1272 1153 1369 1214 oratio
1391 1170 1448 1233 pro
1471 1153 1612 1232 mortum,
1635 1172 1712 1235 quae
1742 1155 1912 1234 Purgatorii
1940 1154 2055 1219 doctri-

683 1269 751 1313 nam
775 1252 889 1313 invehit
911 1252 1095 1340 pecassario.
1140 1250 1171 1312 Si
1194 1251 1272 1312 enim
1295 1268 1356 1332 quo
1378 1250 1448 1313 loco
1470 1252 1531 1313 sint
1552 1254 1665 1328 sancti,
1694 1270 1764 1315 num
1791 1255 1822 1316 in
1852 1254 1956 1333 coelo,
1979 1254 2056 1316 bea-

682 1351 808 1412 titudine
839 1352 900 1431 jam
934 1349 1148 1431 perfruentes,
1186 1367 1255 1411 num
1285 1348 1395 1412 alicubi
1433 1367 1499 1412 eam
1537 1368 1604 1412 cum
1634 1337 1860 1415 resurrectione
1893 1370 2055 1433 corporum

685 1457 881 1528 exspectent,
903 1450 1046 1529 ignorant
1070 1447 1240 1510 Orientales
1264 1447 1440 1526 Christiani,
1463 1448 1652 1511 frustraneae
1674 1449 1856 1512 videbuntur
1878 1451 1996 1515 illorum
2018 1451 2055 1513 ad

666 1554 805 1616 ,sanctos
828 1548 999 1623 orationes,
1022 1545 1102 1628 quod
1126 1548 1252 1624 maxime
1275 1546 1421 1610 Ludolfus
1444 1548 1528 1613 velit.
1573 1546 1618 1609 Eo
1642 1550 1720 1611 enim
1742 1558 1908 1630 provectus
1934 1556 1982 1612 est
2009 1550 2053 1610 vir

684 1646 836 1724 eruditus,
859 1645 915 1708 sed
938 1649 989 1726 qui
1011 1645 1265 1728 Theologicarum
1287 1648 1497 1727 quaestionum
1520 1647 1699 1709 tractatione
1722 1647 1875 1710 abstinere
1897 1648 2052 1724 debuerat,

683 1754 716 1809 ut
738 1746 962 1808 invocationem
984 1754 1158 1808 sanctorum
1180 1744 1342 1807 arbitretur
1363 1762 1436 1808 casu
1459 1747 1559 1825 potius
1582 1752 1612 1807 et
1634 1763 1740 1808 errore
1770 1745 1938 1825 inductam,
1969 1766 2055 1828 quam

683 1846 764 1908 seria
787 1844 947 1907 traditione
979 1845 1111 1906 omnium
1141 1843 1345 1906 saeculorum:
1380 1861 1488 1925 nempe
1518 1853 1551 1907 ιιι
1579 1863 1646 1906 cum
1673 1845 1818 1925 Episcopi
1846 1847 1883 1908 ad
1911 1845 2053 1927 populum

683 1944 777 2007 verba
802 1942 947 2005 facientes
970 1945 1099 2004 maxime
1121 1940 1396 2020 rhetoricarentur,
1420 1949 1450 2004 et
1473 1960 1528 2005 eos
1551 1950 1692 2022 tanquam
1714 1952 1892 2022 praesentes
1916 1943 2054 2025 alloque-

682 2051 807 2121 rentur,
838 2043 914 2105 baec
941 2043 1087 2103 orationis
1117 2040 1227 2103 lumina
1257 2049 1287 2104 et
1320 2041 1473 2104 schemata
1503 2041 1621 2122 plebem
1648 2041 1679 2102 in
1708 2059 1845 2105 errorem
1874 2042 2055 2121 induxerint,

683 2150 774 2225 atque
796 2161 832 2204 ea
856 2141 1018 2203 occasione
1040 2147 1162 2203 sanctos
1186 2141 1329 2202 invocare
1351 2141 1390 2201 sit
1412 2147 1562 2221 coeptum.
1607 2140 1651 2203 Ea
1672 2157 1749 2203 vero
1773 2140 1938 2225 Tlveologia
1968 2160 2055 2223 quam

683 2241 814 2305 absurda
838 2241 893 2318 sit,
916 2238 983 2302 sola
1005 2240 1123 2301 novitas
1147 2237 1348 2300 demonstrat:
1373 2255 1491 2300 omnem
1514 2241 1592 2301 enim
1614 2247 1788 2302 sanctorum
1809 2240 1937 2317 cultum,
1965 2242 2055 2304 invo-

682 2341 891 2420 cationemque
912 2337 1062 2400 Lutherus
1081 2338 1142 2418 jam
1165 2335 1347 2415 sustulerat,
1371 2344 1530 2419 antequam
1552 2337 1609 2400 hoc
1622 2338 1841 2419 qualecumque
1857 2349 2055 2404 commentum

681 2440 755 2520 ipsi,
780 2445 831 2500 aut
853 2438 919 2518 ejus
942 2436 1095 2517 discipulis
1119 2436 1256 2498 venisset
1278 2437 1307 2498 in
1331 2444 1470 2499 mentem.
1514 2436 1621 2518 Neque
1645 2435 1784 2518 Coptitae
1805 2438 1842 2499 ab
1854 2438 2054 2521 Aethiopibus

681 2536 810 2599 docendi
832 2537 1010 2618 religionem
1033 2543 1136 2613 erant,
1159 2537 1210 2615 qui
1233 2554 1316 2613 eam,
1341 2542 1374 2596 ut
1396 2537 1581 2599 notissimum
1604 2544 1667 2616 est,
1696 2554 1757 2600 non
1784 2537 1874 2600 modo
1898 2556 2001 2601 sanam
2024 2543 2054 2603 in

681 2637 712 2697 in
735 2635 867 2697 articulis
891 2634 1007 2712 multis,
1031 2634 1087 2696 sed
1110 2652 1178 2696 cum
1201 2634 1286 2696 faece
1310 2642 1340 2696 et
1352 2634 1515 2697 furfuribus
1531 2634 1715 2711 Jacohiticis,
1737 2634 1845 2698 abillis
1860 2647 2053 2719 acceperunt.

682 2735 788 2815 Neque
811 2734 979 2816 Gregorius
1002 2732 1091 2795 homo
1115 2732 1277 2809 barbarus,
1300 2734 1433 2814 spinosis
1456 2733 1692 2814 quaestiunculis
1715 2734 1864 2812 irretitus,
1888 2736 2054 2801 audiendus

682 2841 746 2912 est,
770 2851 877 2895 verum
900 2832 1065 2894 communis
1087 2831 1292 2893 Ecclesiarum
1316 2833 1447 2895 omnium
1469 2833 1605 2909 traditio,
1629 2851 1707 2913 quae
1729 2832 1798 2895 dum
1820 2843 1943 2897 sanctos
1965 2839 2055 2900 invo-

683 2940 767 3011 cant,
791 2949 963 3013 precesque
986 2931 1024 2992 ad
1048 2947 1101 2992 eos
1121 2929 1267 3006 fundunt,
1290 2939 1439 2994 testantur
1468 2935 1541 2995 satis
1564 2950 1630 2995 eam
1652 2933 1825 3013 opinionem
1848 2934 1927 3013 apud
1949 2954 1985 2997 se
2007 2939 2055 2999 vi-

682 3032 805 3114 guisse,
836 3030 914 3111 quod
945 3031 1078 3111 ipsorum
1113 3028 1192 3108 apud
1223 3028 1319 3091 Deum
1348 3031 1490 3111 precibus
1517 3039 1549 3093 et
1576 3032 1796 3094 intercessione
1819 3033 1921 3112 juvari
1950 3040 2055 3114 posset

682 3129 809 3192 bumana
833 3130 998 3191 infirmitas.
1043 3127 1149 3207 Neque
1173 3129 1252 3189 enim
1274 3128 1382 3207 quibus
1405 3129 1536 3192 nondum
1559 3129 1663 3192 felices
1684 3148 1753 3192 esse
1774 3131 1873 3193 datum
1898 3140 1956 3211 cst,
1981 3153 2054 3214 pos-

683 3238 753 3292 sunt
774 3246 832 3310 pro
856 3229 981 3291 aliorum
1004 3227 1102 3289 salute
1125 3227 1369 3307 interpellatores
1393 3228 1466 3291 fieri.
1512 3228 1586 3292 Cum
1609 3247 1685 3290 vero
1708 3228 1747 3291 de
1764 3229 1907 3294 Paradiso
1922 3232 2054 3310 loquun-

682 3337 731 3394 tur
753 3327 920 3391 seoundum
943 3343 1132 3387 communem
1156 3333 1246 3406 atque
1269 3345 1309 3388 ex
1332 3329 1427 3389 sacris
1451 3328 1609 3408 scripturis
1632 3326 1799 3389 traductam
1820 3329 2053 3412 intelligentiam,

678 3428 781 3491 locum
805 3433 975 3509 agnoscunt
997 3423 1148 3486 felicitatis
1172 3432 1329 3499 aeternae,
1353 3433 1384 3487 et
1406 3443 1466 3506 quo
1490 3428 1609 3489 nominc
1633 3426 1852 3507 appellaverint
1874 3446 1980 3507 parum
2002 3448 2053 3490 re-

681 3524 750 3587 fert.
794 3525 963 3585 Paradisum
992 3523 1072 3603 apud
1102 3523 1237 3585 Graecos
1276 3522 1381 3585 hortus
1411 3523 1584 3587 deliciarum
1618 3533 1680 3601 est,
1711 3528 1845 3605 quamvis
1879 3543 1916 3588 ea
1946 3545 2009 3589 vox
2036 3548 2052 3590 a

683 3623 861 3698 Chaldaeis,
885 3631 935 3684 aut
957 3621 1129 3703 babyloniis
1153 3623 1190 3684 ad
1212 3640 1267 3684 eos
1290 3623 1474 3705 migraverit.
1518 3624 1645 3686 Hortum
1674 3624 1760 3686 Edere
1786 3634 1897 3687 vocant
1926 3624 2055 3690 Hebraei

683 3732 715 3785 et
736 3722 806 3784 inde
828 3722 947 3783 Arabes
962 3721 1170 3784 bluhamedani
1185 3740 1272 3784 suum
1295 3730 1351 3790 «att
1382 3723 1529 3800 fecerunt,
1553 3723 1633 3803 quod
1652 3723 1729 3785 idem
1745 3725 1906 3805 signifieat,
1930 3743 2056 3806 compa-

682 3821 798 3881 ratione
822 3820 911 3882 dueta
933 3821 1049 3883 seilicet
1072 3820 1108 3881 ab
1131 3820 1219 3883 horto
1242 3840 1298 3884 seu
1320 3821 1464 3884 Paradiso
1487 3824 1666 3903 voluptatis,
1697 3840 1785 3903 quern
1808 3823 1845 3884 ab
1867 3825 1950 3887 initio
1972 3825 2055 3888 Deus

681 3912 886 3999 plantaverat,
924 3927 955 3980 et
987 3922 1016 3981 in
1046 3938 1084 3981 eo
1113 3921 1310 3984 constituerat
1339 3921 1504 3999 hominem,
1534 3940 1623 4002 quern
1654 3928 1821 3985 creaverat.
1866 3921 1934 3984 Non
1965 3925 2056 4006 igitur

683 4017 843 4080 Christiani
867 4038 885 4080 a
906 4018 1030 4082 ludaeis
1054 4037 1160 4081 vocem
1184 4027 1385 4100 acceperunt,
1408 4021 1466 4082 nisi
1489 4027 1522 4082 ut
1544 4039 1562 4082 a
1585 4020 1730 4099 capsariis
1753 4018 1910 4083 Ecclesiae
1934 4023 2054 4086 codices

681 4135 786 4179 sacros
823 4118 1089 4196 conservantibus,
1128 4127 1160 4179 ut
1197 4136 1263 4181 eam
1293 4119 1431 4182 Christus
1470 4119 1536 4200 ipse
1563 4119 1734 4198 usurparis
1766 4117 1875 4201 dogma
1897 4122 1995 4201 ipsurn
2025 4125 2054 4184 ia

661 4215 818 4278 ‘Ecclesia
841 4224 942 4279 natum
966 4225 994 4279 et
1017 4226 1219 4299 propagatum
1248 4227 1311 4297 est,
1342 4236 1400 4280 nec
1423 4218 1461 4280 ab
1484 4218 1636 4279 extraneis
1659 4219 1751 4279 sectis
1778 4217 1944 4296 ullatenus,
1967 4223 2055 4284 etiam

681 4314 795 4377 adeas
824 4333 902 4395 quae
930 4317 967 4378 ab
996 4317 1109 4379 unitate
1140 4324 1353 4394 recesserunt,
1390 4316 1444 4377 fuit
1475 4315 1651 4378 derivatum.
1696 4316 1883 4396 Quicumque
1916 4317 1995 4378 euim
2025 4320 2055 4380 in

680 4412 864 4474 ludaeorum
893 4415 1097 4477 recentiorum
1127 4413 1212 4477 libris
1240 4415 1433 4478 mediocriter
1461 4422 1600 4478 versatus
1629 4422 1693 4489 est,
1727 4433 1787 4477 non
1816 4416 1938 4498 ignorat
1966 4434 2055 4496 quan

681 4511 813 4588 incerta,
839 4512 888 4572 vel
911 4513 1011 4594 potius
1034 4532 1124 4592 quarn
1147 4513 1244 4592 nulla,
1268 4516 1347 4577 inter
1377 4532 1432 4576 eos
1455 4515 1494 4575 sit
1516 4513 1553 4575 de
1576 4525 1629 4607 quit
1656 4525 1680 4606 tt
1702 4514 1790 4576 berto
1819 4512 1916 4592 Edere,
1938 4522 1970 4576 ut
1998 4516 2055 4595 ipsi

683 4611 855 4673 Paradisum
878 4618 1003 4689 vocant,
1027 4611 1163 4687 traditio;
1187 4631 1275 4692 quam
1298 4613 1389 4675 multa
1413 4612 1450 4675 de
1472 4613 1531 4675 hoe
1554 4621 1731 4693 argumento
1751 4614 1855 4693 nugati
1870 4615 1943 4675 sint:
1968 4631 2056 4693 quam

684 4727 788 4789 parum
811 4712 986 4792 praecipuis
1010 4711 1163 4792 Magistris
1187 4713 1264 4774 inter
1286 4730 1321 4775 se
1344 4712 1513 4775 conveniat.
1557 4711 1662 4793 Neque
1685 4729 1759 4773 sane
1781 4713 1904 4789 raimun,
1926 4730 1995 4774 cum
2017 4710 2055 4773 de

684 4809 749 4888 ipsa
773 4812 998 4872 resurrectione
1022 4811 1087 4872 sine
1111 4828 1171 4890 qua
1194 4810 1343 4873 felicitatis
1362 4830 1434 4892 spes
1458 4829 1529 4873 esse
1550 4809 1631 4872 nulla
1654 4828 1785 4890 unquam
1798 4818 1909 4891 potest,
1932 4812 1983 4872 vix
2006 4813 2056 4872 in-

375 4907 431 4961 ltot
450 4908 598 4963 adferam
612 4911 669 4963 uo-
684 4915 731 4970 ter
754 4929 789 4971 se
813 4910 1023 4984 consentiant,
1047 4918 1079 4971 ut
1110 4928 1150 4971 ex
1173 4909 1238 4972 sola
1265 4908 1488 4973 Dissertatione
1518 4908 1651 4971 Eduardi
1686 4908 1844 4984 Pococltii,
1875 4911 1927 4989 qui
1956 4908 2055 4971 multis

356 4996 407 5074 ⁸¹⁸¹:
685 5005 723 5069 de
746 5006 804 5070 boc
828 5017 1006 5090 argumento
1029 5007 1148 5071 erudite
1171 5007 1349 5089 disputavit,
1378 5027 1549 5091 agnoscere
1570 5007 1657 5071 facile
1680 5016 1738 5071 est.
1783 5008 1922 5072 Cressam
1938 5025 2056 5088 nempe,
