4525 6034
627 512 902 590 nobilitanti
919 509 1318 587 obtuclussslshh.
1582 508 1657 581 213

292 697 478 777 Enarpelicu
506 714 595 775 mam
622 699 760 759 recitasti
779 696 881 771 nobb,
916 714 1019 774 nempe
1046 697 1127 775 quod
1156 693 1293 756 Christus
1321 694 1472 773 occeperit
1497 710 1608 773 paoem
1628 694 1661 755 ia

291 814 400 857 nurus
421 814 504 871 suas,
526 803 583 861 ete.
627 796 664 859 Et
695 814 769 859 sane
796 813 874 877 quae
903 794 971 857 huic
994 795 1126 875 opinioni
1150 794 1270 856 faveant
1291 793 1425 855 rationes
1448 791 1557 855 multae
1580 800 1657 855 sunt.

291 894 368 957 Nam
390 902 423 957 ut
444 894 597 958 coniessio
619 895 658 958 ad
679 897 836 958 veritatem
858 894 997 974 corporis
1020 893 1130 956 Christi
1157 894 1188 955 iu
1211 892 1296 955 altari
1323 893 1384 974 jam
1413 893 1582 973 praesentis
1604 911 1659 956 re-

291 993 418 1073 feratur,
440 1013 569 1057 necesse
591 1014 652 1058 non
674 1003 721 1058 cst
743 994 781 1058 ad
804 992 922 1076 singula
945 1011 1022 1074 quae
1047 992 1183 1056 Christus
1207 992 1238 1053 iu
1260 1000 1451 1055 sacramento
1473 989 1656 1055 instituendo

292 1092 366 1156 iecit
386 1094 547 1172 immorari,
570 1102 602 1157 ct
622 1094 907 1157 Ameainclamare:
930 1111 1029 1174 neque
1052 1092 1165 1173 duplex
1185 1111 1255 1155 esse
1277 1092 1397 1154 videtur
1424 1091 1455 1152 in
1477 1091 1583 1174 eadem
1604 1090 1659 1152 Li-

292 1194 393 1276 turgia
416 1193 487 1256 hdei
509 1194 547 1256 de
567 1194 756 1257 Eucharistia
779 1193 941 1257 confessio.
977 1192 1022 1255 Ea
1045 1200 1145 1254 autem
1167 1210 1245 1274 quae
1269 1192 1392 1273 proprie
1415 1193 1456 1254 ita
1479 1189 1656 1272 appellatur,

292 1301 326 1355 et
346 1310 425 1373 quac
448 1292 556 1355 dicitur
578 1301 648 1356 aute
677 1294 934 1372 communionem,
963 1292 1031 1355 talis
1062 1300 1110 1354 est
1132 1301 1252 1374 tamque
1274 1292 1451 1374 perspicua,
1475 1298 1509 1352 ut
1536 1290 1659 1352 alteram

292 1410 355 1454 uon
379 1391 540 1455 desideret.

379 1491 425 1554 Eo
455 1492 547 1574 igitur
576 1492 721 1558 inclinare
750 1491 890 1555 ridentur
922 1493 1020 1554 omnia
1049 1492 1199 1554 rationum
1229 1499 1395 1569 momenta,
1424 1497 1457 1552 ut
1486 1486 1660 1552 acclamatio
1714 1487 1753 1539 An
1773 1487 1931 1539 referendam
1950 1490 1982 1539 ab

288 1588 355 1653 τοῦ
376 1590 470 1652 Mun
492 1591 587 1674 magis
610 1593 758 1671 pertineat
780 1591 819 1654 ad
840 1589 1063 1673 agnoscendam
1086 1593 1243 1654 veritatem
1265 1607 1379 1668 eurum,
1403 1607 1481 1670 quae
1504 1608 1543 1650 ex
1556 1588 1660 1650 Evan—
1674 1574 1706 1675 ιι
1728 1576 1981 1674 pallacanam-

287 1690 393 1772 gehca
420 1689 542 1752 historia
573 1691 724 1754 Sacerdos
751 1692 961 1773 pronunciavit
994 1692 1075 1755 cirea
1103 1690 1319 1754 institutionem
1346 1689 1540 1767 sacramenti,
1571 1704 1658 1768 quam
1672 1659 1981 1759 ‘'⁰⁰¹⁸EV⁸”⁸⁰¹‚¹⁰⁸⁶’⁸¹¹

288 1789 330 1852 ad
352 1789 536 1872 singularem
559 1790 597 1852 de
619 1792 746 1853 veritme
769 1792 907 1872 corporis
929 1798 960 1852 et
982 1791 1136 1872 sanguinis
1160 1789 1271 1853 Christi
1293 1787 1522 1852 consessionem.
1552 1787 1657 1849 Obstat
1671 1748 1798 1886 ζέῃὲἒὲω
1816 1746 1980 1815 ‘mmm‘

287 1888 445 1972 liturgiae
467 1889 667 1971 Aethiopicae
691 1892 846 1968 autoritas,
879 1909 1048 1971 quaecum
1078 1899 1148 1953 ante
1171 1890 1285 1971 aliquot
1312 1888 1435 1951 saecula
1462 1906 1502 1950 ex
1532 1886 1657 1967 Coptica
1770 1875 1776 1890 ’

288 2006 438 2069 expressa
461 1988 568 2066 inerit,
590 1989 670 2051 hunc
692 1990 790 2052 locum
812 1991 853 2051 ita
877 1992 1028 2071 exprimit,
1051 1998 1084 2053 ut
1106 1991 1143 2053 ad
1166 1985 1400 2067 Eucharistiam,
1422 2005 1485 2050 non
1507 1986 1545 2050 ad
1567 1987 1658 2050 insti-

288 2090 435 2152 tutionem
457 2090 533 2169 ejus,
556 2088 720 2151 referatur:
744 2087 903 2150 Credimus
924 2097 954 2152 et
975 2091 1161 2169 ccnttdiame,
1185 2098 1214 2150 et
1231 2089 1389 2150 laudam
1410 2095 1462 2150 te:
1484 2088 1542 2150 boc
1563 2093 1610 2148 est
1628 2089 1661 2149 in

288 2190 417 2250 cerate
439 2206 552 2266 corpas
573 2195 672 2249 amm:
694 2190 736 2250 ita
757 2190 846 2250 vertit
869 2187 1050 2265 Kircherus,
1080 2208 1116 2251 ea
1147 2188 1242 2250 verba
1274 2186 1411 2250 reterens
1440 2189 1469 2249 in
1498 2187 1661 2250 Prodromo

289 2287 430 2368 Coptica.
454 2286 488 2348 ln
509 2287 642 2349 Romana
665 2287 796 2350 editione
818 2286 923 2364 Antea,
945 2288 1049 2363 Aenea,
1071 2289 1177 2351 Amen.
1207 2286 1366 2350 Credimus
1387 2296 1417 2349 et
1438 2288 1613 2367 confidimus
1633 2292 1665 2346 et

288 2388 451 2448 laudm
474 2395 511 2463 te,
533 2387 618 2448 Deus
637 2395 741 2450 noster
747 2409 761 2460 ,·
783 2388 842 2449 hcc
862 2408 934 2450 cere
957 2395 1004 2450 est
1023 2407 1135 2468 corpus
1157 2395 1246 2450 tuum.
1270 2386 1451 2450 Accuratins
1474 2406 1514 2449 ex
1531 2385 1662 2448 Aethio-

289 2486 360 2566 pico
384 2494 496 2549 vemas.
521 2485 694 2562 Credimus,
717 2495 747 2548 et
768 2489 844 2549 certi
876 2507 986 2566 amos,
1010 2496 1040 2550 et
1060 2489 1222 2550 laudamus
1244 2488 1414 2549 teDomiae
1436 2487 1519 2548 aaa
1539 2494 1662 2558 noeter;

289 2587 349 2647 lice
371 2593 418 2647 eat
437 2605 519 2660 aere,
542 2587 638 2647 etita
660 2587 819 2664 medianae,
843 2605 954 2666 corpas
976 2595 1065 2651 baem
1099 2585 1142 2648 lta
1165 2576 1286 2667 quoque
1315 2594 1385 2666 post
1406 2586 1508 2650 calicis
1531 2585 1661 2649 bencdi-

290 2686 433 2748 ctionem.
477 2684 521 2746 lla
545 2704 619 2748 vero
649 2693 707 2747 tam
730 2685 894 2765 perspicue
922 2687 959 2748 ad
988 2686 1076 2748 tidem
1098 2687 1193 2767 ipsius
1215 2687 1367 2767 mysterii,
1395 2702 1456 2747 non
1478 2684 1516 2747 ad
1538 2685 1662 2747 institu-

290 2786 404 2848 tionem
426 2784 520 2864 ipsius
543 2785 704 2865 pertinent,
728 2784 873 2863 utnulla,
896 2786 955 2849 nisi
977 2785 1109 2848 violenta
1131 2787 1395 2866 interpretatione,
1427 2786 1457 2846 in
1480 2786 1661 2847 contrariam

291 2885 472 2947 sententiam
494 2883 563 2947 duci
584 2893 705 2965 queant.
751 2884 825 2947 Cum
848 2886 940 2968 igitur
961 2886 1115 2968 Litargiae
1137 2885 1337 2965 Aethiopicae
1360 2892 1499 2961 autores,
1530 2886 1581 2965 qui
1610 2883 1660 2946 vel

291 2992 381 3046 erant
402 2986 460 3064 ipsi
481 2984 672 3046 Patriarchae
692 2985 903 3063 Alexandrini,
925 2985 976 3047 vel
997 2985 1206 3065 lletropolitae
1229 2985 1266 3046 ab
1289 2984 1347 3047 illis
1369 2985 1461 3064 missi,
1484 2984 1563 3047 hanc
1586 3001 1660 3045 ora-

291 3083 407 3145 tionem
429 3103 470 3146 ex
493 3084 620 3164 Coptica
644 3084 812 3165 exemplari
834 3094 1061 3166 expresserunt,
1085 3103 1151 3147 eam
1178 3085 1219 3147 ita
1246 3092 1316 3146 sunt
1337 3085 1544 3164 interpretati,
1568 3094 1600 3148 ut
1623 3082 1661 3146 ad

290 3181 501 3246 Eucharistiae
525 3183 613 3246 hderu
634 3183 746 3248 reterri
769 3185 956 3263 censuerint,
984 3184 1064 3247 illam
1093 3185 1145 3246 tali
1176 3203 1267 3248 sensu
1290 3200 1308 3244 a
1331 3183 1458 3265 Coptitis
1481 3183 1661 3248 intellectam

292 3282 400 3361 fuisse,
424 3301 484 3346 non
506 3285 667 3347 temeraria
690 3302 817 3367 prorsus
840 3288 1015 3368 conjectura
1037 3293 1094 3348 est.
1117 3284 1260 3347 Eamdem
1289 3285 1467 3347 confirmant
1496 3284 1574 3347 aliae
1594 3284 1663 3347 Ae-

293 3381 447 3463 thiopicae
467 3383 630 3467 liturgiae.
677 3383 762 3457 Quae
784 3403 851 3448 cum
874 3387 914 3447 ita
937 3385 1010 3462 sint,
1038 3403 1137 3464 neque
1161 3386 1234 3447 satia
1258 3384 1450 3448 determinari
1470 3386 1577 3466 possit,
1600 3404 1661 3464 quo

290 3499 389 3544 sensu
410 3482 485 3545 haec
508 3482 659 3546 consessio
683 3484 877 3567 intelligenda
899 3487 948 3562 sit,
971 3504 1036 3548 rem
1058 3488 1089 3547 in
1107 3484 1206 3548 medio
1221 3485 1426 3566 relinquimus.
1454 3485 1562 3565 Neque
1583 3487 1662 3547 enim

292 3599 483 3663 magnopere
505 3581 601 3645 refert
622 3586 653 3646 in
674 3601 735 3665 quo
757 3584 936 3664 accipiatur;
959 3603 1027 3647 cum
1049 3585 1123 3648 tides
1147 3585 1333 3666 Coptitarum
1364 3594 1455 3666 atque
1477 3585 1659 3665 Aethiopum

293 3701 338 3744 ex
360 3680 424 3743 aliis
446 3681 599 3764 Litargiae
621 3683 696 3746 locis
718 3690 777 3746 tam
800 3685 962 3766 perspicue
984 3684 1109 3766 probatu
1132 3685 1180 3764 sit,
1204 3693 1237 3746 ut
1259 3686 1296 3748 de
1320 3702 1356 3747 ea
1380 3704 1418 3748 nc
1441 3685 1517 3748 levis
1541 3684 1662 3766 quidem

294 3797 390 3842 causa
413 3781 565 3844 dubitandi
588 3802 657 3846 esse
681 3791 779 3864 queat

385 3880 492 3943 Tribus
515 3883 625 3963 quippe
649 3882 723 3945 locis
746 3883 869 3945 mutatio
891 3883 1106 3945 elementorum
1129 3885 1158 3946 ia
1182 3902 1292 3965 corpus
1315 3891 1346 3946 et
1362 3885 1539 3968 sanguinem
1553 3884 1663 3948 Christi
1711 3891 1786 3944 Fidae
1813 3891 1889 3943 realta
1906 3904 1984 3958 prec-

294 3977 454 4042 rnaniieste
477 3981 677 4063 significatur:
700 3982 844 4045 Oratione
867 4001 945 4064 quae
967 3991 1038 4065 post
1059 3985 1320 4064 praeparationem
1343 3983 1443 4046 altaris
1463 3984 1586 4046 dicitur:
1609 3981 1663 4043 ln·
1677 3981 1774 4032 rendae
1792 3978 1848 4030 alib
1866 3977 1929 4029 ¹⁰⁰5!
1947 3977 1984 4027 et-

295 4081 458 4141 vocationc
472 4081 599 4161 Spiritus
622 4082 734 4159 Sancti,
757 4090 788 4144 et
803 4082 1001 4145 Confessam
1024 4085 1210 4164 praescripta
1233 4091 1302 4146 ante
1316 4084 1563 4147 communionem.
1586 4082 1663 4146 lllud
1676 4065 1818 4134 gradentur.

295 4178 389 4240 modo
411 4189 563 4260 superest,
586 4181 678 4262 quud,
701 4184 728 4244 si
750 4181 825 4243 baec
849 4200 937 4263 quam
959 4183 1153 4263 exponimus,
1182 4179 1244 4244 τοῦ
1272 4182 1366 4245 Amen
1392 4183 1564 4245 acclamatio
1588 4202 1663 4265 pcr-

297 4280 394 4341 tineat
426 4279 463 4341 ad
490 4281 714 4362 agnoscendam
743 4283 899 4345 veritatem
934 4282 1071 4364 corporis
1101 4281 1211 4346 Christi
1241 4285 1270 4346 in
1300 4282 1501 4359 Eucharistia,
1538 4283 1593 4345 sed
1624 4285 1662 4347 ad

287 4377 394 4441 eclam
415 4397 516 4441 rerum
538 4399 579 4443 ex
599 4381 767 4465 Evangelio
790 4383 982 4444 recitatorum
1013 4381 1180 4460 historiam,
1203 4384 1290 4464 sequi
1313 4383 1432 4445 videtur
1455 4381 1607 4464 Coptitas,
1631 4392 1662 4447 ut

297 4480 389 4541 etiam
412 4477 557 4557 Graecos,
580 4482 636 4543 etsi
659 4480 842 4544 invocationi
871 4482 992 4561 spiritus
1022 4483 1117 4543 sancti
1145 4482 1268 4544 multum
1296 4483 1441 4560 tribuant,
1473 4491 1503 4546 ct
1526 4503 1593 4547 earn
1622 4505 1662 4547 ox

296 4578 425 4659 sirnplici
447 4578 610 4642 verborum
632 4598 709 4645 sono
737 4579 958 4662 intelligendam
980 4581 1180 4660 arbitrentur,
1211 4600 1382 4664 agnoscere
1410 4590 1508 4645 tamen
1540 4586 1665 4666 praeci-

296 4695 389 4758 puam
411 4679 441 4740 in
464 4678 573 4741 Christi
596 4681 697 4744 verbis
721 4681 894 4758 efficaciam,
917 4681 998 4761 quud
1020 4690 1127 4762 postea
1160 4682 1344 4764 probabitur.
1375 4680 1490 4754 Quibus
1515 4686 1593 4747 enim
1615 4686 1665 4746 in-

298 4777 454 4840 commoda
477 4779 569 4841 multa
591 4800 632 4842 ex
654 4779 848 4844 lnvocatione
871 4783 957 4862 sequi
980 4781 1155 4858 creduntur,
1179 4783 1326 4845 adversus
1340 4782 1505 4846 doctrinam
1528 4785 1565 4847 dc
1588 4802 1666 4847 con-

298 4879 471 4940 secratione
499 4878 715 4943 elementorum
745 4898 801 4961 per
829 4880 924 4942 verba
954 4880 1064 4944 Christi
1092 4882 1224 4959 Domini,
1255 4890 1287 4942 ut
1310 4882 1481 4961 bessarion,
1505 4893 1536 4947 et
1558 4885 1665 4947 Petrus

296 4976 467 5056 Arcadius3
496 4978 539 5041 illi
568 4981 597 5041 in
626 4980 839 5043 acclamatione
868 4979 931 5044 τοῦ
959 4980 1053 5044 Arnen
1075 4981 1297 5045 contessionem
1327 4981 1365 5043 de
1395 4981 1470 5045 reali
1492 4987 1666 5065 praesentia

1385 5097 1461 5174 43*
