4525 6034
700 576 773 650 106
1068 574 1685 653 obsauvntloltus

590 810 594 818 ,
694 760 867 835 nitentibus,
890 759 1097 822 multominus
1119 777 1176 839 pro
1199 757 1369 821 infidelibus
1392 763 1528 839 mortuis,
1549 778 1679 841 unquam
1701 762 1800 824 oravit
1812 761 1960 841 Ecclesia,
1982 764 2061 844 qnod

694 869 795 923 tamen
808 859 916 921 Graeci
938 860 1126 921 recentiores
1150 859 1216 922 sieri
1238 876 1329 939 posse
1353 858 1531 938 concedunt,
1555 860 1645 940 idque
1668 868 1700 922 ut
1716 860 1892 926 confirment
1903 870 2061 924 recurrunt

695 959 732 1020 ad
755 958 870 1021 fabulas
893 957 1077 1021 Falconillae
1100 966 1131 1019 et
1157 958 1287 1039 Trajani.
1327 958 1391 1031 Qua
1414 978 1489 1042 vero
1511 962 1645 1037 ratione,
1670 962 1828 1040 quandove
1851 961 1966 1024 fructus
1989 981 2061 1024 ora-

693 1059 806 1121 tionum
836 1066 867 1119 et
895 1058 1041 1120 bonorum
1071 1075 1199 1138 operum
1227 1056 1265 1119 ad
1288 1057 1393 1119 fideles
1418 1058 1576 1122 defunctos
1599 1061 1791 1139 perveniret,
1815 1061 1935 1123 divinae
1957 1063 2062 1142 provi-

695 1158 814 1220 dentiae
837 1157 975 1219 relictum
999 1164 1053 1218 est.
1099 1157 1226 1238 Purgari
1253 1173 1346 1236 porro
1375 1165 1501 1236 peccata
1524 1157 1619 1236 levia,
1650 1167 1700 1220 aut
1721 1159 1898 1238 graviorum
1921 1159 2060 1241 reliquias

693 1275 750 1337 per
771 1259 888 1338 ignem,
911 1257 1098 1339 Augustinus
1122 1255 1232 1317 dudum
1255 1256 1418 1335 docuerat,
1442 1266 1473 1319 ut
1496 1259 1585 1321 etiam
1608 1257 1781 1336 Caesarius,
1805 1277 1882 1339 quos
1906 1260 1988 1321 multi
2014 1260 2061 1322 alii

693 1358 797 1419 imitati
819 1364 889 1418 sunt
910 1358 988 1417 inter
1009 1356 1141 1418 Latinos.
1187 1354 1234 1417 Ex
1257 1355 1381 1417 Graccis
1405 1374 1479 1417 vero
1502 1357 1639 1419 Patribus
1663 1375 1736 1438 prae
1755 1357 1884 1418 caeteris
1897 1358 2060 1440 Gregorius

694 1456 868 1536 Nyssenus,
892 1458 978 1538 cujus
1000 1454 1109 1530 verba,
1139 1472 1206 1516 cunr
1228 1456 1415 1517 recentiores
1439 1456 1476 1518 ad
1500 1474 1584 1518 suam
1606 1457 1782 1518 sententiam
1805 1455 1926 1518 trabere
1949 1456 2061 1536 despe-

693 1562 813 1629 rarent,
840 1554 938 1630 illum,
967 1563 998 1615 ut
1021 1553 1163 1636 Origenis
1187 1553 1341 1615 erroribus
1365 1553 1494 1633 affinem,
1527 1575 1567 1617 ex
1589 1557 1710 1618 testium
1733 1573 1858 1617 numero
1880 1557 2059 1636 rejecerunt.

695 1654 821 1727 Quantis
844 1673 917 1716 vero
941 1653 1162 1716 difficultatibus
1185 1652 1303 1715 laboret
1325 1653 1474 1716 bominum
1504 1657 1629 1718 istorum
1653 1653 1818 1736 Theologia
1841 1663 1982 1718 accurate
2006 1675 2061 1717 ex-

440 1744 541 1844 basar.
564 1744 682 1799 ⁰⁶⁶⁸ssst
694 1755 797 1836 posuit
818 1753 937 1815 ultimus
960 1770 1086 1834 operum
1110 1754 1141 1816 S.
1165 1752 1289 1814 loannis
1313 1751 1490 1815 Damasceni
1520 1753 1618 1816 editor
1647 1754 1681 1817 R.
1713 1755 1743 1815 P.
1771 1752 1901 1815 blicbael
1928 1754 2059 1835 Lequien

407 1829 506 1882 mu·
526 1840 548 1882 θ’
565 1850 614 1900 ⁸⁰l·
695 1853 816 1916 Ordinis
833 1851 1076 1914 Praedicatorum
1098 1852 1290 1914 doctissimus
1307 1851 1492 1935 Theologus,
1515 1860 1546 1914 et
1568 1871 1624 1914 nos
1647 1861 1787 1934 quantum
1810 1853 1883 1914 satis
1907 1862 2004 1932 esset,
2026 1854 2058 1916 dc

695 1953 802 2015 codem
825 1960 1002 2033 argumento
1025 1951 1095 2013 loco
1118 1953 1208 2012 citato
1232 1949 1369 2012 diximus.

406 2051 526 2107 dovitae
553 2072 598 2107 sua
635 2074 680 2109 su·
781 2051 883 2116 Omnis
904 2072 997 2135 porro
1021 2053 1171 2115 inauditae
1194 2052 1272 2115 illius
1290 2052 1476 2137 Tbeologiae
1501 2051 1703 2113 Graecanicae
1725 2052 1814 2125 ratio,
1837 2051 1903 2114 sola
1927 2069 1983 2113 sua
2006 2070 2058 2113 no-

371 2148 459 2207 ῬΘθυι
475 2150 522 2193 ⁰⁸²·
694 2153 787 2215 vitate
809 2162 951 2236 suspecta
974 2171 1043 2215 esse
1066 2153 1173 2230 debet,
1203 2153 1287 2233 cujus
1310 2160 1433 2233 praeter
1455 2152 1522 2229 alia,
1546 2169 1606 2212 non
1628 2150 1697 2213 leve
1719 2152 1857 2213 indicium
1881 2151 2002 2213 ducitur
2023 2170 2058 2212 es

693 2251 887 2316 Orientalium
915 2252 1055 2330 silentio,
1092 2254 1142 2332 qui
1173 2252 1252 2314 illam
1281 2270 1405 2334 prorsus
1436 2254 1586 2333 ignorant.
1631 2250 1671 2312 nt
1701 2251 1880 2331 quicumque
1916 2249 2057 2330 ejusmodi

693 2354 866 2432 opinionum
888 2353 1080 2433 praejudiciis
1103 2351 1190 2413 liberi
1213 2359 1293 2426 sunt,
1317 2359 1348 2413 et
1370 2353 1554 2428 orationem,
1585 2350 1811 2431 Liturgiamquc
1833 2368 1889 2429 pro
1914 2348 2056 2410 defunctis

692 2451 857 2514 observant
878 2472 918 2515 ex
940 2460 1058 2514 vetusta
1080 2450 1252 2528 traditione,
1275 2457 1386 2513 animas
1410 2468 1532 2526 eorum,
1561 2450 1587 2510 si
1609 2450 1759 2529 Martyres
1782 2456 1813 2510 et
1835 2449 1914 2510 alios
1937 2448 2056 2509 eximiae

691 2552 856 2614 sanctitatis
869 2553 1045 2633 excipimus,
1068 2552 1248 2632 purgatione
1271 2549 1419 2631 indigere,
1443 2547 1529 2610 simul
1552 2556 1732 2630 agnoscunt.
1761 2548 1827 2611 Non
1839 2548 1934 2629 igitur
1949 2557 2054 2609 tentae

692 2669 709 2711 a
737 2650 916 2714 doctissimis
947 2650 1109 2732 Theologis
1140 2650 1249 2711 dictum
1277 2649 1348 2728 suit,
1391 2650 1558 2711 orationem
1587 2666 1643 2730 pro
1671 2650 1795 2710 mortuis
1827 2666 1895 2709 cum
1926 2647 2053 2710 doctrina

691 2751 859 2832 Purgatorii
881 2754 921 2815 ita
944 2771 1013 2815 esse
1037 2752 1235 2831 conjunctam,
1260 2758 1292 2811 ut
1314 2766 1372 2811 una
1394 2749 1461 2811 sine
1484 2747 1579 2810 altera
1602 2756 1685 2809 stare
1706 2767 1768 2811 non
1790 2749 1898 2828 possit.
1923 2747 2052 2825 Necep-

691 2853 763 2932 poni
793 2851 882 2914 debet
912 2853 1059 2914 obstinata
1087 2847 1272 2912 Graecorum
1301 2849 1502 2910 recentiorum
1526 2847 1740 2924 contradictio,
1767 2846 1846 2907 illam
1873 2846 1947 2909 licat
1967 2845 2054 2906 disci·

690 2949 800 3032 plinam
813 2960 1001 3015 conservent.
1025 2951 1144 3031 Quippe
1162 2947 1302 3030 quamdiu
1324 2948 1353 3008 in
1376 2945 1502 3029 simplici
1524 2946 1603 3009 illius
1628 2945 1840 3009 observatione
1850 2947 2052 3019 constiterunt,

692 3053 773 3115 nulla
805 3053 883 3114 inter
915 3070 969 3112 eos
1003 3057 1033 3111 et
1063 3048 1186 3110 Latinos
1218 3048 1425 3110 controversia
1455 3048 1637 3110 intercessit.
1682 3046 1794 3108 Verum
1824 3064 1891 3107 cunr
1922 3062 2052 3125 eaquae
2082 3038 2084 3042 ’

690 3154 838 3216 subtiliter
861 3152 956 3232 magis
979 3167 1065 3230 quarn
1089 3167 1180 3224 vere,
1203 3166 1220 3208 a
1243 3146 1393 3208 nonrrullis
1412 3144 1619 3227 jactabantur,
1646 3147 1824 3227 impugnare
1852 3145 1953 3206 conati
1974 3151 2051 3206 sunt:

689 3251 780 3313 multa
802 3270 859 3332 per
880 3269 1021 3313 summam
1044 3249 1218 3311 calumniam
1240 3245 1352 3307 Latinis
1376 3247 1612 3326 imputaverunt,
1642 3263 1720 3325 quae
1751 3260 1901 3324 nunquam
1931 3245 2050 3307 unirer-

689 3353 744 3417 sali
756 3352 912 3415 Ecclesiae
926 3369 1078 3414 consensu
1093 3356 1218 3429 recepta
1238 3346 1365 3424 iderant,
1390 3353 1440 3407 aut
1462 3345 1599 3408 fidelibus
1623 3343 1660 3405 ad
1683 3343 1865 3406 credendum
1888 3346 2049 3424 proposita:

690 3451 749 3531 ipsi
771 3455 800 3515 in
823 3458 1020 3538 gravissimos
1043 3471 1166 3516 errores
1190 3453 1323 3533 prolapsi
1345 3457 1426 3527 sunt,
1450 3446 1557 3528 quibus
1581 3450 1684 3506 carent
1707 3443 1887 3505 Orientales.
1934 3443 2050 3506 Sanein

690 3553 827 3615 omnibus
848 3554 991 3635 Liturgiis
1014 3571 1069 3634 pro
1092 3552 1150 3614 illis
1173 3549 1376 3613 tantummodo
1400 3546 1589 3622 Christianis
1613 3545 1664 3624 qui
1687 3544 1716 3604 in
1739 3541 1797 3605 lide
1820 3542 2048 3617 obdormierunt,

690 3670 799 3733 preces
822 3652 1007 3727 olleruntur,
1035 3671 1095 3715 non
1124 3669 1180 3732 pro
1204 3650 1390 3725 infidelibus,
1420 3649 1478 3708 nisi
1506 3663 1563 3726 pro
1592 3643 1650 3704 illis
1679 3644 1729 3723 qui
1759 3641 1855 3704 adbuc
1879 3644 1908 3703 in
1932 3641 2047 3704 saeculo

690 3754 841 3813 constituti
853 3752 890 3814 ad
901 3752 997 3814 Deum
1012 3753 1159 3827 converti,
1182 3758 1212 3813 et
1234 3750 1448 3830 poenitentiam
1471 3762 1565 3829 agere
1588 3750 1724 3822 possunt,
1747 3740 1786 3802 de
1808 3758 1936 3821 quorum
1958 3741 2048 3801 salute

690 3868 751 3912 non
774 3852 1009 3932 desperandum,
1040 3860 1070 3914 et
1092 3851 1207 3913 idcirco
1228 3867 1285 3929 pro
1313 3849 1370 3910 illis
1399 3846 1561 3922 orandum,
1593 3842 1702 3904 docent
1724 3841 1856 3902 lacobus
1881 3841 2046 3903 Edesscnus

691 3958 721 4012 et
743 3950 906 4032 Dionysius
935 3951 1099 4031 barsalibi,
1129 3950 1209 4031 quod
1238 3947 1471 4011 Ecclesiasticae
1502 3943 1630 4007 omnium
1660 3940 1852 4003 saeculorum
1882 3939 2047 4020 disciplinae

691 4053 845 4116 conforme
874 4059 928 4115 est.
975 4052 1047 4114 Cum
1078 4057 1181 4112 oratur
1211 4049 1312 4126 Deus,
1345 4056 1377 4110 ut
1405 4048 1516 4109 animas
1546 4060 1650 4105 eorum
1678 4040 1780 4121 quiin
1804 4038 1968 4101 Christiana
1991 4037 2045 4097 lide

690 4149 839 4228 vixerunt,
862 4155 949 4214 etiarn
972 4149 1171 4225 laudabiliter,
1195 4148 1304 4210 liberet
1326 4165 1343 4208 a
1364 4145 1472 4226 poenis
1495 4141 1612 4218 inferni,
1636 4159 1653 4202 a
1676 4137 1831 4202 doloribus
1855 4135 2045 4218 sempiternis,

691 4253 728 4315 ab
751 4254 822 4336 igne
845 4250 1080 4335 inextinguibili,
1110 4266 1171 4310 non
1202 4249 1241 4309 ita
1271 4246 1346 4307 hacc
1369 4231 1554 4324 intelligunt,
1582 4238 1752 4301 utiliorum
1783 4238 1912 4313 animas,
1946 4235 2044 4297 talibus

691 4354 853 4434 subjacere¹
883 4351 1036 4432 suppliciis
1069 4349 1251 4410 existiment.
1303 4346 1414 4407 Verum
1448 4343 1545 4404 statim
1581 4340 1727 4401 rationem
1756 4336 1952 4419 subjungunt,
1979 4333 2045 4413 quia

691 4453 789 4514 nullus
808 4452 957 4513 bominum
973 4448 1097 4511 mundus
1120 4467 1137 4509 a
1160 4455 1288 4527 peccato
1312 4452 1368 4521 est,
1391 4450 1514 4524 praeter
1524 4441 1627 4503 lesum
1639 4436 1803 4500 Christum:
1828 4435 1926 4497 nullus
1946 4435 2043 4494 timere

690 4569 752 4614 non
780 4551 870 4613 debet
897 4552 921 4611 si
953 4549 1034 4610 Deus
1065 4546 1219 4608 nobiscum
1248 4563 1309 4607 non
1338 4551 1408 4626 agat
1430 4540 1593 4603 secundum
1615 4537 1848 4600 misericordiam
1871 4552 1963 4609 suam,
1992 4530 2042 4592 sed

691 4652 856 4714 secundum
879 4656 1003 4730 peccata
1027 4654 1141 4707 nostra.
1186 4645 1254 4707 Non
1278 4645 1371 4726 igitur
1393 4643 1488 4723 inagis
1510 4640 1632 4720 impingi
1655 4636 1714 4698 illis
1724 4635 1828 4698 similis
1842 4652 1927 4696 error
1938 4637 2043 4713 potest,

691 4770 779 4832 quarn
792 4746 1088 4822 LatinaeEcclesiae,
1101 4764 1179 4826 quae
1195 4744 1385 4826 rogatDcum
1402 4750 1433 4804 ut
1449 4741 1555 4802 liberet
1570 4741 1688 4800 unimus
1700 4736 1832 4817 fidebam
1839 4732 2042 4811 desimcbnm,

690 4854 728 4913 de
747 4853 854 4930 poenis
875 4849 987 4928 insonti
1008 4848 1096 4908 etde
1113 4845 1268 4925 profundo
1291 4844 1374 4918 meu,
1398 4843 1436 4902 dc
1458 4860 1510 4902 cre
1532 4840 1635 4912 bonis,
1657 4857 1695 4897 ne
1717 4835 1879 4897 absorbem
1897 4849 1946 4892 eas
1966 4827 2041 4888 Tur-

689 4958 776 5035 tarus
804 4957 835 5011 ct
860 4957 894 5010 ut
922 4953 1079 5010 transcant
1106 4945 1145 5007 de
1172 4952 1267 5006 morte
1293 4942 1335 5004 cd
1363 4943 1466 5002 citam.
1512 4937 1586 5001 Cum
1608 4939 1695 4998 etiam
1718 4941 1824 5017 petunt
1845 4926 2002 4994 Orientales
2023 4943 2038 4985 a

689 5049 773 5128 Deo,
802 5056 834 5111 ut
857 5050 975 5109 caimos
994 5047 1124 5126 fidelium
1146 5045 1271 5106 collocet
1292 5043 1370 5103 inter
1391 5041 1499 5102 cbcros
1520 5038 1713 5117 Sanctorum,
1744 5037 1776 5095 in
1803 5035 1877 5095 locis
1902 5025 2037 5101 ammi&
